2975 4892
84 388 86 396 y
182 300 239 366 ln
268 297 494 366 consalu‘r.
513 297 665 365 roaru.
693 299 749 364 ns
776 298 913 364 cumn.
943 303 1021 366 an.
1051 302 1092 364 u.
1122 270 1208 383 697

123 455 218 518 archa
237 457 380 519 CPtanus
415 453 584 518 taxaretur
604 455 740 534 dictum,
769 458 801 517 in
825 479 861 519 eo
883 465 1004 518 tantum
1018 454 1211 518 'differentem

123 541 171 600 ab
191 543 247 601 ista
277 541 392 623 figura,
426 539 509 623 quod
541 539 572 600 in
593 559 712 600 summo
735 539 834 601 adbuc
863 551 1063 600 transversam
1093 538 1225 615 trabem

123 633 297 704 argenteam
324 623 453 699 habeat,
480 621 737 704 quemadmodum
761 626 826 705 ipsa
862 644 983 704 quoque
1010 625 1126 683 cornua
1160 621 1210 682 vel

122 707 321 766 manubrium
340 707 479 788 argentea
500 715 582 766 sunt.
623 704 688 766 Aut
708 708 800 767 fuisse
819 705 932 788 φεγγία
953 716 1054 766 nostra
1073 703 1147 765 tales
1159 704 1211 765 ba·

122 787 226 863 culos,
262 787 381 870 qualem
412 789 523 849 babere
555 790 740 869 conspicitur
776 787 827 848 ille
860 789 956 849 Basch
989 787 1210 848 Giauscbcrum

121 882 180 931 aut
216 873 388 953 capitaneus
422 870 616 934 ostiariorum
653 873 684 932 in
726 870 901 932 collectione
941 870 1123 932 Ferriolensi
1163 880 1212 930 ta-

120 951 265 1016 bularum
293 975 478 1035 aeneorum,
500 955 564 1018 tab.
591 954 639 1036 14.
676 955 707 1030 iu
727 954 809 1015 bunc
830 953 956 1016 modum
974 953 1209 1016 conformatum.

615 1087 723 1152 Graeci
743 1092 848 1154 lunam
876 1087 948 1150 olim
969 1081 1082 1167 σελήνη
1113 1099 1144 1150 et
1173 1079 1212 1145 ai-

616 1169 694 1255 στὴρ
721 1173 887 1252 vocabant,
924 1170 1062 1232 hodierni
1100 1170 1213 1254 φέγγος

616 1265 646 1316 et
664 1251 794 1338 φεγγῆν,
815 1253 875 1316 hoe
892 1264 938 1314 est
953 1249 1092 1336 φεγγών,
1112 1250 1213 1335 appel-

613 1333 689 1400 lant.
737 1341 827 1403 Patet
854 1338 967 1421 igitur,
996 1357 1092 1417 quare
1116 1333 1213 1396 baeu-

613 1419 659 1482 los
678 1420 796 1482 bicorni
817 1420 977 1482 manubrio
991 1421 1153 1480 instructos
1163 1421 1209 1479 lu·

613 1523 668 1564 aas
689 1504 739 1566 vel
759 1506 876 1565 Ιιωινὶαν
903 1501 1094 1585 appellarint.
1136 1501 1210 1563 Peri

614 1585 707 1647 modo
727 1585 891 1666 σεληνίδας
912 1585 986 1646 olim
1006 1582 1157 1645 vocabant
1172 1582 1212 1644 il-

614 1666 660 1730 las
684 1680 859 1730 senatorum
894 1667 1000 1728 calceis
1025 1678 1142 1728 assutas
1170 1666 1212 1728 ad

613 1752 709 1812 instar
720 1751 864 1813 dimidiae
883 1750 973 1811 lunae
992 1759 1093 1810 acutas
1111 1749 1210 1810 utrin-

613 1855 672 1915 que
693 1845 724 1896 et
745 1837 776 1895 in
796 1834 895 1895 media
927 1853 1014 1894 cavas
1041 1833 1207 1915 corrigias,

612 1918 685 1978 item
705 1913 880 2000 ἐπισφύρια
900 1911 1064 1996 μηνοειδῆ,
1086 1924 1116 1974 et
1136 1915 1213 1976 tales

614 1998 729 2060 calceos
749 1999 880 2084 appellat
894 1997 1029 2060 Herodes
1048 1996 1167 2058 Atticus
1179 1999 1213 2058 in

614 2082 743 2144 dedicat.
779 2091 896 2144 statuae
916 2079 1048 2162 Regillae
1081 2075 1212 2159 α’στερό-

616 2183 689 2226 εντα
711 2163 834 2243 πέδιλα,
853 2167 967 2226 laaatos
980 2163 1102 2224 calceos.
1129 2161 1209 2223 Nam

616 2243 635 2308 d
658 2241 759 2329 α’στῆρ
789 2249 861 2309 Ιωια
891 2259 957 2324 est3
986 2245 1049 2306 vid.
1079 2243 1207 2306 Salmas.

573 2349 583 2368 ·
617 2331 657 2391 ad
679 2329 765 2390 illum
786 2329 887 2391 locum
908 2352 939 2412 p.
961 2350 1001 2388 m.
1034 2325 1102 2388 152.
1126 2329 1210 2389 llaec

617 2412 694 2474 mihi
713 2414 827 2496 optima
855 2424 885 2473 et
912 2412 1064 2473 verissima
1090 2411 1212 2472 videtur

616 2518 651 2558 ex
673 2494 763 2560 ositio
782 2495 866 2557 vocis
883 2505 1009 2554 nostrae·
1027 2514 1102 2554 esse.
1124 2493 1210 2558 Nunc

118 2592 293 2655 proponam
314 2572 387 2636 alias
407 2572 482 2636 duas
502 2596 569 2638 mea
589 2518 713 2659 quidem
734 2579 880 2638 sententia
899 2580 1000 2636 minus
1017 2575 1208 2657 probabiles,

119 2655 181 2718 aed
201 2667 333 2718 statuant
353 2657 391 2720 de
409 2656 467 2719 illis
489 2660 610 2723 eruditi.
657 2661 794 2723 Primam
815 2659 938 2744 quidem
960 2657 1050 2717 banc.
1093 2658 1143 2739 Ap
1182 2659 1210 2720 l-

119 2739 231 2800 labant
253 2751 365 2802 veteres
388 2743 494 2802 Graeci
525 2737 653 2824 σελήνια
680 2745 804 2823 caluam
842 2742 906 2802 vid.
938 2739 1064 2800 Salmas.
1084 2680 1209 2823 Dialdg.

119 2824 166 2883 de
187 2825 282 2884 Coma
302 2827 380 2884 inter
403 2825 577 2885 Caesarium
597 2837 627 2887 et
649 2826 788 2888 Curtium
817 2847 848 2907 p.
869 2822 919 2886 36.
941 2823 1119 2884 Faciuntne
1136 2842 1208 2905 ergo
1289 2877 1299 2900 ,

112 2908 259 2991 plzengia
282 2906 381 2968 baculi
396 2929 470 2969 cum
491 2908 628 2990 capitulis
643 2913 779 2971 virorum
798 2909 892 2970 calvis
911 2906 1002 2968 ebore
1030 2903 1134 2979 factis,
1157 2917 1211 2967 aut

119 3000 252 3070 argento
276 3011 404 3066 aurove,
428 2990 532 3073 quales
552 2994 583 3051 in
597 2991 711 3054 baculis
725 2993 835 3054 nostris
849 2990 940 3051 bodie
970 2989 1089 3065 erimus,
1102 2989 1211 3050 Socra·

117 3083 172 3132 tes
194 3082 247 3131 aut
266 3071 402 3155 Aesopos
424 3095 442 3134 a
463 3073 644 3155 quibusdam
665 3075 783 3138 dictos?
803 3013 1030 3138 Secundabaee
1052 3083 1107 3132 est.
1128 3071 1210 3150 ‹bey-

119 3155 195 3233 yt'ov
214 3165 299 3216 notat
319 3158 406 3218 novis
424 3157 545 3218 Graecis
565 3159 715 3238 aimbzem,
736 3157 840 3241 quales
859 3160 938 3218 circa
958 3156 1139 3216 Sanctorum
1158 3175 1211 3214 ca-

118 3240 190 3318 pita
212 3241 386 3321 pinguntur.
427 3239 553 3300 Veteres
573 3263 624 3304 eos
653 3264 672 3304 a
692 3240 765 3302 luna
785 3243 898 3324 pariter
917 3239 1086 3318 μηνίσκους
1106 3235 1211 3318 appel·

118 3319 244 3380 labant.
287 3321 370 3399 Quid
391 3322 416 3383 si
439 3343 510 3406 ergo
538 3323 638 3385 baculi
665 3327 796 3407 pleagz'a
820 3323 869 3384 vel
889 3322 984 3385 nimbi
1001 3319 1073 3379 dicti
1092 3319 1211 3379 habue-

118 3405 192 3464 rint
212 3405 242 3462 in
264 3425 382 3465 summo
402 3409 513 3466 vertice
534 3405 653 3468 nimbos
671 3407 744 3468 tales
765 3429 818 3470 seu
830 3407 906 3467 latas
926 3401 1072 3464 rotundas
1091 3401 1210 3464 tabulas

119 3492 306 3566 argenteas?
356 3487 620 3565 Quemadmodum
650 3490 784 3551 scutiferi
811 3489 892 3571 apud
913 3488 1036 3547 Latinos
1055 3484 1134 3565 pilea
1155 3505 1209 3546 seu

118 3569 222 3651 pileos
242 3591 331 3651 super
359 3569 473 3631 baculis
503 3573 657 3654 gerebant.
713 3569 920 3633 Ceremoniale
935 3570 1106 3629 Romanum
1127 3567 1164 3628 L.
1184 3569 1209 3634 l.

119 3661 202 3712 sect.
227 3671 258 3711 a.
282 3650 403 3712 illorum
423 3652 569 3735 pileorum
592 3655 775 3717 mentionem
795 3655 868 3715 facit
887 3654 934 3713 bis
953 3650 1070 3710 verbis:
1092 3653 1144 3710 hos
1163 3672 1209 3710 se·

118 3747 256 3820 (fruentur
277 3748 404 3819 qrmtuor
425 3737 535 3796 nobiles
548 3739 636 3821 pilea
662 3751 790 3823 qttatuor
812 3737 851 3797 de
871 3736 1027 3796 crenaeu'no
1050 3755 1140 3816 supra
1157 3733 1210 3793 ba-

118 3819 207 3876 culos
228 3819 371 3902 quosdam
389 3818 573 3899 deserentes,
614 3823 647 3880 ui
667 3823 797 3899 soctfferi
816 3821 970 3880 honorarii
987 3829 1132 3876 vocantur
1159 3838 1210 3875 cu-

119 3901 275 3960 bil-adami.
330 3900 408 3961 Sane
435 3901 514 3962 infra
557 3843 652 3982 dm.
671 3903 706 3962 C.
724 3925 755 3984 7.
785 3904 898 3964 dicitur
917 3902 1109 3962 ostiariorum
1139 3897 1210 3958 bra·

121 3983 222 4044 heum
242 4003 295 4043 seu
317 3983 433 4066 insigne
454 4005 515 4044 esse
527 3980 646 4064 ράβδος
667 3984 917 4067 περικεφαλαίαν
937 3977 1073 4061 ἔχουσα,
1093 3981 1210 4039 baculm

119 4085 193 4124 cam
212 4067 359 4148 capitello.
376 4064 455 4126 lllud
471 4065 643 4148 capitellum
652 4089 713 4128 non
733 4068 854 4128 videtur
871 4065 966 4143 aliud,
987 4083 1078 4145 quam
1092 4072 1209 4143 tegmen

122 4147 296 4210 rotundum
315 4147 410 4210 latum
428 4149 466 4210 ad
487 4149 558 4232 pilei
574 4161 626 4212 aut
640 4150 715 4212 disci
734 4150 818 4233 plani
830 4149 958 4213 formam
979 4146 1090 4209 laetum
1109 4143 1211 4205 misse.
