2975 4892
180 328 238 396 An
265 329 520 397 ursunrcnu
549 333 626 394 nm.
654 331 680 394 1.
711 331 989 432 nnnnuruou.
1051 305 1132 423 593

53 485 121 546 Ηαα
139 493 187 546 est
201 483 278 546 illud
297 481 488 566 παρόθνρον
507 481 719 565 προσκήνιον,
749 485 832 567 quod
852 499 999 550 memorat
1018 489 1135 554 Nicetes

51 586 122 650 pag.
140 565 211 628 205.
227 567 265 628 C.
281 591 332 652 7.:
359 559 376 626 ό
405 561 557 646 βασιλεὺς
586 561 783 645 τραπόμενος
805 568 851 639 εἰς
870 561 1010 632 ἐστιἀσιν
1028 573 1135 634 πᾶσαν

51 651 117 712 τοῖν
137 645 281 728 ἀρχαίων
302 647 397 730 ιῖνῆκε
431 645 533 729 πόλρν
555 637 682 710 niterer
703 650 761 712 καί
787 645 977 732 παρόθσρον
999 651 1136 734 πρασιι’-

51 753 141 809 νιον,
165 724 246 792 ὥστε
277 726 351 803 rode
376 731 587 810 βουλομένοις
618 731 751 794 εἰσιέναι
779 732 834 794 eoi
865 733 1005 797 θεᾶσθαι
1035 735 1135 798 orirer

51 813 276 895 τροπαιοῦχον.
317 816 428 876 &ram
449 813 563 895 palatio
584 835 691 894 regum
710 815 902 876 Persicorum
917 837 980 880 esse
993 817 1054 880 tale
1065 821 1134 902 pnl-

74 899 174 974 itnm,
197 897 315 979 asylum
336 897 408 958 illae
428 897 685 978 confugientibus,
718 899 842 960 memini
863 900 945 982 apud
965 901 1135 966 Sansonurn

50 919 163 1061 legere.
204 979 248 1040 Et
267 1001 383 1042 morem
404 977 494 1040 fuisse
514 979 693 1041 Latinorum
714 1001 836 1064 quoque
856 981 946 1042 medii
973 988 1038 1046 aevi
1066 984 1135 1068 pul·

73 1067 116 1123 ita
135 1084 238 1124 coram
257 1063 373 1125 foribus
392 1064 514 1123 aedium
535 1083 660 1124 suarum
682 1065 832 1142 struendi,
890 1074 933 1128 tet
958 1067 1134 1132 eChronico

51 1085 244 1212 laurisham.
271 1165 352 1207 anno
382 1143 474 1228 oili:
498 1147 675 1230 paradisum
702 1159 792 1206 totrou
817 1166 843 1228 p
875 1145 942 1209 mbo
967 1155 1132 1234 ooopemit,

48 1226 170 1313 pulpita
189 1242 258 1289 aute
266 1241 372 1313 portas
391 1229 521 1289 eundem
536 1228 866 1313 paradisiscbricanit.

132 1313 172 1371 B.
186 1313 217 1376 5.
232 1311 318 1396 βαρ,
334 1309 384 1394 4.]
405 1300 451 1382 εἷς
468 1302 564 1391 ἅγιος.
606 1313 653 1371 lta
667 1310 744 1372 mibi
767 1313 848 1372 visus
870 1312 914 1373 fui
930 1315 963 1374 in
985 1313 1137 1378 membra·

52 1392 589 1558 iii‘ffifflissmiirwiiii'iiii
606 1385 841 1560 tir-..trit
854 1388 974 1558 ,⁰²3th
994 1419 1137 1545 ἔαῖᾚ

52 1558 159 1620 titulus
176 1559 355 1641 Imperatori
372 1523 563 1644 ’competens
853 1524 864 1558 ¹

136 1641 176 1704 C.
190 1643 221 1703 3.
235 1641 333 1726 βαρ,
361 1639 426 1724 ιι.]
456 1637 653 1702 ιῖσιιέπαστον
678 1627 886 1718 ἱππόδρομον.
931 1641 1061 1704 Videtur
1078 1665 1138 1708 ιιοιι

54 1736 157 1783 tectum
177 1726 226 1786 vel
240 1727 393 1810 aprr'ocn,
416 1721 474 1785 snb
490 1723 574 1784 nudo
591 1723 664 1782 love
677 1721 830 1805 positum,
850 1723 980 1803 eddere,
999 1739 1138 1808 respectu

54 1803 159 1867 babitu
181 1808 220 1868 ad
239 1811 371 1889 porticus
389 1808 473 1868 nimi.
516 1803 594 1866 vutt
611 1823 684 1886 ergo
701 1803 831 1877 medina
864 1827 987 1886 aream,
1016 1809 1047 1868 in
1078 1831 1140 1891 que

55 1887 221 1950 decurrunt
243 1893 312 1973 equi
335 1901 503 1967 certantes,
531 1889 699 1969 designare.
739 1885 800 1946 sed
828 1899 864 1948 nt
890 1909 996 1950 verum
1022 1890 1139 1971 fatear,

56 1969 154 2033 locum
170 1972 252 2034 hunc
268 1993 330 2034 non
347 1971 505 2055 intelligo,
528 1982 564 2032 ut
579 1969 691 2032 multos
710 1967 806 2047 elios,
829 1973 882 2052 qui
909 1973 1138 2056 topogmphiam

55 2053 207 2116 CPtanem
238 2067 396 2138 speciant,
423 2075 499 2138 quos
527 2075 617 2114 nemo
648 2071 784 2134 nuquam
807 2052 970 2136 intelliget,
999 2058 1057 2116 nisi
1086 2059 1140 2140 qni

56 2134 119 2199 loen
138 2140 207 2222 ipsa
227 2140 416 2222 spectaverit.
456 2139 562 2214 Quum
586 2156 660 2198 vero
679 2134 748 2195 loen
763 2129 814 2194 illa
836 2135 985 2200 destmcte
1001 2149 1032 2200 et
1051 2161 1139 2222 pror-

57 2239 105 2280 sns
118 2233 237 2282 mutate
254 2225 332 2298 sint,
353 2220 440 2282 iecile
459 2219 571 2302 liquet,
603 2238 744 2300 magnam
771 2228 888 2298 partem
909 2221 998 2282 huius
1026 2223 1138 2286 codicis

57 2306 86 2362 iu
105 2316 266 2366 aeternnm
284 2308 461 2387 mysterium
482 2305 557 2364 iore.
596 2301 700 2362 Potest
724 2321 851 2382 quoque
879 2303 910 2364 id
936 2325 971 2364 ex
991 2305 1050 2365 hoc
1072 2305 1139 2368 loco

57 2407 115 2446 nnn
138 2390 207 2449 sine
225 2391 355 2448 maxima
373 2384 587 2470 probabilitate
607 2384 696 2458 effici,
717 2383 781 2443 duo
801 2383 891 2446 inisse
913 2387 1017 2448 Circos
1039 2387 1137 2469 CPli,

45 2488 150 2537 ,unum
182 2474 367 2552 superiorem
396 2470 536 2540 dietum,
565 2467 642 2528 velis
669 2487 724 2550 per
752 2469 868 2527 circum
896 2470 1028 2530 medium
1050 2491 1139 2554 super

58 2551 185 2614 chordas
206 2554 343 2616 diductas
362 2555 454 2614 tentis
475 2563 506 2612 et
525 2553 661 2612 instratis
682 2571 744 2609 non
764 2559 903 2632 tectum,
925 2547 980 2612 τόν
1001 2550 1139 2615 dotrina-

58 2655 152 2712 οτον,
172 2633 269 2698 elium
290 2637 463 2698 inferiorem
483 2634 616 2707 dictum,
649 2632 726 2692 velis
747 2640 872 2692 tectam.
915 2633 974 2694 Sed
996 2633 1072 2695 haee
1092 2657 1141 2698 res

58 2717 96 2776 ad
115 2719 292 2780 Circensem
311 2719 544 2803 disputationem
566 2718 717 2799 pertinet,
750 2733 843 2796 quem
869 2720 902 2778 in
933 2719 1140 2799 superioribus

58 2801 226 2863 attulimus.

135 2885 174 2946 C.
192 2888 223 2968 ρ.
241 2882 331 2968 βαρ,
348 2883 408 2970 rib]
425 2878 549 2965 αἴτησις
570 2877 707 2960 διξόμοα.
749 2880 782 2944 Si
802 2879 876 2966 qnid
898 2878 938 2941 ab
957 2879 1140 2965 imperatore

58 2979 177 3047 cuperet
201 2967 343 3049 populns,
364 2969 397 3028 id
417 2968 499 3028 claro
519 2965 651 3028 clamore
668 2965 700 3024 in
713 2963 802 3028 Circo
817 2964 982 3046 flagitabat.
1004 2967 1136 3046 Quando

59 3049 148 3129 igitur
170 3049 342 3134 flagitarent
360 3073 393 3112 se
416 3051 455 3112 ad
477 3047 679 3112 venerandum
692 3067 809 3110 sacram
838 3065 1003 3130 purpuram
1022 3050 1140 3113 admitti

60 3135 229 3211 gratulandi
262 3137 359 3216 gratie
390 3133 431 3195 ob
447 3145 554 3195 netum
574 3131 755 3208 haeredem,
787 3131 828 3194 ob
857 3131 973 3193 felicem
993 3131 1034 3192 ab
1053 3129 1141 3198 hoste

60 3217 136 3276 victo
156 3217 311 3294 reditum,
330 3215 373 3277 ob
395 3215 518 3277 ductant
539 3215 708 3297 Augustam
730 3215 813 3276 tbori
834 3213 967 3288 sociam,
990 3213 1031 3276 ob
1052 3229 1140 3279 ncta·

61 3292 100 3356 les
119 3300 241 3383 imperii
262 3310 293 3360 et
311 3299 477 3360 nativitatis
496 3309 678 3370 renovatos,
705 3309 735 3358 et
757 3297 814 3360 alia
844 3298 935 3372 talio,
962 3307 1036 3360 tunc
1057 3300 1141 3360 dice·-

61 3375 146 3442 betnc
165 3378 293 3462 αἴτησις
315 3380 374 3442 τοῦ
388 3380 514 3459 detritos>
525 3427 534 3456 ‚
543 3380 698 3466 flagitatio
722 3384 903 3465 exceptionis
920 3379 969 3441 vel
987 3395 1142 3464 ιτερατα-

62 3464 142 3524 doun
162 3465 243 3526 lieri.
285 3464 361 3524 Nam
388 3459 423 3524 τό
446 3465 572 3542 δέξιμον
595 3463 676 3523 idem
697 3475 741 3524 est
761 3475 853 3546 atque
881 3461 987 3541 όοχὴ,
1016 3465 1142 3546 receptio

62 3545 243 3609 armna
258 3557 313 3607 ent
321 3547 515 3630 praestolatio
527 3545 695 3617 admonui,
721 3558 775 3606 ant
794 3548 875 3607 idem
894 3545 978 3626 qnod
1000 3543 1142 3618 δεξιααις

63 3627 115 3688 τοῦ
133 3625 389 3713 προσελθόντος,
418 3630 616 3691 benenerrtctrb
644 3647 746 3689 norom
780 3629 974 3689 aduenientis.
1014 3629 1056 3688 Et
1076 3629 1141 3690 fieri

64 3705 182 3790 όὲξιμον
221 3711 401 3786 dicebamr,
431 3713 553 3795 quando
581 3712 751 3793 Imperator
781 3713 919 3794 proceres
945 3720 989 3770 et=
1003 3723 1141 3774 senatum

64 3793 210 3856 urbanum
236 3806 268 3856 et
299 3799 456 3877 magistros
487 3796 655 3856 faedonum·
681 3794 721 3855 ed
738 3815 772 3854 so
799 3793 988 3854 adorandum
1015 3805 1045 3854 et
1080 3797 1139 3858 sibi
1181 3831 1185 3839 =

41 3876 42 3881 ’
65 3878 273 3954 &mutandum
293 3878 476 3940 admitteret.
1221 3869 1225 3880 ’

42 3958 44 4033 ,
139 3962 181 4021 1).
199 3983 228 4022 1.
242 3959 328 4044 [507,
350 3961 410 4043 ιρ.]
432 3951 647 4042 καριιανόμοο.
670 3955 852 4020 Patriciatns
864 3956 974 4020 dicitnr
993 3957 1056 4038 sie,
1070 3959 1142 4044 quia

43 4044 127 4119 jpost
154 4043 331 4186 liuprstum
361 4044 495 4128 patriciis
522 4043 644 4125 proprie
674 4043 863 4122 competebat
885 4043 992 4104 titulus
1022 4037 1141 4122 πόριος.

66 4122 133 4204 legi
152 4128 187 4185 in
237 4126 353 4208 rocopii
378 4125 677 4202 lacedaemone,
710 4125 792 4186 nude
812 4125 870 4186 bno
892 4125 1014 4208 probari
1035 4128 1140 4208 possit.

45 4196 47 4266 l
67 4201 121 4266 Sed
141 4229 204 4269 non
226 4211 366 4284 emtori,
389 4230 487 4291 neque
507 4226 590 4269 nunc
612 4210 768 4292 quaerenti
795 4212 953 4272 succurrit.
998 4205 1045 4268 Cl.
1067 4207 1142 4270 Cor·

46 4306 48 4326 ό
99 4322 296 4379 comantem
314 4322 448 4397 Perler.
469 4323 527 4378 Vol.
545 4321 582 4377 11.
917 4321 951 4378 38
