2975 4892
327 306 376 360 to
553 303 607 366 10.
638 301 716 368 th.
747 304 892 368 etism}
918 299 1201 368 commutasti

322 465 366 518 est
387 475 417 537 p.
432 454 502 536 37⁰·
525 455 564 517 D.
585 455 642 515 orla
668 452 752 533 ἴστε,
781 445 850 532 ὅτι,
877 447 981 536 ὥσπερ
1005 449 1129 537 ἧγεμών
1150 448 1207 514 sni
1225 449 1406 533 βασιλεῦς,

324 529 572 621 ὅτανπροέλθῃ,
593 533 663 600 τότε
683 537 864 620 σαφέστατα
883 534 1014 619 ὁρᾶται,
1045 531 1100 597 καὶ
1121 535 1175 596 δεῖ
1187 534 1288 618 μηρὸν
1307 537 1406 616 ‹tyer-
1472 566 1473 573 ο

320 619 372 691 ric
395 619 476 699 μηδὲ
497 615 630 701 αἰσχρὸν
651 627 759 682 ποιεῖν·
787 618 1012 700 παραπλησίως
1032 614 1225 697 καὶδῆμος,
1254 609 1332 680 ὅταν
1351 618 1406 692 οἷς

321 695 419 764 velet
442 705 501 775 (ita
526 701 596 785 leg.)
628 701 767 786 προέλθῃ
795 699 852 763 καὶ
877 695 1004 784 α’θρίοος
1026 699 1166 781 γένηται,
1187 703 1404 780 ignoratisne,
1472 736 1474 767 i

320 784 585 866 quemadmodum
607 785 677 847 dux
705 786 907 866 (praefectus,
927 795 1122 866 propraetor,
1148 784 1309 866 proconsul
1318 786 1340 861 ,)
1367 795 1405 844 et
1471 818 1474 853 i

321 868 503 948 Imperator
524 868 698 950 procedens
717 869 892 929 clarissime
917 867 1123 949 conspicitur,
1147 879 1178 926 et
1201 866 1404 941 observatur,
1470 902 1474 937 ρ

322 949 466 1032 adeoque
489 961 562 1010 tnnc
585 952 733 1033 temporis
759 950 850 1012 debet
870 951 932 1012 sibi
956 951 998 1011 ab
1021 948 1171 1009 indecoro
1191 961 1222 1008 ct
1244 947 1405 1009 illiberali

321 1033 409 1092 omni
418 1029 570 1110 facinore
587 1051 696 1092 cavere
711 1057 721 1090 .·
735 1033 784 1093 ita
796 1051 917 1114 quoque
927 1052 970 1115 po
993 1031 1078 1090 ulum
1098 1029 1244 1109 (debere),
1265 1029 1404 1112 quando

319 1112 477 1194 procedat
499 1127 529 1172 et
549 1113 716 1195 confertim
733 1116 826 1176 colat
841 1126 898 1175 etc.
973 1123 1088 1174 onstrat
1107 1112 1158 1172 hic
1178 1112 1260 1177 locus
1281 1123 1405 1172 veteres

248 1197 251 1203 ’
323 1195 476 1276 Augustos
501 1197 643 1258 Caesares
662 1199 777 1258 Romae
804 1199 1007 1279 processiones
1026 1194 1209 1273 celebrasse,
1238 1204 1268 1254 et
1288 1194 1328 1254 ab
1350 1194 1405 1256 his
1472 1252 1474 1275 ᾖ

322 1281 549 1358 processionum
570 1280 803 1362 Byzantinarum
821 1281 968 1362 originem
987 1276 1294 1360 potiusrepetendam
1312 1297 1404 1356 csse,
1472 1326 1473 1359 5

323 1381 436 1440 quam,
458 1362 539 1442 quod
561 1361 694 1423 fecerunt
716 1365 776 1422 viri
796 1364 888 1438 docti,
911 1383 930 1422 a
948 1373 1061 1443 septem
1083 1359 1142 1422 illis
1164 1359 1330 1420 Consulum
1342 1369 1406 1420 sta·

323 1445 363 1502 tis
389 1465 443 1522 pcr
471 1465 583 1504 annum
615 1445 798 1508 solemnibus
817 1447 849 1506 in
880 1445 1001 1505 Circum
1021 1442 1271 1524 processionibus.
1322 1441 1406 1502 Sunt

324 1527 422 1601 enim,
450 1529 481 1586 ni
508 1525 616 1604 fallor,
644 1527 701 1589 hae
733 1538 848 1610 septem
876 1526 1041 1588 Consulum
1072 1525 1275 1606 processiones
1301 1523 1405 1586 multo

323 1611 502 1670 recentiores
522 1613 691 1689 primorum
713 1611 877 1672 Caesarum
896 1621 1002 1670 aetate.
1044 1607 1201 1689 Byzantini
1219 1618 1320 1667 autem
1342 1607 1406 1666 lm·

323 1701 488 1770 pecatores,
502 1712 562 1752 non
571 1705 632 1754 tarn
645 1694 803 1771 Consules,
818 1715 910 1776 quam
920 1694 1117 1772 imperatores
1125 1690 1276 1749 Romanos
1288 1691 1407 1748 imitari
1472 1748 1473 1757 ,

323 1773 502 1851 studebant,
530 1787 582 1836 aut
603 1778 702 1858 potius
722 1777 881 1836 amborum
901 1794 1057 1856 personam
1086 1783 1117 1832 et
1141 1774 1245 1830 munia
1271 1773 1405 1831 sustine-

323 1854 409 1916 bant.
472 1859 552 1935 Quia
580 1879 652 1920 vero
680 1861 712 1918 iu
740 1857 851 1919 talibus
879 1854 1117 1937 procesu'onibua
1148 1854 1345 1935 Imperatores
1371 1866 1406 1914 et
1472 1856 1473 1861 ’

323 1939 515 2018 Magistratus
537 1961 679 2020 magnum
705 1959 865 1998 numerum
889 1939 1052 2014 comitum,
1080 1939 1277 2018 stipatorum,
1306 1957 1406 2018 appa·

323 2022 452 2078 ritorum
483 2041 585 2079 secum
613 2021 884 2096 habebantsinde
916 2021 1046 2098 factum,
1066 2031 1102 2080 ut
1120 2019 1270 2095 officium,
1299 2019 1331 2078 id
1355 2029 1406 2079 est
1472 2086 1473 2103 ρ

325 2103 517 2179 comitativa,
537 2113 602 2161 tota
626 2103 734 2164 cohors
763 2102 888 2162 alicuius
911 2106 1101 2184 magistratus
1119 2102 1306 2182 dispositioni
1328 2101 1405 2162 sub-

323 2183 408 2260 dita,
435 2181 635 2264 προέλεοσις,
665 2183 814 2265 πρόοδος,
840 2186 1114 2265 προελεοσιμαῑοι,
1134 2185 1315 2245 dicerentur.
1355 2182 1407 2242 lta
1472 2258 1473 2265 ρ

325 2265 513 2346 Nicephorus
534 2266 711 2326 Patriarcha
736 2267 877 2328 CPtanus
923 2266 1015 2331 .236.
1038 2269 1197 2346 Breviarii,
1217 2265 1279 2326 τοῖν
1306 2258 1407 2346 προό·
1472 2276 1473 2281 ’

325 2346 389 2407 dccv
412 2342 533 2424 οἴκους,
560 2343 615 2419 οὓς
633 2346 791 2425 Ῥωμαῖοι
814 2289 942 2429 oespllc
965 2349 1116 2426 καλοῦσι,
1137 2359 1295 2408 memorat.
1336 2347 1408 2408 Ubi

324 2422 456 2509 apiolas
475 2430 551 2492 nihil
573 2429 656 2491 aliud
680 2440 863 2513 sunt‘quam
881 2433 1066 2508 tribunalia,
1087 2451 1223 2492 camerae
1235 2428 1405 2507 iudiciales,

315 2513 546 2594 expeditiones,
568 2511 686 2594 officia,
709 2515 829 2575 diversa
850 2514 1039 2576 diversorum
1058 2515 1277 2596 praefectorum
1298 2513 1405 2595 dispo·

327 2597 426 2657 siticni
451 2597 605 2657 attributa.

407 2679 518 2739 Variae
539 2689 625 2740 erant
645 2690 781 2739 veterum
799 2682 1019 2763 Imperatorum
1039 2681 1127 2744 Rom.
1147 2680 1349 2763 processiones
1371 2680 1406 2738 in

327 2761 532 2840 Capitolium,
561 2762 600 2821 ad
628 2761 732 2823 limina
757 2763 837 2825 lovis
861 2764 1047 2845 Capitolini,
1075 2764 1196 2846 quando
1224 2773 1278 2822 aut
1298 2781 1406 2821 recens

326 2842 444 2902 adirent
472 2845 651 2922 imperium,
673 2856 726 2905 aut
757 2848 886 2908 victores
909 2867 927 2906 e
947 2849 1053 2906 castris
1076 2847 1232 2906 redirent:
1262 2846 1335 2902 item
1365 2842 1406 2903 ad

326 2925 455 2986 aliorum
476 2926 601 2985 deorum
631 2925 740 3001 aedes,
776 2931 800 2988 si
825 2929 908 3008 quod
930 2939 1040 2988 statum
1065 2927 1196 2988 solemne
1226 2925 1407 2986 sacrificitun

328 3007 450 3068 deberet
472 3007 635 3083 celebrari,
657 3027 749 3087 porro
770 3011 802 3069 in
817 3020 936 3090 castra,
956 3013 996 3071 ad
1015 3011 1125 3070 horrea
1138 3009 1270 3091 publica,
1291 3029 1405 3091 aquae-

328 3090 454 3166 ductus,
480 3089 597 3172 aliaque
616 3110 708 3170 opera
731 3093 900 3172 spectanda.
941 3096 1028 3172 Quae
1041 3095 1142 3153 omnia
1156 3091 1327 3174 Bymntinis
1341 3092 1407 3150 Im-

328 3173 517 3254 peratoribus
539 3184 640 3233 exacte
660 3173 902 3253 repraesentata}
923 3186 958 3236 ut
977 3199 1032 3258 per
1047 3187 1146 3236 totum
1160 3196 1237 3256 opus
1255 3175 1407 3234 Constan-

313 3259 385 3325 ,tini
403 3267 545 3340 apparet,
567 3258 600 3316 in
624 3276 766 3337 processu
786 3258 898 3318 horum
924 3271 1097 3320 nostrorum
1119 3259 1291 3318 Commeat.
1314 3267 1405 3317 nota·

309 3333 441 3400 [bimus.
482 3337 672 3422 *[0riginern
686 3344 910 3419 processionum
932 3342 1101 3403 solennium
1122 3360 1185 3400 non
1204 3341 1244 3402 ad
1267 3338 1405 3481 gmtiles,

328 3422 380 3482 sed
404 3423 443 3482 ad
467 3421 652 3484 Christianos
673 3421 860 3483 referendam
882 3447 945 3486 esse
968 3427 1011 3486 ait
1034 3425 1212 3506 Maragnoni
1231 3421 1271 3482 dc
1296 3442 1405 3482 ecose

325 3504 514 3583 gentilesclse
537 3505 651 3566 Rornae
680 3503 768 3584 1746.
790 3507 866 3587 Cap.
883 3506 966 3590 31.]*
1015 3507 1082 3587 Ego
1102 3527 1175 3567 vero
1199 3527 1284 3566 secus
1306 3504 1406 3565 existi·

329 3607 422 3647 mem.
463 3587 626 3750 Dionppius
643 3586 798 3649 Halicarn.
814 3592 858 3650 ait
878 3591 1009 3652 Numam
1031 3589 1106 3650 tales
1127 3590 1329 3670 processiones
1344 3589 1406 3648 iam

331 3671 501 3730 instituisse.
575 3671 712 3730 Museum
734 3670 913 3734 Odescalchi
930 3675 970 3732 T.
981 3673 1024 3732 11.
1054 3694 1086 3733 n.
1110 3671 1160 3734 86.
1173 3671 1405 3755 processionem

331 3752 468 3827 exhibet,
491 3749 543 3812 ubi
566 3773 644 3812 unus
664 3763 765 3833 portat
785 3756 896 3817 Isidem
921 3753 1010 3837 etc.]*
1059 3756 1102 3815 Et
1122 3755 1197 3816 tales
1222 3756 1405 3828 lsiacorum,

332 3833 507 3910 Gallorum,
537 3833 723 3915 Agyrtarum
756 3836 943 3919 aliorumque
974 3837 1164 3899 sacerdotum
1191 3839 1345 3898 Romanae
1376 3845 1406 3894 et

332 3919 506 3998 peregrinae
523 3920 740 3997 superstitionis
753 3941 824 3980 cum
843 3923 935 3982 tensis
955 3923 1104 3999 Deorum,
1123 3919 1268 4004 cymbalis
1285 3930 1316 3980 et
1332 3928 1406 3998 tym

332 4003 444 4080 panis,
473 4003 676 4079 processiones
705 4002 843 4082 publicae
871 4002 911 4062 ad
933 4001 1100 4065 Almonem
1125 4003 1247 4066 lavandi
1276 4000 1405 4062 numinis

332 4103 442 4158 carisa,
464 4083 605 4162 alioque,
625 4095 688 4144 tam
704 4084 873 4165 frequentes
892 4096 963 4146 sunt
984 4089 1016 4146 in
1040 4099 1178 4148 veterum
1194 4083 1406 4154 monumentis,

334 4177 367 4228 ut
382 4167 585 4248 processiones
607 4165 783 4232 christianas
800 4190 823 4230 a·
838 4168 999 4250 gentilibus
1013 4191 1149 4240 manasse
1168 4167 1286 4236 nullum
1305 4168 1344 4232 sit
1355 4163 1407 4228 du-
