2975 4892
160 266 216 332 aa
244 265 468 333 conemur.
500 263 649 331 roura.
673 265 728 330 ns
756 263 895 329 carru.
924 265 1003 329 err.
1034 211 1075 329 u.
1107 232 1194 321 855

10 396 17 415 ⁵
91 422 184 481 versi
212 420 342 497 fuerint,
364 440 426 481 non
448 416 553 503 liquet.
596 414 690 479 Forte
712 416 881 480 mercedem
901 418 1102 481 nummbent
1119 437 1194 481 oon·

10 564 11 571 χ
89 502 203 567 ductis
223 502 406 579 artificibus,
435 512 488 563 aut
507 501 632 561 narrlum
652 520 708 583 pro
727 498 855 563 officinis
879 498 1001 573 elocatis
1021 499 1190 585 exigebant.

14 648 17 656 ,
91 584 255 668 Exprimit
278 580 463 663 μειζότερος
490 585 632 645 Latinum
654 583 744 649 modii
766 585 832 645 aevi
861 586 978 656 maior,
1008 584 1047 645 de
1076 605 1138 668 quo
1157 606 1192 647 r.

89 666 157 727 Du
181 670 283 751 Gange
304 666 355 727 Gl.
379 668 447 727 Lat.
470 666 503 726 h.
527 686 557 726 v.
577 688 633 749 pro
654 676 812 739 curatore,
835 666 997 747 praefecto,
1018 667 1100 729 unde
1112 668 1194 751 apud

11 792 16 823 r
90 770 160 811 nos
184 761 319 832 superest
339 748 521 811 vocabulum
541 750 661 829 Meyer.
704 747 903 830 Μειζότερος
922 768 978 832 pro
996 747 1113 827 peltes
1132 752 1195 813 iam

88 833 187 914 apud
208 832 350 894 illalalam
371 832 410 894 T.
428 833 468 891 ll.
492 854 522 915 p.
542 832 613 893 256.
641 853 681 907 r.,
702 832 743 893 do
765 834 850 892 errius
870 833 1002 893 auctoris
1022 842 1119 893 aetate
1140 834 1195 893 lu·

10 990 12 996 ¹
90 918 234 977 atiniaco
267 912 385 998 aequali
416 914 555 977 dubitare
588 935 650 976 non
680 913 811 975 debebat
834 914 962 996 Hodyus
989 914 1032 976 ob
1052 915 1194 979 dictionis

89 1001 218 1059 sordes.
263 998 353 1059 istius
373 1000 432 1057 iarn
449 998 560 1059 saeculi
583 1009 614 1058 et
635 999 791 1057 ratiocinia
812 998 914 1079 inepta
939 1007 1026 1058 erant
1046 1008 1077 1058 et
1099 997 1192 1061 dictio

10 1134 12 1139 .
89 1093 283 1143 monstrosa.
327 1080 372 1141 Ex
393 1102 454 1162 quo
473 1082 637 1141 Christiani
658 1078 795 1140 doctores
816 1082 939 1143 turbare
952 1078 1106 1163 publicam
1126 1102 1193 1143 rem

10 1160 13 1167 ’
88 1163 260 1225 inutilibus
280 1164 525 1247 quaestionibus,
547 1165 723 1246 omissisque
744 1160 851 1223 studiis
881 1163 1052 1224 litterarum
1081 1162 1193 1227 huma·

89 1251 223 1309 nicrum
245 1248 283 1311 ad
304 1241 521 1329 speculationes
541 1244 702 1321 ridiculas,
726 1256 758 1305 et
777 1266 851 1326 quas
871 1268 909 1307 ne
929 1248 987 1329 ipsi
1000 1246 1123 1328 quidem
1144 1248 1194 1309 in·

10 1394 12 1401 ,
90 1329 288 1413 telligerent,
312 1329 429 1410 prolabi
452 1340 638 1411 coeperunt,
661 1330 752 1411 periit
769 1330 869 1389 omnis
898 1331 931 1390 in
957 1330 1118 1413 cogitando
1143 1350 1195 1393 rc·

10 1414 13 1421 '
90 1412 230 1490 ctitudo,
252 1410 427 1474 indictione
445 1416 649 1497 perspicuitas,
673 1432 746 1471 cura
768 1422 798 1472 et
819 1414 914 1473 nitor.
957 1412 1103 1474 Nontam
1121 1412 1194 1475 bar·

92 1494 185 1559 baris
214 1494 406 1575 barbariem,
428 1516 520 1578 quam
541 1495 719 1557 Christianis
738 1492 895 1557 debemus.
935 1493 1036 1573 Vide,
1062 1508 1195 1579 quantus

10 1638 12 1655 ,
91 1590 226 1658 tumor,
260 1590 373 1661 quanta
399 1579 596 1661 peregrinitas
625 1582 658 1639 iu
679 1578 791 1640 Codice
817 1576 1066 1653 Theodosianeo,
1100 1602 1194 1661 quam

10 1666 11 1671 ’
90 1680 163 1721 non
192 1660 280 1723 anilis
302 1682 390 1744 saepe
410 1662 594 1744 Procopius,
625 1662 765 1724 omnium
793 1661 851 1723 sibi
885 1659 1055 1742 aequalium
1072 1660 1192 1744 'absque

93 1748 305 1805 controversia
326 1748 479 1826 optimus,
503 1766 594 1827 quam
614 1756 717 1805 coacta
738 1754 769 1805 et
788 1744 976 1807 Latinissans
995 1764 1061 1804 erus
1085 1743 1190 1806 dictio.

92 1826 282 1889 Affectatum
307 1828 480 1902 artificium,
502 1848 556 1909 per
577 1828 660 1911 quod
681 1826 959 1889 oratioCimmeriis
983 1826 1118 1889 tenebris
1137 1828 1193 1889 tie·

94 1922 150 1970 ret
169 1910 344 1984 obscurior,
379 1910 462 1973 laudi
485 1920 563 1986 erat,
596 1922 626 1971 et
646 1921 732 1970 tanto
756 1910 885 1993 quisque
906 1908 1046 1986 doctior,
1076 1920 1192 1992 quanto

94 1993 315 2057 Cassiodorurn
330 2002 360 2054 et
374 1992 486 2055 similes
509 2004 675 2075 superaret.
719 1994 779 2053 Sed
800 1992 858 2053 hcc
887 1994 920 2052 in
948 1996 1091 2057 transitu·
1133 1992 1191 2052 So·

10 2086 12 2095 ’
94 2075 236 2137 loeeismi
249 2076 298 2154 hi,
324 2076 428 2157 quales
443 2086 514 2137 suut
536 2070 717 2154 μειζότερος
733 2086 764 2137 et
784 2075 910 2149 similia,
933 2076 1057 2135 fuerunt
1069 2074 1194 2162 quidem

96 2180 257 2241 nunquam
280 2180 341 2219 non
362 2161 394 2219 in
416 2180 472 2219 usu
494 2158 573 2241 apud
595 2158 740 2241 vulgum,
763 2157 815 2219 sed
835 2160 995 2239 scriptores
1015 2156 1062 2222 vel
1087 2178 1197 2242 parum

10 2244 12 2261 '
96 2241 265 2323 elegantiae
287 2262 436 2305 memores
463 2242 502 2303 ab
523 2242 560 2301 iis
580 2242 638 2303 sibi
660 2241 861 2301 abstinebant.
903 2239 1066 2301 Christiani
1088 2241 1196 2306 docto·

95 2344 150 2384 res
170 2346 204 2385 ex
226 2346 286 2406 quo
307 2334 470 2407 coeperunt
491 2323 629 2389 homilias
649 2346 718 2385 suas
739 2324 813 2384 tales
827 2326 857 2385 in
873 2320 971 2383 lucem
986 2323 1095 2402 edere,
1117 2344 1194 2406 qua·

94 2406 145 2467 les
166 2428 200 2470 es
212 2408 343 2469 ambone
364 2406 548 2485 effuderant,
569 2408 657 2487 periit
669 2408 767 2469 omnis
779 2406 878 2467 honor
890 2406 1008 2467 litteris.
1051 2405 1194 2486 Malalae,

95 2500 138 2549 ut
158 2490 196 2549 ad
216 2510 287 2551 eum
307 2490 428 2553 redeam
448 2494 487 2571 (et
508 2490 595 2549 liceat
616 2490 673 2550 hoc
692 2492 724 2549 in
744 2492 873 2550 transitu
893 2488 1035 2567 adiicere)
1067 2510 1103 2551 ex
1126 2488 1194 2571 ipso

94 2576 223 2635 nomiae
243 2583 362 2633 constat
380 2584 472 2635 aetas.
505 2572 650 2632 'Moldar
671 2576 848 2633 est'noraen
870 2571 1040 2652 Syriacum.
1084 2572 1191 2635 Sermo

10 2684 11 2687 ¹
96 2654 242 2735 Syriacus
261 2656 416 2717 obtinebat
435 2658 467 2715 in
487 2654 573 2737 Syria
595 2676 690 2737 usque
710 2652 750 2715 ad
772 2655 857 2718 initia
871 2653 1191 2720 Mubammedanismi.

95 2738 149 2799 Eo
169 2750 328 2823 surgente,
349 2738 503 2799 Saracenis
523 2738 543 2797 S
583 2739 643 2798 iam
664 2737 874 2819 rapientibus,
904 2748 1064 2818 exegerunt
1087 2738 1195 2819 Syria·

97 2843 222 2899 smum,
246 2824 370 2905 eiusque
391 2822 457 2883 loco
479 2759 659 2881 Arablsmus
679 2823 782 2881 omnia
810 2818 1005 2891 abundabat,
1038 2820 1194 2901 Syriasmo

96 2906 133 2964 in
155 2904 346 2965 ecclesiarum
364 2904 604 2969 Christianarum
622 2906 774 2984 angustias
791 2900 945 2964 concluso.
987 2901 1102 2963 Debuit
1122 2922 1195 2986 ergo

96 2986 227 3049 Malalas
246 3010 282 3048 eo
304 2985 403 3051 adhuc
425 3008 499 3049 aevo
520 2988 628 3047 vixisse
649 2997 679 3047 et
702 2986 875 3068 scripsisse,
892 3007 954 3067 quo
972 3004 1070 3049 sermo
1091 2985 1111 3045 S
1150 2988 1196 3047 ia·

10 3098 11 3101 ’
95 3106 152 3147 eus
176 3086 206 3147 iu
228 3107 286 3147 usu
307 3096 381 3149 erat.
423 3086 485 3146 Pro
498 3084 620 3146 rhetore
633 3084 752 3149 Arabes
765 3106 827 3147 non
843 3084 958 3159 Malal,
983 3084 1036 3150 aed
1094 3138 1111 3153 ..
1151 3078 1191 3162 ⁰,

96 3169 228 3232 Ctratlrib
252 3168 368 3232 dieunt.
410 3166 461 3229 td
485 3168 715 3229 similitudinem
735 3170 834 3233 nostri
847 3162 1025 3249 μειζότεροι
1040 3168 1115 3229 dixit
1130 3166 1194 3230 No·

95 3262 161 3313 ster
180 3274 302 3333 quoque
324 3247 469 3314 ἑλαττότε
493 3270 522 3310 οι
542 3272 597 3333 pro
620 3242 781 3322 ἐλάττονες
800 3274 832 3333 p.
856 3248 925 3315 382.
945 3250 987 3311 D.
1010 3261 1113 3333 autep.

183 3336 219 3395 C.
242 3334 300 3395 ult.
335 3271 489 3417 [7²⁰‚6l
519 3325 716 3413 κουράτωρες
744 3333 810 3395 τῶν
838 3326 1017 3412 κτημάτων.
1060 3330 1193 3397 Reddidi

93 3431 247 3479 numeres
261 3418 459 3501 praediorum
480 3429 509 3475 et
523 3418 640 3499 pecoris
660 3416 772 3477 rustici.
815 3414 992 3497 Utrumque
1010 3415 1093 3476 euim
1119 3410 1194 3496 κτή-

93 3520 185 3575 ματα
205 3502 291 3564 novis
314 3500 438 3559 Graecis
460 3498 647 3580 significant,
673 3508 739 3559 tam
756 3497 879 3580 praedia
899 3508 929 3558 et
959 3518 1067 3579 agros,
1099 3517 1195 3579 quam

95 3602 207 3663 pecus,
241 3603 366 3665 greges,
395 3591 431 3641 ut
459 3574 553 3665 κτήνη
585 3582 711 3643 vetustis
742 3583 875 3645 Graecis.
915 3578 1090 3663 Ub'umque
1110 3582 1194 3643 caim
1277 3618 1283 3628 ·

21 3702 24 3709 ·
93 3686 114 3729 a
142 3660 251 3747 κτήσέι
276 3666 383 3740 venit3
413 3684 445 3725 v.
466 3662 595 3726 Cedren.
625 3686 656 3747 p.
677 3662 749 3729 586.
769 3663 811 3724 D.
835 3664 866 3724 3.
885 3661 955 3747 587.
980 3664 1016 3729 C.
1040 3664 1072 3724 ὅ.
1094 3662 1193 3727 immo

94 3748 153 3829 ipsi
187 3770 248 3831 quo
270 3770 309 3811 ue
330 3756 446 3813 veteres
467 3747 575 3809 Graeci
595 3743 741 3826 κτήματα
762 3748 891 3811 iontem
910 3744 1124 3827 appellabant,
1157 3758 1194 3809 ut

94 3840 180 3911 patet
203 3854 220 3893 e
241 3770 399 3913 gophoclis
419 3829 566 3911 Antigon.
588 3850 620 3890 v.
644 3828 729 3912 793„
750 3828 804 3889 ubi
824 3848 887 3889 non
911 3839 992 3888 recte
1013 3831 1193 3910 interpretes

93 3933 202 3976 vocem
231 3935 290 3997 pro
306 3914 447 3995 fortunis
476 3922 529 3981 aut
550 3910 786 3993 possessionibus
813 3920 1005 3992 accepenrnt.
1048 3913 1110 3989 Qui
1139 3909 1191 3975 bic

92 3994 153 4065 loci
175 4011 296 4063 amator
317 3994 381 4057 scir
395 3988 559 4081 κτημάτων
580 4006 645 4071 est,
669 4014 739 4055 eum
754 3993 913 4091 <increpuit
931 3992 1064 4077 appellat
1077 3992 1189 4075 Olym·

92 4076 239 4159 piodorus
274 4076 356 4162 apud
388 4074 533 4141 Photium
566 4098 598 4158 p.
617 4076 684 4138 106.
708 4077 774 4154 25,
802 4076 856 4144 ubr
885 4088 1033 4139 memorat
1059 4072 1099 4137 ali
1142 4096 1191 4143 em

94 4154 253 4245 διοικητὴν
272 4160 335 4229 τῶν
358 4156 392 4223 ἐν
412 4157 538 4248 Σικελίᾳ
557 4156 726 4245 κτημάτων
746 4158 993 4227 uomentem
1021 4162 1074 4222 καὶ
1095 4097 1190 4224 lllc·
