2975 4892
147 235 205 298 sn
234 235 619 300 constameonru.
643 237 852 303 neeman.
882 241 954 304 nm.
988 246 1027 307 n.
1093 215 1180 328 819

81 387 189 468 Epist.
207 389 252 464 ¹4-
282 385 321 447 nd
349 387 501 449 Zenonem
534 387 646 469 imper.
675 390 718 448 sic
748 389 872 450 scribite
905 405 980 452 tenet
1004 393 1045 454 B.
1074 395 1179 456 Perna

84 471 249 552 Apostolus
276 473 353 530 banc
379 473 500 554 pictatis
527 485 643 532 uestrae
666 474 851 554 sponstbnem
887 488 917 534 et
947 477 1182 538 ctntnnnteimt

62 553 314 636 fidelissimique
332 555 478 636 praeceptis
495 567 618 614 mentem
643 555 676 613 iu
701 556 772 614 liaeo
801 555 891 616 uerba
921 558 1041 620 leuasse.
1092 559 1178 642 Aga·-

134 646 201 711 tus‚
232 635 370 694 Pontifex
393 637 503 712 Rom,
524 636 604 719 apud
629 636 772 696 loannem
802 639 929 698 Diacon.
961 641 992 700 in
1025 641 1178 706 Cbmnico

87 657 295 798 lleeapolitano
319 718 521 778 lastinianum
555 720 597 780 sic
625 717 738 800 alloqui
767 721 888 801 fingitur
929 742 960 802 p.
993 743 1090 804 29‘t·=
1126 745 1179 806 ego

86 799 372 942 ‹Jurdcmffccator
388 801 433 861 od
452 801 646 862 lastinianum
671 801 884 884 Imperatorum
906 789 1179 868 christianissimam

85 904 198 943 vemre
256 905 270 940 s

270 883 400 961 iteravi,
420 905 496 944 mure
515 898 612 944 arnam
620 884 840 946 Dncleetanum
859 887 983 966 invend-
1013 889 1178 968 Luitpran-

90 965 154 1025 dus
178 987 210 1046 p.
226 965 298 1041 461.
317 965 516 1028 Radamirnm
537 968 670 1027 Galitc'ae
697 989 792 1048 regem
819 969 1096 1034 cluastiartusimum
1125 992 1179 1052 up·

88 1046 201 1129 pellat.
243 1047 366 1108 Alexius
388 1049 558 1110 Comnenus
579 1053 611 1110 in
631 1048 738 1110 litteris
760 1050 798 1110 ad
822 1051 988 1112 Henricnm
1003 1053 1044 1112 V.
1085 1054 1180 1136 lmpe·

88 1141 229 1193 retorem
249 1133 293 1191 sie
314 1151 385 1192 enm
405 1131 586 1213 compellat:
622 1129 882 1212 nnvsvysviotare
897 1133 951 1193 καί
963 1133 1007 1218 τῷ
1022 1125 1089 1195 ὄντι
1108 1157 1180 1216 χρι-

90 1204 320 1274 οτιανικιότατο
344 1211 473 1294 ἀδελφέ.
516 1214 693 1297 Exemplum
713 1213 845 1276 bominis
866 1217 973 1296 privati
998 1217 1087 1278 titulo
1107 1221 1181 1278 chri·

90 1297 267 1356 su'aru'ssimi
292 1295 476 1358 cohonestati
508 1297 600 1358 baben
633 1296 714 1378 apud
749 1297 965 1378 Theophanem
993 1320 1073 1360 anno
1098 1311 1180 1362 sexto

89 1378 302 1440 Rhinotmeti:
335 1375 543 1458 παρεκάλεσεν
571 1373 669 1442 οὕτὸν
691 1371 820 1458 Σέργιὸς
841 1401 908 1452 τις,
934 1373 1012 1463 ἀνὴρ
1035 1403 1181 1464 xpectan-

90 1455 286 1533 mco'rnro;‚
315 1457 334 1518 ri
355 1461 413 1522 τοῦ
433 1456 612 1539 Μανοούο,
632 1458 751 1541 γενικὰς
779 1463 955 1542 λογοθέτης.

180 1545 220 1603 Ι).
235 1544 265 1604 5.
277 1543 363 1626 [690‚
384 1542 446 1626 14]
458 1539 679 1624 αὐτοκράτορος
691 1545 840 1621 βασιλεῖς.
864 1544 968 1606 basilei
980 1547 1100 1628 quidem
1108 1550 1181 1610 titu-

91 1626 164 1686 lum
184 1624 318 1707 Bulgaris
342 1628 463 1687 tandem
487 1629 518 1687 vi
545 1648 715 1708 expressum
739 1627 826 1686 inviti
854 1629 1058 1690 concedebant
1079 1633 1177 1711 impp.

92 1709 240 1784 CPtani3
275 1720 309 1769 ut
335 1721 437 1769 tamen
464 1711 587 1790 privum
624 1709 769 1769 haberent
801 1707 915 1791 aliquid
947 1723 976 1770 et
1002 1713 1181 1774 eminentiae

92 1813 188 1871 super
209 1790 278 1853 illos
303 1791 459 1868 indicium,
486 1785 711 1873 αὐτοκράτορος
726 1791 878 1852 addebant
900 1794 1022 1856 titulum
1035 1795 1073 1856 ad
1091 1817 1182 1858 suum

118 1869 257 1945 ασιλεὺς.
426 1877 431 1885 ’
559 1897 564 1904 ’

90 1875 118 1952 β
163 1957 234 2040 399.
257 1957 342 2039 A.7.
368 1956 461 2041 [691‚
485 1954 527 2038 2.]
563 1949 722 2034 Τούρκων,
770 1955 913 2038 intelligit
939 1959 1094 2040 Ungnmn,
1128 1960 1181 2040 qui

94 2039 182 2119 quod
220 2041 377 2100 Hunnicae
406 2051 435 2100 et
468 2041 664 2111 Tartarum,
708 2039 766 2101 boc
802 2052 846 2101 est
882 2043 1028 2102 Tureicac
1061 2061 1183 2122 quoqne

93 2123 222 2202 originis
243 2134 359 2198 essent,
378 2123 452 2184 olim
462 2123 556 2183 Turni
577 2121 717 2184 solebant
741 2123 853 2184 vocari.
897 2123 970 2184 Nam
991 2145 1058 2183 curn
1074 2125 1183 2186 Turcis

95 2204 315 2279 orientalibus,
349 2207 402 2288 qui
428 2207 560 2288 primum
590 2205 800 2266 Saracenicum
834 2217 864 2266 et
893 2206 1001 2266 deinde
1029 2208 1182 2266 Graecum

97 2309 224 2369 quoque
244 2291 401 2368 imperium
418 2298 609 2360 everterunt,
632 2288 829 2350 Constantino
851 2301 953 2351 nostro
971 2299 1001 2350 et
1017 2290 1183 2352 maioribus

96 2380 194 2450 atque
213 2371 373 2452 nepotibus
397 2374 461 2432 eius
486 2374 640 2453 negotium
662 2370 780 2432 nullum
803 2372 868 2437 luit.
923 2403 926 2420 ·
1217 2419 1220 2425 .

184 2452 221 2515 A.
235 2453 289 2520 ult.
311 2453 399 2536 [691.
415 2451 458 2536 8.]
491 2453 695 2530 Χρωβατιάς.
742 2453 915 2529 Chronos,
949 2453 1089 2524 serbus,
1124 2455 1183 2515 Za·

96 2533 251 2613 eblumos,
274 2537 438 2609 cenatus,
459 2537 658 2596 Terbuniatas
678 2548 708 2596 et
726 2536 929 2596 Diocletianus
950 2535 1054 2595 codem
1074 2537 1183 2597 ordine

94 2629 192 2700 atque
220 2619 270 2680 hic
305 2629 439 2680 recenset
468 2618 684 2682 Constantinus
706 2639 773 2701 cap.
797 2638 848 2700 ²9·
870 2616 908 2678 de
936 2619 1102 2684 administr.
1125 2621 1183 2679 inr-

97 2704 187 2782 perio
214 2724 243 2784 p.
258 2703 309 2786 87.
329 2724 395 2784 sqq.
436 2701 499 2761 Pro
523 2697 769 2780 Τεοβουνιώταις
793 2713 894 2760 autem
913 2711 1061 2760 memorat
1083 2713 1184 2764 noster

98 2785 274 2849 Trabunos.
315 2785 514 2866 Occupabant
534 2783 592 2844 bae
613 2794 715 2865 gentes
734 2805 820 2844 orum
840 2805 960 2843 omnem
977 2785 1067 2842 maris
1079 2783 1184 2843 Adria·

98 2867 154 2927 tici
182 2864 444 2949 septentrionalem
476 2867 515 2926 ab
551 2868 638 2926 Istria
672 2865 742 2926 inde
772 2887 868 2948 usque
888 2865 974 2925 adD
999 2865 1184 2932 rrhachium.

100 2949 167 3010 Pro
186 2951 353 3028 Δικλείας,
385 2949 467 3032 quod
501 2950 550 3009 bic
580 2949 692 3009 dabant
721 2950 931 3022 membranae,
963 2887 1034 3010 alibi
1064 2971 1186 3031 quoque

100 3030 164 3092 alio
185 3055 288 3094 errore
307 3031 426 3094 Anxlr'u
446 3033 596 3097 scribitur.
638 3033 765 3093 Rectum
786 3044 830 3094 est
843 3025 1003 3108 Λιόκλεια,
1028 3043 1062 3092 ut
1082 3035 1114 3092 in
1130 3034 1185 3093 La·

98 3117 166 3176 tina
184 3116 427 3196 interpretatione
449 3115 619 3180 submonui.

184 3199 218 3263 C.
234 3200 263 3262 5.
286 3198 372 3282 [691,
388 3195 453 3281 an]
472 3193 595 3270 Ἰνδίας.
639 3195 751 3279 Nempe
771 3199 983 3260 commercium
1004 3196 1095 3258 fuisse
1110 3196 1186 3280 Con-

100 3281 233 3340 stantino
254 3303 323 3341 cum
346 3281 442 3358 ludis,
462 3301 555 3362 snpra
576 3281 801 3359 demonstravi,
833 3282 968 3361 adeoque
995 3301 1065 3340 curn
1087 3279 1186 3340 domi·

99 3383 144 3423 no
171 3364 302 3425 Arabiae
324 3361 415 3424 felicis
435 3385 565 3446 quoque.

166 3445 234 3525 4⁰⁰·
257 3449 297 3506 A.
315 3467 362 3506 ιι.
386 3445 555 3530 [692‚16.]
577 3467 596 3525 η
620 3438 699 3528 ᾆόγο
727 3439 830 3506 αὐτοῦ
858 3443 954 3527 μέχρι
981 3439 1186 3520 νομισμάτων
1276 3500 1279 3506 ,

106 3521 154 3606 μ’.
194 3531 314 3590 Dicitur
337 3529 385 3589 bic
406 3529 490 3590 litras
515 3532 563 3590 ιθ.
585 3530 617 3588 in
637 3540 733 3589 taxum
756 3527 802 3587 vel
833 3527 1079 3588 consuetudinem
1101 3548 1189 3609 prae·

101 3623 183 3673 stare
216 3611 288 3686 ille,
330 3614 416 3672 cuins
445 3634 517 3694 roga
540 3623 603 3686 est,
642 3610 682 3670 ad
709 3609 761 3688 4ο.
790 3610 901 3670 solidos
934 3630 1053 3672 aureos.
1104 3611 1188 3692 Roga

104 3715 181 3756 vero
202 3693 252 3756 bic
274 3693 335 3754 loci
359 3707 442 3755 estne
462 3716 563 3756 annua
586 3715 626 3754 au
649 3699 830 3754 menstrua?
871 3693 902 3752 si
928 3713 1050 3770 annua,
1084 3692 1189 3754 debuit

102 3787 242 3858 receptus
262 3780 295 3837 in
315 3777 478 3838 hetaeriam
499 3777 578 3838 bane
600 3777 775 3859 dignitatem
800 3777 893 3835 nimio
918 3797 1017 3836 emere
1047 3786 1076 3836 et
1098 3776 1190 3856 quin·

100 3859 203 3920 decim
224 3881 373 3921 annorum
396 3861 511 3922 reditus
530 3858 620 3920 simul
648 3869 678 3920 et
697 3858 788 3919 semel
811 3858 964 3920 effundere
985 3868 1016 3918 et
1043 3861 1075 3918 in
1103 3869 1189 3918 ante-

101 3963 221 4004 cessum
246 3942 390 4023 imperiali
412 3945 547 4004 camerae
569 3942 705 4019 solvere,
725 3941 810 4023 qnod
830 3943 878 4002 vix
901 3941 1072 4022 quindecim
1093 3961 1189 4000 anno-

104 4047 176 4086 rum
198 4027 325 4086 decursu
351 4031 414 4106 ipse
433 4037 591 4107 recuperet
613 4046 668 4107 per
696 4037 827 4086 minutas
858 4027 1019 4106 portiones.
1060 4025 1116 4082 Vix
1143 4025 1190 4082 vi-

108 4109 198 4185 detur
225 4109 283 4172 hoc
306 4111 535 4170 mercimonium
556 4129 686 4191 aequum
713 4119 743 4170 et
768 4110 800 4168 iu
823 4129 880 4170 usu
912 4109 1011 4170 luisse.
1056 4104 1138 4185 Quid
1164 4105 1188 4164 si
