2975 4892
159 283 219 348 au
242 280 467 357 eolesam.
490 281 639 374 romu.
670 285 725 348 nu
755 283 891 348 muru.
922 283 997 346 un.
1028 286 1069 347 11.
1098 257 1184 342 815

107 435 328 501 υτιανικάταττ
348 437 468 524 cocant
487 438 619 523 appellat
647 438 733 504 Alex.
762 460 792 521 p.
815 438 868 522 95.
889 437 948 514 C.‚
971 439 1042 501 item
1065 436 1087 520 ἡ
1107 437 1188 524 πρὸς

103 515 171 600 τὴν·
190 515 348 601 ἡμετέραν
366 521 531 599 βασιλείαν
558 516 712 605 diatono}
741 541 800 582 noo
830 517 912 602 ῥοπὴ
946 518 1003 583 ναὶ
1034 517 1185 596 διάθεσις.

104 603 237 664 Isaacius
256 603 306 664 An
328 603 391 664 elus
408 606 490 684 apud
515 605 656 666 Odonem
675 605 713 664 de
731 601 851 687 Diogilo
872 624 903 685 p.
930 603 975 668 15.
1000 604 1188 688 perlegales

100 705 175 747 suos
201 687 240 746 ad
260 625 450 747 Luffovicum
469 687 551 766 vll„
579 680 724 750 Franciae
753 707 870 769 regem,
894 687 1055 770 proliacum
1078 691 1186 751 aduta-

102 772 214 828 tionem
231 770 380 852 άερίτιτίε,
405 791 502 850 regem
521 783 651 832 accoron
671 771 857 831 nominando
876 782 1009 829 sanctam
1019 813 1029 846 ‚
1056 774 1187 834 amicum

99 864 135 910 et
140 853 286 930 βαίνω.
328 851 412 912 Otho
429 853 627 936 Frisingensis
651 853 688 917 L.
710 853 737 917 l.
759 852 798 912 de
820 850 911 912 rebus
932 852 1020 932 gestis
1039 850 1186 916 Friderici

101 933 305 1011 Barbapossae
313 954 341 998 c.
352 932 415 1016 59..
436 935 597 1012 Commu,
605 937 804 996 Romanorum
813 937 991 1018 bnpemtor,
1000 953 1091 996 noves
1103 939 1190 1022 apud

99 1015 318 1076 Ptolemaidem
338 1019 498 1099 ingmaro,
514 1022 649 1100 fratrem
671 1031 701 1078 et
718 1019 847 1078 ominem
867 1037 953 1076 suum
974 1017 1117 1094 Mameel,
1136 1043 1185 1080 ne-

97 1101 171 1179 giee
191 1100 272 1159 urbib
302 1098 616 1184 constantinopoleos]
631 1102 809 1185 principem,
828 1100 860 1159 in
874 1098 1007 1159 Achaiae
1020 1121 1070 1160 seu
1095 1101 1186 1163 Tires-

97 1181 198 1240 saiiae
276 1185 331 1240 'ns
348 1184 500 1255 inperciens
519 1185 606 1245 odai't.
650 1184 739 1243 Iuvat
767 1184 856 1242 etiam
877 1180 1080 1242 thrasonicam
1098 1183 1182 1246 illam

98 1263 330 1344 inscriptionem
350 1263 519 1326 litterarum
544 1267 664 1328 Cosrois
691 1265 730 1326 ed
749 1265 950 1325 lastinianum
975 1286 993 1325 a
1016 1265 1185 1328 Menandro

97 1346 275 1408 Protectnre
302 1367 334 1428 p.
374 1343 440 1428 ¹¹4·
468 1349 542 1415 Exc.
568 1349 672 1434 Legat.
699 1346 830 1413 Hoescb.
857 1347 982 1408 relatam
1010 1367 1182 1430 apponere:

100 1427 208 1504 θεῖος,
234 1423 374 1510 άγαθός,
401 1425 596 1510 τίρηνοττοιός
614 1429 747 1509 ἀρχαῖος
768 1425 1072 1527 Χοσρὸγςβατιλεάς
1091 1433 1185 1510 βασι·

97 1512 192 1584 λέων,
212 1506 359 1590 εὐτυχὴς,
379 1506 524 1593 εὐσεβὴς,
542 1503 743 1592 ἀγαθοποιός,
761 1499 846 1598 ᾧτινι
863 1531 891 1573 οι
907 1509 979 1572 beai
991 1509 1068 1586 μετά
1083 1511 1185 1596 τύχην

96 1595 156 1654 seni
174 1586 312 1673 μεγάλην
336 1593 499 1670 flactiano
520 1589 659 1673 ἔδωκαν,
681 1590 769 1674 γίγας
791 1587 958 1674 γιγάντων,
987 1587 1023 1664 ὅς
1042 1595 1077 1656 ἐν
1097 1598 1183 1659 θεαῖν

92 1671 1083 1822 άὲἑ“”ἵέἔῖ““”τά”άέἲὲ”ιῖἔίἶ.1ἓῗζῗ“ιῗὲάδῗ666666·
1103 1679 1183 1824 eiii
1235 1724 1239 1732 '

94 1779 257 1922 pemcfrotis.
296 1777 486 1922 'Gagiltolinus
507 1845 539 1903 in
549 1842 655 1904 Clodio
673 1841 786 1904 Albino
802 1839 1029 1902 litteraeSereri
1050 1841 1182 1924 exhibet,
1220 1849 1227 1869 ¹

96 1943 230 2002 quarum
257 1922 315 1984 boc
339 1935 384 1984 est
403 1926 548 1987 initium:
580 1925 748 2009 Imperator
768 1924 895 1984 Severus
921 1923 1068 2006 Azcgustua
1091 1924 1181 1988 aaa

94 2006 153 2066 dio
169 2005 279 2065 Albino
299 2005 440 2080 caesari,
458 2009 562 2089 fiatri
576 2010 775 2070 montariolo
792 2020 821 2067 et
839 2005 1101 2081 desideratissimo,
1131 2031 1183 2070 sa·-

28 2154 31 2163 .
93 2089 202 2148 mem.
246 2087 351 2148 Stante
365 2089 464 2150 adhuc
486 2091 612 2173 imperio
629 2091 767 2152 Romano
785 2091 950 2172 Imperator
966 2087 1112 2172 collegam
1127 2103 1181 2153 aut

96 2169 260 2230 Caesarem
281 2190 370 2232 suum
387 2174 524 2250 sanarem
545 2172 725 2256 appellabat.
777 2172 964 2254 Capitolinus
990 2173 1052 2232 vita
1074 2173 1180 2236 Albini

92 2253 137 2316 T.
156 2255 181 2316 l.
202 2253 267 2319 Ser.
298 2255 338 2318 Η.
366 2254 448 2319 An.
479 2277 510 2337 p.
543 2257 614 2340 695.
643 2256 735 2317 babet
765 2254 924 2338 epistolam
945 2255 1067 2329 Severi,
1093 2260 1180 2320 ouius

91 2333 158 2395 hoc
179 2346 223 2396 eat
242 2336 381 2396 initium:
412 2275 582 2421 imperator
605 2339 730 2400 Sereno
750 2339 897 2418 Augustus
923 2337 1049 2399 Claudio
1068 2337 1179 2403 Albino

93 2417 242 2497 Caesari,
251 2420 355 2498 fratri
374 2423 576 2482 amarmbsimo
599 2435 629 2482 et
652 2423 920 2492 desideratissimo,
941 2421 1075 2487 salutem,

179 2501 214 2566 Β.
238 2500 270 2565 6.
290 2498 381 2585 [669
398 2500 461 2586 17.]
476 2498 681 2584 ἐξουσιαστὴν
693 2504 756 2564 τάν
770 2503 1054 2582 Μουσονλημιτῶν.
1097 2503 1180 2565 Red-

90 2598 144 2659 dit
159 2597 217 2660 hoc
239 2599 407 2660 Arabicum
425 2600 547 2661 titulum
571 2587 778 2688 ombus-il
807 2589 897 2684 fistir
934 2599 1024 2660 Amir
1044 2601 1078 2660 ol
1094 2603 1179 2662 Mos·

89 2683 211 2746 lemine.
253 2682 346 2764 Atqui
368 2681 475 2744 titulus
497 2685 548 2744 ille
569 2706 630 2746 non
655 2684 713 2744 fuit
734 2686 766 2743 in
787 2705 842 2744 usu
866 2693 931 2742 tum
955 2685 1121 2764 temporis,
1147 2695 1178 2746 et

89 2762 191 2846 longo
215 2777 351 2846 tempore
367 2777 433 2848 post
457 2765 576 2828 saeculo
602 2768 724 2828 demum
748 2767 805 2830 Xl.
825 2775 985 2847 usurpatus
1005 2777 1049 2826 est
1071 2787 1089 2826 a
1109 2767 1177 2826 Μο-

88 2847 214 2908 ravedis
234 2849 264 2908 in
287 2849 469 2910 Mauritania
492 2860 523 2910 et
552 2851 706 2933 Hispania.
741 2847 895 2910 Gerebant
917 2867 948 2908 ee
969 2849 1091 2930 quidem
1115 2850 1176 2911 iam

87 2941 162 2989 tum
183 2933 332 3013 principes
353 2931 473 2993 Africae
490 2954 542 2993 sen
562 2934 620 2995 Lib
640 2955 676 2994 ae
702 2932 740 2993 de
760 2942 847 3015 gente
860 2930 887 2991 F
888 2930 1108 2992 athemidarum
1121 2952 1177 3013 pro

88 3011 241 3092 Cbaltfin,
274 3035 380 3074 verum
414 3015 504 3076 Amic
531 3018 563 3076 ol
626 3018 761 3077 ismeniae
793 3015 976 3092 utebantur,
1012 3035 1176 3095 eorumque

88 3095 191 3156 hostis
210 3107 240 3156 et
264 3097 409 3171 aemulus,
430 3097 538 3158 Abdor
558 3100 715 3174 Rabman,
748 3098 912 3180 Hispaniae
925 3094 1071 3157 hactenus
1088 3097 1175 3156 Emi-

87 3198 149 3239 rus
171 3198 222 3239 seu
244 3183 388 3261 princeps,
415 3179 455 3240 ab
483 3201 564 3243 anno
587 3182 657 3243 inde
686 3181 801 3242 Cbusti
830 3179 901 3264 936.
923 3179 1082 3261 incipiebat
1105 3199 1175 3241 eum

89 3279 217 3343 (proque
245 3263 387 3342 titulum,
420 3264 619 3342 aemulatione
647 3285 805 3340 accensus,
839 3281 995 3345 usurpare.
1050 3263 1174 3324 Arabici

86 3355 196 3407 tamen
225 3346 383 3426 scriptores
408 3359 578 3407 constanter
600 3347 758 3430 perhibent
785 3343 901 3424 ambos,
923 3357 953 3406 et
980 3344 1174 3408 Fatbemidas

86 3437 123 3485 et
142 3427 315 3487 Omnu'adas
327 3426 537 3491 Andalusenos
551 3432 641 3492 titulo
654 3429 747 3490 Amir
760 3431 786 3490 il
797 3428 975 3504 Μυητεντὶηε,
996 3447 1058 3488 non
1073 3439 1173 3491 autem

86 3509 182 3569 titulo
214 3509 339 3570 Aneiri’i
358 3512 534 3573 Moslemine
554 3513 644 3575 luisse
671 3534 751 3578 usos.

178 3593 212 3655 Β.
239 3612 285 3657 ιι.
305 3590 596 3677 [689,τι.]ὲξάγια
635 3596 713 3658 Uta
742 3591 874 3675 τετράς,
903 3589 1051 3672 τετράδος
1070 3593 1104 3654 fit
1122 3613 1173 3654 ce·

85 3663 239 3754 τράάιον,
271 3680 443 3759 quater-nib,
479 3681 550 3739 item
578 3693 685 3763 priario
706 3699 802 3762 pars,
833 3680 875 3737 ita
901 3676 940 3737 ab
959 3670 1044 3753 ἑξάς,
1065 3667 1173 3751 ἑξάδος

87 3758 127 3816 fit
154 3748 294 3830 ἑξάάιον,
329 3763 506 3837 saxoniam,
546 3765 682 3822 secernio
721 3781 774 3822 seu
807 3759 979 3840 complexus
1002 3781 1051 3820 sex
1074 3759 1171 3840 parti-

86 3837 250 3917 cularum,
280 3851 316 3900 ut
343 3862 391 3901 sex
420 3845 547 3921 assium,
580 3855 632 3904 aut
657 3855 738 3905 sexta
765 3865 836 3924 pars
865 3845 960 3921 assis,
995 3840 1043 3902 vel
1067 3847 1171 3907 totius.

86 3923 136 3982 Et
158 3923 229 4002 quia
248 3933 363 3984 veteres
389 3927 496 3988 Graeci
518 3927 678 4010 Latinique
706 3926 726 3986 δ
751 3939 780 3988 et
799 3927 823 3986 d
842 3928 952 3986 antei
975 3935 1010 3986 ut
1027 3947 1049 4006 g
1069 3925 1174 3986 antei

86 4015 187 4064 nuta
223 4007 477 4090 pronuntiabant,
514 4009 585 4070 binc
621 4011 752 4082 lactum,
786 4020 821 4070 ut
850 4009 974 4090 periarch
1006 4007 1171 4069 scriberent

83 4080 214 4160 ἑξάάιον
236 4099 267 4147 et
289 4082 428 4168 ἑξάγιον,
453 4105 487 4152 ut
510 4094 700 4176 canipadium
725 4105 755 4153 et
779 4095 976 4176 campagum.
1017 4087 1170 4169 Exemplis

82 4168 304 4250 complusculis
334 4170 412 4234 banc
446 4167 636 4254 ἰοοδάναρον
666 4179 696 4238 in
725 4175 886 4243 scribendo
906 4177 1082 4243 varietatem
1115 4171 1169 4232 da·
