<?xml version="1.0" encoding="UTF-8"?>
<!DOCTYPE html PUBLIC "-//W3C//DTD XHTML 1.0 Transitional//EN"
    "http://www.w3.org/TR/xhtml1/DTD/xhtml1-transitional.dtd">
<html xmlns="http://www.w3.org/1999/xhtml" xml:lang="en" lang="en">
 <head>
  <title>
</title>
<meta http-equiv="Content-Type" content="text/html;charset=utf-8" />
  <meta name='ocr-system' content='tesseract 3.04.00' />
  <meta name='ocr-capabilities' content='ocr_page ocr_carea ocr_par ocr_line ocrx_word'/>
</head>
<body>
  <div class='ocr_page' id='page_1' title='image "./corpusscriptoru45theogoog/corpusscriptoru45theogoog_0754.png"; bbox 0 0 2975 4892; ppageno 0'>
   <div class='ocr_carea' id='block_1_1' title="bbox 89 246 1112 362">
    <p class='ocr_par' dir='ltr' id='par_1_1' title="bbox 89 246 1112 362">
     <span class='ocr_line' id='line_1_1' title="bbox 89 246 1112 362; baseline 0.001 -29"><span class='ocrx_word' id='word_1_1' title='bbox 89 269 148 333; x_wconf 81' lang='lat' dir='ltr'><strong>ao</strong></span> <span class='ocrx_word' id='word_1_2' title='bbox 171 261 570 346; x_wconf 71' lang='lat' dir='ltr'><strong>communionum</strong></span> <span class='ocrx_word' id='word_1_3' title='bbox 598 271 654 334; x_wconf 83' lang='lat' dir='ltr'><strong>un</strong></span> <span class='ocrx_word' id='word_1_4' title='bbox 682 269 820 338; x_wconf 81' lang='lat' dir='ltr'><strong>mum.</strong></span> <span class='ocrx_word' id='word_1_5' title='bbox 849 275 923 338; x_wconf 85' lang='lat' dir='ltr'><strong>uu.</strong></span> <span class='ocrx_word' id='word_1_6' title='bbox 955 278 995 338; x_wconf 92' lang='lat' dir='ltr'><strong>n.</strong></span> <span class='ocrx_word' id='word_1_7' title='bbox 1030 246 1112 362; x_wconf 60' lang='lat'><strong>753,</strong></span> 
     </span>
    </p>
   </div>
   <div class='ocr_carea' id='block_1_2' title="bbox 20 421 1133 1418">
    <p class='ocr_par' dir='ltr' id='par_1_2' title="bbox 20 421 1116 1087">
     <span class='ocr_line' id='line_1_2' title="bbox 20 421 1112 508; baseline 0.005 -20"><span class='ocrx_word' id='word_1_8' title='bbox 20 447 71 488; x_wconf 79' lang='lat' dir='ltr'><strong>na</strong></span> <span class='ocrx_word' id='word_1_9' title='bbox 102 423 229 507; x_wconf 82' lang='lat' dir='ltr'><strong>capulus</strong></span> <span class='ocrx_word' id='word_1_10' title='bbox 261 435 349 486; x_wconf 72' lang='lat' dir='ltr'><strong>esset</strong></span> <span class='ocrx_word' id='word_1_11' title='bbox 405 425 464 486; x_wconf 87' lang='lat' dir='ltr'><strong>Hie</strong></span> <span class='ocrx_word' id='word_1_12' title='bbox 497 437 599 488; x_wconf 88' lang='lat' dir='ltr'><strong>autem</strong></span> <span class='ocrx_word' id='word_1_13' title='bbox 633 421 772 486; x_wconf 72' lang='lat' dir='ltr'><strong>dirimo</strong></span> <span class='ocrx_word' id='word_1_14' title='bbox 803 421 963 508; x_wconf 78' lang='grc' dir='ltr'><strong>διάχρυσα</strong></span> <span class='ocrx_word' id='word_1_15' title='bbox 989 427 1112 493; x_wconf 67' lang='lat' dir='ltr'><strong>marat»</strong></span> 
     </span>
     <span class='ocr_line' id='line_1_3' title="bbox 23 509 1112 592; baseline 0.006 -22"><span class='ocrx_word' id='word_1_16' title='bbox 23 509 176 570; x_wconf 83' lang='lat' dir='ltr'><strong>dicuntur</strong></span> <span class='ocrx_word' id='word_1_17' title='bbox 194 512 315 592; x_wconf 72' lang='lat' dir='ltr'><strong>sputlme</strong></span> <span class='ocrx_word' id='word_1_18' title='bbox 335 529 388 568; x_wconf 88' lang='lat' dir='ltr'><strong>seu</strong></span> <span class='ocrx_word' id='word_1_19' title='bbox 409 530 506 586; x_wconf 79' lang='lat' dir='ltr'><strong>enses,</strong></span> <span class='ocrx_word' id='word_1_20' title='bbox 527 529 656 591; x_wconf 83' lang='lat' dir='ltr'><strong>quorum</strong></span> <span class='ocrx_word' id='word_1_21' title='bbox 676 530 790 570; x_wconf 79' lang='lat' dir='ltr'><strong>cannae</strong></span> <span class='ocrx_word' id='word_1_22' title='bbox 808 524 884 570; x_wconf 80' lang='lat' dir='ltr'><strong>tntae</strong></span> <span class='ocrx_word' id='word_1_23' title='bbox 903 527 968 574; x_wconf 73' lang='lat' dir='ltr'><strong>aurat</strong></span> <span class='ocrx_word' id='word_1_24' title='bbox 990 517 1112 576; x_wconf 71' lang='lat' dir='ltr'><strong>innua-</strong></span> 
     </span>
     <span class='ocr_line' id='line_1_4' title="bbox 20 590 1113 674; baseline 0.005 -24"><span class='ocrx_word' id='word_1_25' title='bbox 20 605 88 653; x_wconf 82' lang='lat' dir='ltr'><strong>tae.</strong></span> <span class='ocrx_word' id='word_1_26' title='bbox 133 591 191 651; x_wconf 87' lang='lat' dir='ltr'><strong>Hie</strong></span> <span class='ocrx_word' id='word_1_27' title='bbox 216 592 321 674; x_wconf 83' lang='lat' dir='ltr'><strong>nequit</strong></span> <span class='ocrx_word' id='word_1_28' title='bbox 352 613 449 651; x_wconf 81' lang='lat' dir='ltr'><strong>canna</strong></span> <span class='ocrx_word' id='word_1_29' title='bbox 468 591 611 672; x_wconf 81' lang='lat' dir='ltr'><strong>capulum</strong></span> <span class='ocrx_word' id='word_1_30' title='bbox 631 593 710 652; x_wconf 79' lang='lat' dir='ltr'><strong>eneis</strong></span> <span class='ocrx_word' id='word_1_31' title='bbox 733 590 922 673; x_wconf 78' lang='lat' dir='ltr'><strong>siguificare,</strong></span> <span class='ocrx_word' id='word_1_32' title='bbox 943 597 994 656; x_wconf 81' lang='lat' dir='ltr'><strong>sed</strong></span> <span class='ocrx_word' id='word_1_33' title='bbox 1013 601 1113 660; x_wconf 75' lang='lat' dir='ltr'><strong>vicum</strong></span> 
     </span>
     <span class='ocr_line' id='line_1_5' title="bbox 22 673 1114 756; baseline 0.005 -21"><span class='ocrx_word' id='word_1_34' title='bbox 22 675 108 735; x_wconf 89' lang='lat' dir='ltr'><strong>mihi</strong></span> <span class='ocrx_word' id='word_1_35' title='bbox 133 695 255 754; x_wconf 82' lang='lat' dir='ltr'><strong>scapum</strong></span> <span class='ocrx_word' id='word_1_36' title='bbox 284 675 348 736; x_wconf 80' lang='lat' dir='ltr'><strong>eiua</strong></span> <span class='ocrx_word' id='word_1_37' title='bbox 377 695 430 734; x_wconf 81' lang='lat' dir='ltr'><strong>seu</strong></span> <span class='ocrx_word' id='word_1_38' title='bbox 452 675 549 755; x_wconf 79' lang='lat' dir='ltr'><strong>ipsum</strong></span> <span class='ocrx_word' id='word_1_39' title='bbox 569 685 669 734; x_wconf 90' lang='lat' dir='ltr'><strong>totum</strong></span> <span class='ocrx_word' id='word_1_40' title='bbox 687 673 818 748; x_wconf 86' lang='lat' dir='ltr'><strong>ferrum,</strong></span> <span class='ocrx_word' id='word_1_41' title='bbox 847 678 929 756; x_wconf 89' lang='lat' dir='ltr'><strong>quod</strong></span> <span class='ocrx_word' id='word_1_42' title='bbox 956 686 1114 741; x_wconf 73' lang='lat' dir='ltr'><strong>ceremiam</strong></span> 
     </span>
     <span class='ocr_line' id='line_1_6' title="bbox 22 755 1114 840; baseline 0.005 -22"><span class='ocrx_word' id='word_1_43' title='bbox 22 760 114 818; x_wconf 85' lang='lat' dir='ltr'><strong>ensis</strong></span> <span class='ocrx_word' id='word_1_44' title='bbox 135 755 234 832; x_wconf 85' lang='lat' dir='ltr'><strong>efficit,</strong></span> <span class='ocrx_word' id='word_1_45' title='bbox 252 755 427 836; x_wconf 83' lang='lat' dir='ltr'><strong>significare.</strong></span> <span class='ocrx_word' id='word_1_46' title='bbox 468 756 586 818; x_wconf 89' lang='lat' dir='ltr'><strong>Norant</strong></span> <span class='ocrx_word' id='word_1_47' title='bbox 604 767 706 817; x_wconf 89' lang='lat' dir='ltr'><strong>autem</strong></span> <span class='ocrx_word' id='word_1_48' title='bbox 725 777 762 817; x_wconf 91' lang='lat' dir='ltr'><strong>eo</strong></span> <span class='ocrx_word' id='word_1_49' title='bbox 783 759 842 818; x_wconf 91' lang='lat' dir='ltr'><strong>iam</strong></span> <span class='ocrx_word' id='word_1_50' title='bbox 862 770 996 840; x_wconf 83' lang='lat' dir='ltr'><strong>tempore</strong></span> <span class='ocrx_word' id='word_1_51' title='bbox 1017 774 1114 823; x_wconf 85' lang='lat' dir='ltr'><strong>artem</strong></span> 
     </span>
     <span class='ocr_line' id='line_1_7' title="bbox 23 838 1115 921; baseline 0.007 -22"><span class='ocrx_word' id='word_1_52' title='bbox 23 839 122 900; x_wconf 80' lang='lat' dir='ltr'><strong>tiores</strong></span> <span class='ocrx_word' id='word_1_53' title='bbox 142 850 174 899; x_wconf 93' lang='lat' dir='ltr'><strong>et</strong></span> <span class='ocrx_word' id='word_1_54' title='bbox 189 838 263 900; x_wconf 80' lang='lat' dir='ltr'><strong>alica</strong></span> <span class='ocrx_word' id='word_1_55' title='bbox 284 839 393 921; x_wconf 75' lang='lat' dir='ltr'><strong>figuras</strong></span> <span class='ocrx_word' id='word_1_56' title='bbox 413 841 508 921; x_wconf 80' lang='lat' dir='ltr'><strong>scapis</strong></span> <span class='ocrx_word' id='word_1_57' title='bbox 531 859 584 901; x_wconf 79' lang='lat' dir='ltr'><strong>eeu</strong></span> <span class='ocrx_word' id='word_1_58' title='bbox 611 839 696 900; x_wconf 81' lang='lat' dir='ltr'><strong>serris</strong></span> <span class='ocrx_word' id='word_1_59' title='bbox 725 843 841 902; x_wconf 82' lang='lat' dir='ltr'><strong>ensium</strong></span> <span class='ocrx_word' id='word_1_60' title='bbox 873 843 1034 904; x_wconf 84' lang='lat' dir='ltr'><strong>incudendr</strong></span> <span class='ocrx_word' id='word_1_61' title='bbox 1065 844 1115 906; x_wconf 79' lang='lat' dir='ltr'><strong>vel</strong></span> 
     </span>
     <span class='ocr_line' id='line_1_8' title="bbox 21 920 1116 1006; baseline 0.005 -23"><span class='ocrx_word' id='word_1_62' title='bbox 21 921 186 983; x_wconf 86' lang='lat' dir='ltr'><strong>incidendi</strong></span> <span class='ocrx_word' id='word_1_63' title='bbox 208 933 238 982; x_wconf 89' lang='lat' dir='ltr'><strong>et</strong></span> <span class='ocrx_word' id='word_1_64' title='bbox 260 942 310 982; x_wconf 76' lang='lat' dir='ltr'><strong>eae</strong></span> <span class='ocrx_word' id='word_1_65' title='bbox 329 921 515 998; x_wconf 89' lang='lat' dir='ltr'><strong>deauraudi‚</strong></span> <span class='ocrx_word' id='word_1_66' title='bbox 546 933 581 982; x_wconf 90' lang='lat' dir='ltr'><strong>ut</strong></span> <span class='ocrx_word' id='word_1_67' title='bbox 606 943 661 984; x_wconf 82' lang='lat' dir='ltr'><strong>uos</strong></span> <span class='ocrx_word' id='word_1_68' title='bbox 681 920 772 983; x_wconf 88' lang='lat' dir='ltr'><strong>hodie</strong></span> <span class='ocrx_word' id='word_1_69' title='bbox 801 924 936 984; x_wconf 74' lang='lat' dir='ltr'><strong>facimus.</strong></span> <span class='ocrx_word' id='word_1_70' title='bbox 977 927 1047 1006; x_wconf 86' lang='lat' dir='ltr'><strong>Qua</strong></span> <span class='ocrx_word' id='word_1_71' title='bbox 1075 925 1116 988; x_wconf 86' lang='lat' dir='ltr'><strong>de</strong></span> 
     </span>
     <span class='ocr_line' id='line_1_9' title="bbox 25 1003 690 1087; baseline -0.003 -21"><span class='ocrx_word' id='word_1_72' title='bbox 25 1017 102 1068; x_wconf 75' lang='lat' dir='ltr'><strong>me</strong></span> <span class='ocrx_word' id='word_1_73' title='bbox 124 1005 183 1065; x_wconf 81' lang='lat' dir='ltr'><strong>dixi</strong></span> <span class='ocrx_word' id='word_1_74' title='bbox 205 1006 264 1064; x_wconf 85' lang='lat' dir='ltr'><strong>iam</strong></span> <span class='ocrx_word' id='word_1_75' title='bbox 285 1027 319 1064; x_wconf 91' lang='lat' dir='ltr'><strong>su</strong></span> <span class='ocrx_word' id='word_1_76' title='bbox 342 1028 375 1064; x_wconf 89' lang='lat' dir='ltr'><strong>ra</strong></span> <span class='ocrx_word' id='word_1_77' title='bbox 394 1003 433 1066; x_wconf 91' lang='lat' dir='ltr'><strong>ad</strong></span> <span class='ocrx_word' id='word_1_78' title='bbox 453 1027 486 1086; x_wconf 91' lang='lat' dir='ltr'><strong>p.</strong></span> <span class='ocrx_word' id='word_1_79' title='bbox 509 1004 558 1087; x_wconf 76' lang='lat'><strong>59.</strong></span> <span class='ocrx_word' id='word_1_80' title='bbox 579 1005 613 1064; x_wconf 92' lang='lat' dir='ltr'><strong>B.</strong></span> <span class='ocrx_word' id='word_1_81' title='bbox 634 1004 690 1070; x_wconf 85' lang='lat' dir='ltr'><strong>uit.</strong></span> 
     </span>
    </p>

    <p class='ocr_par' dir='ltr' id='par_1_3' title="bbox 26 1026 1133 1418">
     <span class='ocr_line' id='line_1_10' title="bbox 100 1026 1116 1172; baseline 0.005 -26"><span class='ocrx_word' id='word_1_82' title='bbox 100 1087 173 1170; x_wconf 76' lang='lat'><strong>370.</strong></span> <span class='ocrx_word' id='word_1_83' title='bbox 197 1087 240 1145; x_wconf 88' lang='lat' dir='ltr'><strong>A.</strong></span> <span class='ocrx_word' id='word_1_84' title='bbox 255 1107 296 1161; x_wconf 66' lang='lat' dir='ltr'><strong>J.</strong></span> <span class='ocrx_word' id='word_1_85' title='bbox 318 1026 402 1170; x_wconf 50' lang='lat' dir='ltr'><strong>(iiio,</strong></span> <span class='ocrx_word' id='word_1_86' title='bbox 427 1085 489 1169; x_wconf 67' lang='lat' dir='ltr'><strong>rm]</strong></span> <span class='ocrx_word' id='word_1_87' title='bbox 512 1085 652 1151; x_wconf 76' lang='grc' dir='ltr'><strong>σκοῦτον.</strong></span> <span class='ocrx_word' id='word_1_88' title='bbox 693 1085 794 1166; x_wconf 83' lang='lat' dir='ltr'><strong>Quale</strong></span> <span class='ocrx_word' id='word_1_89' title='bbox 812 1109 919 1168; x_wconf 84' lang='lat' dir='ltr'>nempe</span> <span class='ocrx_word' id='word_1_90' title='bbox 938 1089 1116 1172; x_wconf 79' lang='lat' dir='ltr'><strong>Imperatori</strong></span> 
     </span>
     <span class='ocr_line' id='line_1_11' title="bbox 26 1167 1133 1257; baseline 0.007 -30"><span class='ocrx_word' id='word_1_91' title='bbox 26 1173 197 1233; x_wconf 80' lang='lat' dir='ltr'><strong>Caesarive</strong></span> <span class='ocrx_word' id='word_1_92' title='bbox 218 1190 280 1230; x_wconf 91' lang='lat' dir='ltr'><strong>una</strong></span> <span class='ocrx_word' id='word_1_93' title='bbox 302 1189 372 1230; x_wconf 83' lang='lat' dir='ltr'><strong>cum</strong></span> <span class='ocrx_word' id='word_1_94' title='bbox 391 1169 476 1236; x_wconf 76' lang='lat' dir='ltr'><strong>hasta</strong></span> <span class='ocrx_word' id='word_1_95' title='bbox 498 1169 645 1251; x_wconf 76' lang='lat' dir='ltr'><strong>imperiali</strong></span> <span class='ocrx_word' id='word_1_96' title='bbox 672 1171 815 1252; x_wconf 77' lang='lat' dir='ltr'><strong>praeferri</strong></span> <span class='ocrx_word' id='word_1_97' title='bbox 843 1171 970 1234; x_wconf 84' lang='lat' dir='ltr'><strong>debebat</strong></span> <span class='ocrx_word' id='word_1_98' title='bbox 998 1195 1017 1234; x_wconf 87' lang='lat' dir='ltr'><strong>a</strong></span> <span class='ocrx_word' id='word_1_99' title='bbox 1046 1167 1133 1257; x_wconf 53' lang='lat' dir='ltr'><strong>spu?</strong></span> 
     </span>
     <span class='ocr_line' id='line_1_12' title="bbox 31 1249 505 1418; baseline 0.008 -104"><span class='ocrx_word' id='word_1_100' title='bbox 31 1255 149 1314; x_wconf 85' lang='lat' dir='ltr'><strong>thariis</strong></span> <span class='ocrx_word' id='word_1_101' title='bbox 172 1249 221 1314; x_wconf 83' lang='lat' dir='ltr'><strong>vel</strong></span> <span class='ocrx_word' id='word_1_102' title='bbox 244 1253 505 1418; x_wconf 57' lang='lat' dir='ltr'><strong>pgptospathariis.</strong></span> 
     </span>
    </p>
   </div>
   <div class='ocr_carea' id='block_1_3' title="bbox 124 1329 1117 1417">
    <p class='ocr_par' dir='ltr' id='par_1_4' title="bbox 124 1329 1117 1417">
     <span class='ocr_line' id='line_1_13' title="bbox 124 1329 1117 1417; baseline 0.001 -22"><span class='ocrx_word' id='word_1_103' title='bbox 124 1334 164 1395; x_wconf 86' lang='lat' dir='ltr'><strong>A.</strong></span> <span class='ocrx_word' id='word_1_104' title='bbox 188 1354 220 1394; x_wconf 72' lang='grc' dir='ltr'><strong>α.</strong></span> <span class='ocrx_word' id='word_1_105' title='bbox 297 1335 410 1416; x_wconf 80' lang='lat' dir='ltr'><strong>o,13.]</strong></span> <span class='ocrx_word' id='word_1_106' title='bbox 439 1335 554 1414; x_wconf 74' lang='grc' dir='ltr'><strong>ἕτερον.</strong></span> <span class='ocrx_word' id='word_1_107' title='bbox 609 1337 653 1396; x_wconf 88' lang='grc' dir='ltr'><strong>Μ.</strong></span> <span class='ocrx_word' id='word_1_108' title='bbox 686 1335 800 1396; x_wconf 88' lang='lat' dir='ltr'><strong>dabant</strong></span> <span class='ocrx_word' id='word_1_109' title='bbox 832 1336 1043 1417; x_wconf 70' lang='lat' dir='ltr'><strong>compendium</strong></span> <span class='ocrx_word' id='word_1_110' title='bbox 1069 1329 1117 1417; x_wconf 78' lang='grc' dir='ltr'><strong>ἔτ]</strong></span> 
     </span>
    </p>
   </div>
   <div class='ocr_carea' id='block_1_4' title="bbox 30 1412 1115 1583">
    <p class='ocr_par' dir='ltr' id='par_1_5' title="bbox 30 1412 1115 1583">
     <span class='ocr_line' id='line_1_14' title="bbox 30 1412 1115 1502; baseline 0 -24"><span class='ocrx_word' id='word_1_111' title='bbox 30 1414 123 1502; x_wconf 85' lang='lat' dir='ltr'><strong>quod</strong></span> <span class='ocrx_word' id='word_1_112' title='bbox 137 1427 252 1478; x_wconf 73' lang='lat' dir='ltr'><strong>ceretae</strong></span> <span class='ocrx_word' id='word_1_113' title='bbox 265 1412 324 1494; x_wconf 80' lang='grc' dir='ltr'><strong><em>ἔτι,</em></strong></span> <span class='ocrx_word' id='word_1_114' title='bbox 345 1437 384 1478; x_wconf 88' lang='lat' dir='ltr'><strong>an</strong></span> <span class='ocrx_word' id='word_1_115' title='bbox 398 1417 515 1495; x_wconf 76' lang='grc' dir='ltr'><em>ἕτερον,</em></span> <span class='ocrx_word' id='word_1_116' title='bbox 530 1417 730 1498; x_wconf 77' lang='lat' dir='ltr'>ambigebam.</span> <span class='ocrx_word' id='word_1_117' title='bbox 762 1417 896 1478; x_wconf 86' lang='lat' dir='ltr'><strong>Praetuii</strong></span> <span class='ocrx_word' id='word_1_118' title='bbox 911 1431 1010 1480; x_wconf 86' lang='lat' dir='ltr'><strong>tamen</strong></span> <span class='ocrx_word' id='word_1_119' title='bbox 1020 1421 1115 1501; x_wconf 84' lang='lat' dir='ltr'><strong>prius.</strong></span> 
     </span>
     <span class='ocr_line' id='line_1_15' title="bbox 123 1493 1115 1583; baseline 0.001 -23"><span class='ocrx_word' id='word_1_120' title='bbox 123 1499 165 1560; x_wconf 88' lang='lat' dir='ltr'><strong>A.</strong></span> <span class='ocrx_word' id='word_1_121' title='bbox 188 1499 220 1576; x_wconf 79' lang='grc'><strong>4.</strong></span> <span class='ocrx_word' id='word_1_122' title='bbox 244 1498 328 1583; x_wconf 78' lang='grc' dir='ltr'><strong>[64ο,</strong></span> <span class='ocrx_word' id='word_1_123' title='bbox 352 1497 417 1582; x_wconf 82' lang='grc' dir='ltr'><strong>ι5.]</strong></span> <span class='ocrx_word' id='word_1_124' title='bbox 443 1493 550 1560; x_wconf 74' lang='lat' dir='ltr'><strong>xo&#39;no.</strong></span> <span class='ocrx_word' id='word_1_125' title='bbox 591 1501 694 1562; x_wconf 70' lang='lat' dir='ltr'><strong>Possis</strong></span> <span class='ocrx_word' id='word_1_126' title='bbox 722 1520 845 1582; x_wconf 85' lang='lat' dir='ltr'><strong>quoque</strong></span> <span class='ocrx_word' id='word_1_127' title='bbox 870 1494 1029 1582; x_wconf 76' lang='grc' dir='ltr'><strong>κονεόρια.</strong></span> <span class='ocrx_word' id='word_1_128' title='bbox 1071 1503 1115 1562; x_wconf 87' lang='grc' dir='ltr'><strong>Μ.</strong></span> 
     </span>
    </p>
   </div>
   <div class='ocr_carea' id='block_1_5' title="bbox 11 1599 1207 4124">
    <p class='ocr_par' dir='ltr' id='par_1_6' title="bbox 35 1599 813 1733">
     <span class='ocr_line' id='line_1_16' title="bbox 95 1599 112 1634; baseline 0 0"><span class='ocrx_word' id='word_1_129' title='bbox 95 1599 112 1634; x_wconf 73' lang='grc' dir='ltr'>ῐ</span> 
     </span>
     <span class='ocr_line' id='line_1_17' title="bbox 35 1647 813 1733; baseline -0.005 -17"><span class='ocrx_word' id='word_1_130' title='bbox 35 1673 96 1716; x_wconf 70' lang='grc' dir='ltr'><strong>κον</strong></span> <span class='ocrx_word' id='word_1_131' title='bbox 116 1651 250 1727; x_wconf 83' lang='lat' dir='ltr'><strong>dabant,</strong></span> <span class='ocrx_word' id='word_1_132' title='bbox 277 1649 359 1712; x_wconf 87' lang='lat' dir='ltr'><strong>uude</strong></span> <span class='ocrx_word' id='word_1_133' title='bbox 377 1661 539 1733; x_wconf 89' lang='lat' dir='ltr'><strong>utrumque</strong></span> <span class='ocrx_word' id='word_1_134' title='bbox 558 1655 671 1733; x_wconf 87' lang='lat' dir='ltr'><strong>pariter</strong></span> <span class='ocrx_word' id='word_1_135' title='bbox 693 1647 813 1714; x_wconf 81' lang='lat' dir='ltr'><strong>efficias.</strong></span> 
     </span>
    </p>

    <p class='ocr_par' dir='ltr' id='par_1_7' title="bbox 127 1715 1122 1817">
     <span class='ocr_line' id='line_1_18' title="bbox 127 1715 1122 1817; baseline 0.005 -23"><span class='ocrx_word' id='word_1_136' title='bbox 127 1736 161 1794; x_wconf 92' lang='lat' dir='ltr'><strong>B.</strong></span> <span class='ocrx_word' id='word_1_137' title='bbox 196 1755 220 1796; x_wconf 93' lang='lat'><strong>1.</strong></span> <span class='ocrx_word' id='word_1_138' title='bbox 246 1731 333 1817; x_wconf 44' lang='lat'><strong>[645</strong></span> <span class='ocrx_word' id='word_1_139' title='bbox 348 1727 398 1816; x_wconf 67' lang='lat' dir='ltr'><strong>m]</strong></span> <span class='ocrx_word' id='word_1_140' title='bbox 429 1730 697 1813; x_wconf 75' lang='grc' dir='ltr'><strong>καμπηδικτώρια.</strong></span> <span class='ocrx_word' id='word_1_141' title='bbox 754 1733 1009 1816; x_wconf 85' lang='lat' dir='ltr'><strong>Campidootoria‚</strong></span> <span class='ocrx_word' id='word_1_142' title='bbox 1044 1715 1122 1798; x_wconf 80' lang='lat' dir='ltr'><strong>tdrte</strong></span> 
     </span>
    </p>

    <p class='ocr_par' dir='ltr' id='par_1_8' title="bbox 36 1817 1189 2230">
     <span class='ocr_line' id='line_1_19' title="bbox 36 1817 1124 1964; baseline -0.002 -85"><span class='ocrx_word' id='word_1_143' title='bbox 36 1817 116 1964; x_wconf 50' lang='lat' dir='ltr'><strong>{tibi</strong></span> <span class='ocrx_word' id='word_1_144' title='bbox 136 1818 273 1899; x_wconf 79' lang='lat' dir='ltr'><strong>nuspiam</strong></span> <span class='ocrx_word' id='word_1_145' title='bbox 296 1827 476 1894; x_wconf 83' lang='lat' dir='ltr'><strong>memorata,</strong></span> <span class='ocrx_word' id='word_1_146' title='bbox 499 1827 586 1877; x_wconf 88' lang='lat' dir='ltr'><strong>eraut</strong></span> <span class='ocrx_word' id='word_1_147' title='bbox 607 1820 710 1899; x_wconf 77' lang='lat' dir='ltr'><strong>sigua,</strong></span> <span class='ocrx_word' id='word_1_148' title='bbox 732 1819 834 1899; x_wconf 83' lang='lat' dir='ltr'><strong>qualia</strong></span> <span class='ocrx_word' id='word_1_149' title='bbox 853 1817 996 1900; x_wconf 74' lang='lat' dir='ltr'><strong>gerebant</strong></span> <span class='ocrx_word' id='word_1_150' title='bbox 1015 1821 1124 1900; x_wconf 82' lang='lat' dir='ltr'><strong>campi·</strong></span> 
     </span>
     <span class='ocr_line' id='line_1_20' title="bbox 63 1913 1189 1964; baseline -0.005 -2"><span class='ocrx_word' id='word_1_151' title='bbox 63 1913 195 1964; x_wconf 70' lang='lat' dir='ltr'><strong>ociores·</strong></span> <span class='ocrx_word' id='word_1_152' title='bbox 1185 1945 1189 1956; x_wconf 86' lang='grc'><em>,</em></span> 
     </span>
     <span class='ocr_line' id='line_1_21' title="bbox 108 1969 1123 2064; baseline 0.001 -22"><span class='ocrx_word' id='word_1_153' title='bbox 108 1969 162 2043; x_wconf 75' lang='lat' dir='ltr'><strong>&#39;n</strong></span> <span class='ocrx_word' id='word_1_154' title='bbox 184 2002 213 2042; x_wconf 79' lang='lat' dir='ltr'><strong>a.</strong></span> <span class='ocrx_word' id='word_1_155' title='bbox 237 1976 310 2064; x_wconf 75' lang='lat'><strong>[641</strong></span> <span class='ocrx_word' id='word_1_156' title='bbox 326 2023 336 2056; x_wconf 91' lang='lat'>‚</span> <span class='ocrx_word' id='word_1_157' title='bbox 351 1977 394 2062; x_wconf 80' lang='lat'><strong>3.]</strong></span> <span class='ocrx_word' id='word_1_158' title='bbox 414 1974 638 2063; x_wconf 74' lang='lat' dir='ltr'><strong>oxaoopoptxd.</strong></span> <span class='ocrx_word' id='word_1_159' title='bbox 678 1979 830 2041; x_wconf 83' lang='lat' dir='ltr'>Videntur</span> <span class='ocrx_word' id='word_1_160' title='bbox 858 1981 937 2050; x_wconf 81' lang='lat' dir='ltr'><strong>idem</strong></span> <span class='ocrx_word' id='word_1_161' title='bbox 967 1992 1057 2064; x_wconf 88' lang='lat' dir='ltr'><strong>atque</strong></span> <span class='ocrx_word' id='word_1_162' title='bbox 1084 1977 1123 2044; x_wconf 78' lang='lat' dir='ltr'><strong>ui</strong></span> 
     </span>
     <span class='ocr_line' id='line_1_22' title="bbox 40 2061 1125 2145; baseline -0.006 -16"><span class='ocrx_word' id='word_1_163' title='bbox 40 2063 144 2144; x_wconf 75' lang='grc' dir='ltr'><em>σκεύη</em></span> <span class='ocrx_word' id='word_1_164' title='bbox 165 2063 266 2140; x_wconf 77' lang='lat' dir='ltr'><strong>fuisse,</strong></span> <span class='ocrx_word' id='word_1_165' title='bbox 283 2062 321 2122; x_wconf 88' lang='lat' dir='ltr'><strong>de</strong></span> <span class='ocrx_word' id='word_1_166' title='bbox 340 2061 450 2144; x_wconf 84' lang='lat' dir='ltr'><strong>quibus</strong></span> <span class='ocrx_word' id='word_1_167' title='bbox 463 2085 561 2124; x_wconf 88' lang='lat' dir='ltr'><strong>meam</strong></span> <span class='ocrx_word' id='word_1_168' title='bbox 574 2064 752 2124; x_wconf 81' lang='lat' dir='ltr'><strong>sententiam</strong></span> <span class='ocrx_word' id='word_1_169' title='bbox 771 2063 809 2124; x_wconf 89' lang='lat' dir='ltr'><strong>ad</strong></span> <span class='ocrx_word' id='word_1_170' title='bbox 824 2086 856 2145; x_wconf 93' lang='lat' dir='ltr'><strong>p.</strong></span> <span class='ocrx_word' id='word_1_171' title='bbox 871 2062 941 2143; x_wconf 73' lang='grc'><strong>415.</strong></span> <span class='ocrx_word' id='word_1_172' title='bbox 955 2065 996 2130; x_wconf 91' lang='lat' dir='ltr'><strong>D.</strong></span> <span class='ocrx_word' id='word_1_173' title='bbox 1008 2065 1039 2126; x_wconf 83' lang='lat'><strong>3.</strong></span> <span class='ocrx_word' id='word_1_174' title='bbox 1051 2063 1125 2143; x_wconf 82' lang='lat' dir='ltr'><strong>dixi,</strong></span> 
     </span>
     <span class='ocr_line' id='line_1_23' title="bbox 41 2145 1127 2230; baseline -0.004 -20"><span class='ocrx_word' id='word_1_175' title='bbox 41 2169 157 2229; x_wconf 80' lang='lat' dir='ltr'><strong>nempe</strong></span> <span class='ocrx_word' id='word_1_176' title='bbox 175 2146 256 2228; x_wconf 79' lang='lat' dir='ltr'><strong>longi</strong></span> <span class='ocrx_word' id='word_1_177' title='bbox 277 2147 382 2224; x_wconf 87' lang='lat' dir='ltr'><strong>conti,</strong></span> <span class='ocrx_word' id='word_1_178' title='bbox 405 2148 437 2211; x_wconf 88' lang='lat' dir='ltr'><strong>in</strong></span> <span class='ocrx_word' id='word_1_179' title='bbox 457 2151 586 2228; x_wconf 87' lang='lat' dir='ltr'><strong>qudrum</strong></span> <span class='ocrx_word' id='word_1_180' title='bbox 606 2147 743 2206; x_wconf 81' lang='lat' dir='ltr'><strong>acumine</strong></span> <span class='ocrx_word' id='word_1_181' title='bbox 764 2145 906 2230; x_wconf 86' lang='lat' dir='ltr'><strong>trophaea</strong></span> <span class='ocrx_word' id='word_1_182' title='bbox 925 2145 982 2207; x_wconf 81' lang='lat' dir='ltr'><strong>fixa</strong></span> <span class='ocrx_word' id='word_1_183' title='bbox 1008 2149 1127 2230; x_wconf 87' lang='lat' dir='ltr'><strong>conspi-</strong></span> 
     </span>
    </p>

    <p class='ocr_par' dir='ltr' id='par_1_9' title="bbox 11 2240 658 2293">
     <span class='ocr_line' id='line_1_24' title="bbox 11 2240 658 2293; baseline -0.002 0"><span class='ocrx_word' id='word_1_184' title='bbox 11 2255 13 2284; x_wconf 83' lang='lat'><em>2</em></span> <span class='ocrx_word' id='word_1_185' title='bbox 41 2240 199 2293; x_wconf 75' lang='lat' dir='ltr'><strong>cenentur.</strong></span> <span class='ocrx_word' id='word_1_186' title='bbox 653 2282 658 2292; x_wconf 92' lang='lat'><strong>.</strong></span> 
     </span>
    </p>

    <p class='ocr_par' dir='ltr' id='par_1_10' title="bbox 41 2303 1131 2788">
     <span class='ocr_line' id='line_1_25' title="bbox 133 2303 1128 2454; baseline 0.002 -82"><span class='ocrx_word' id='word_1_187' title='bbox 133 2312 170 2372; x_wconf 89' lang='grc' dir='ltr'><strong>Β.</strong></span> <span class='ocrx_word' id='word_1_188' title='bbox 196 2309 226 2374; x_wconf 72' lang='grc' dir='ltr'><strong>ὅ.</strong></span> <span class='ocrx_word' id='word_1_189' title='bbox 251 2308 306 2394; x_wconf 70' lang='lat'><strong>[64</strong></span> <span class='ocrx_word' id='word_1_190' title='bbox 313 2331 338 2388; x_wconf 85' lang='lat'><strong>1,</strong></span> <span class='ocrx_word' id='word_1_191' title='bbox 351 2307 409 2454; x_wconf 47' lang='lat' dir='ltr'><strong>A}</strong></span> <span class='ocrx_word' id='word_1_192' title='bbox 419 2304 464 2388; x_wconf 75' lang='grc' dir='ltr'><strong>μὴ</strong></span> <span class='ocrx_word' id='word_1_193' title='bbox 489 2303 603 2389; x_wconf 78' lang='grc' dir='ltr'><strong><em>ἔχοντα</em></strong></span> <span class='ocrx_word' id='word_1_194' title='bbox 625 2307 831 2391; x_wconf 74' lang='grc' dir='ltr'><strong>περιποίησιν.</strong></span> <span class='ocrx_word' id='word_1_195' title='bbox 875 2311 961 2372; x_wconf 80' lang='lat' dir='ltr'><strong>Vetti</strong></span> <span class='ocrx_word' id='word_1_196' title='bbox 984 2331 1043 2372; x_wconf 86' lang='lat' dir='ltr'><strong>non</strong></span> <span class='ocrx_word' id='word_1_197' title='bbox 1070 2332 1128 2374; x_wconf 83' lang='lat' dir='ltr'><strong>na·</strong></span> 
     </span>
     <span class='ocr_line' id='line_1_26' title="bbox 41 2393 1129 2479; baseline -0.004 -21"><span class='ocrx_word' id='word_1_198' title='bbox 41 2411 96 2458; x_wconf 86' lang='lat' dir='ltr'><strong>eta</strong></span> <span class='ocrx_word' id='word_1_199' title='bbox 117 2397 341 2479; x_wconf 65' lang='lat' dir='ltr'><strong>reparationum</strong></span> <span class='ocrx_word' id='word_1_200' title='bbox 411 2395 485 2454; x_wconf 86' lang='lat' dir='ltr'><strong>ossit</strong></span> <span class='ocrx_word' id='word_1_201' title='bbox 499 2415 534 2454; x_wconf 89' lang='lat' dir='ltr'><strong>ea</strong></span> <span class='ocrx_word' id='word_1_202' title='bbox 558 2395 648 2454; x_wconf 88' lang='lat' dir='ltr'><strong>dictio</strong></span> <span class='ocrx_word' id='word_1_203' title='bbox 668 2414 789 2475; x_wconf 87' lang='lat' dir='ltr'><strong>quoque</strong></span> <span class='ocrx_word' id='word_1_204' title='bbox 810 2393 975 2476; x_wconf 81' lang='lat' dir='ltr'><strong>significare</strong></span> <span class='ocrx_word' id='word_1_205' title='bbox 994 2417 1053 2456; x_wconf 79' lang='lat' dir='ltr'><strong>uon</strong></span> <span class='ocrx_word' id='word_1_206' title='bbox 1072 2397 1129 2454; x_wconf 80' lang='lat' dir='ltr'><strong>lm·</strong></span> 
     </span>
     <span class='ocr_line' id='line_1_27' title="bbox 44 2477 1129 2559; baseline -0.004 -19"><span class='ocrx_word' id='word_1_207' title='bbox 44 2481 151 2540; x_wconf 68' lang='lat' dir='ltr'><strong>beutr&#39;tr</strong></span> <span class='ocrx_word' id='word_1_208' title='bbox 170 2479 203 2538; x_wconf 78' lang='lat' dir='ltr'><strong>in</strong></span> <span class='ocrx_word' id='word_1_209' title='bbox 222 2499 253 2536; x_wconf 82' lang='lat' dir='ltr'><strong>se</strong></span> <span class='ocrx_word' id='word_1_210' title='bbox 279 2477 374 2536; x_wconf 83' lang='lat' dir='ltr'><strong>locwn</strong></span> <span class='ocrx_word' id='word_1_211' title='bbox 402 2477 603 2559; x_wconf 57' lang='lat' dir='ltr'><strong>reparatum,</strong></span> <span class='ocrx_word' id='word_1_212' title='bbox 632 2496 700 2536; x_wconf 88' lang='lat' dir='ltr'><strong>eam</strong></span> <span class='ocrx_word' id='word_1_213' title='bbox 730 2497 792 2535; x_wconf 90' lang='lat' dir='ltr'><strong>non</strong></span> <span class='ocrx_word' id='word_1_214' title='bbox 821 2477 1029 2556; x_wconf 81' lang='lat' dir='ltr'><strong>admittentia,</strong></span> <span class='ocrx_word' id='word_1_215' title='bbox 1067 2495 1129 2536; x_wconf 89' lang='lat' dir='ltr'><strong>uon</strong></span> 
     </span>
     <span class='ocr_line' id='line_1_28' title="bbox 47 2555 1130 2642; baseline -0.003 -21"><span class='ocrx_word' id='word_1_216' title='bbox 47 2561 180 2622; x_wconf 81' lang='lat' dir='ltr'><strong>ferentia</strong></span> <span class='ocrx_word' id='word_1_217' title='bbox 216 2556 354 2642; x_wconf 85' lang='lat' dir='ltr'><strong>amplius.</strong></span> <span class='ocrx_word' id='word_1_218' title='bbox 398 2555 607 2638; x_wconf 74' lang='grc' dir='ltr'><strong><em>Περιποίησις</em></strong></span> <span class='ocrx_word' id='word_1_219' title='bbox 640 2567 687 2618; x_wconf 90' lang='lat' dir='ltr'><strong>est</strong></span> <span class='ocrx_word' id='word_1_220' title='bbox 720 2561 898 2638; x_wconf 81' lang='lat' dir='ltr'><strong>reparatio,</strong></span> <span class='ocrx_word' id='word_1_221' title='bbox 949 2579 1003 2638; x_wconf 88' lang='lat' dir='ltr'><strong>per</strong></span> <span class='ocrx_word' id='word_1_222' title='bbox 1038 2577 1130 2639; x_wconf 86' lang='lat' dir='ltr'><strong>quam</strong></span> 
     </span>
     <span class='ocr_line' id='line_1_29' title="bbox 46 2639 1131 2725; baseline -0.006 -19"><span class='ocrx_word' id='word_1_223' title='bbox 46 2643 201 2719; x_wconf 84' lang='lat' dir='ltr'><strong>efficitur,</strong></span> <span class='ocrx_word' id='word_1_224' title='bbox 229 2651 265 2702; x_wconf 90' lang='lat' dir='ltr'><strong>ut</strong></span> <span class='ocrx_word' id='word_1_225' title='bbox 285 2639 398 2725; x_wconf 85' lang='lat' dir='ltr'><strong>aliquid</strong></span> <span class='ocrx_word' id='word_1_226' title='bbox 418 2639 530 2724; x_wconf 80' lang='grc' dir='ltr'><strong><em>περιῇ,</em></strong></span> <span class='ocrx_word' id='word_1_227' title='bbox 554 2649 702 2722; x_wconf 73' lang='lat' dir='ltr'><strong>superstes</strong></span> <span class='ocrx_word' id='word_1_228' title='bbox 725 2641 765 2700; x_wconf 84' lang='lat' dir='ltr'><strong>ait</strong></span> <span class='ocrx_word' id='word_1_229' title='bbox 785 2651 815 2702; x_wconf 89' lang='lat' dir='ltr'><strong>et</strong></span> <span class='ocrx_word' id='word_1_230' title='bbox 835 2651 954 2702; x_wconf 88' lang='lat' dir='ltr'><strong>mancat</strong></span> <span class='ocrx_word' id='word_1_231' title='bbox 972 2644 1004 2700; x_wconf 87' lang='lat' dir='ltr'><strong>in</strong></span> <span class='ocrx_word' id='word_1_232' title='bbox 1028 2659 1131 2702; x_wconf 83' lang='lat' dir='ltr'><strong>rurum</strong></span> 
     </span>
     <span class='ocr_line' id='line_1_30' title="bbox 46 2737 174 2788; baseline -0.031 0"><span class='ocrx_word' id='word_1_233' title='bbox 46 2737 174 2788; x_wconf 85' lang='lat' dir='ltr'><strong>natura.</strong></span> 
     </span>
    </p>

    <p class='ocr_par' dir='ltr' id='par_1_11' title="bbox 48 2791 1207 4124">
     <span class='ocr_line' id='line_1_31' title="bbox 139 2791 1133 2890; baseline -0.005 -23"><span class='ocrx_word' id='word_1_234' title='bbox 139 2805 176 2868; x_wconf 87' lang='lat' dir='ltr'><strong>C.</strong></span> <span class='ocrx_word' id='word_1_235' title='bbox 202 2827 229 2866; x_wconf 85' lang='lat' dir='ltr'><strong>r.</strong></span> <span class='ocrx_word' id='word_1_236' title='bbox 254 2803 344 2890; x_wconf 58' lang='lat' dir='ltr'><strong>[fidu</strong></span> <span class='ocrx_word' id='word_1_237' title='bbox 365 2800 427 2887; x_wconf 88' lang='lat' dir='ltr'><strong>rr.]</strong></span> <span class='ocrx_word' id='word_1_238' title='bbox 452 2796 657 2885; x_wconf 71' lang='grc' dir='ltr'><strong>α’ληθινᾶερα.</strong></span> <span class='ocrx_word' id='word_1_239' title='bbox 699 2801 783 2864; x_wconf 89' lang='lat' dir='ltr'><strong>idem</strong></span> <span class='ocrx_word' id='word_1_240' title='bbox 803 2813 872 2864; x_wconf 83' lang='lat' dir='ltr'><strong>sunt</strong></span> <span class='ocrx_word' id='word_1_241' title='bbox 891 2814 982 2886; x_wconf 87' lang='lat' dir='ltr'><strong>atque</strong></span> <span class='ocrx_word' id='word_1_242' title='bbox 1004 2797 1044 2864; x_wconf 79' lang='grc' dir='ltr'><strong>τὰ</strong></span> <span class='ocrx_word' id='word_1_243' title='bbox 1058 2791 1133 2882; x_wconf 72' lang='grc' dir='ltr'><strong>ἄλη-</strong></span> 
     </span>
     <span class='ocr_line' id='line_1_32' title="bbox 49 2879 1134 2970; baseline -0.007 -16"><span class='ocrx_word' id='word_1_244' title='bbox 49 2883 173 2970; x_wconf 64' lang='lat' dir='ltr'><strong>&amp;aqud</strong></span> <span class='ocrx_word' id='word_1_245' title='bbox 194 2909 247 2949; x_wconf 79' lang='lat' dir='ltr'><strong>reu</strong></span> <span class='ocrx_word' id='word_1_246' title='bbox 272 2881 432 2968; x_wconf 65' lang='grc' dir='ltr'><strong>ἀληθινὰ,</strong></span> <span class='ocrx_word' id='word_1_247' title='bbox 462 2906 569 2968; x_wconf 83' lang='lat' dir='ltr'><strong>nempe</strong></span> <span class='ocrx_word' id='word_1_248' title='bbox 589 2879 778 2966; x_wconf 69' lang='grc' dir='ltr'><em>ἐσθήματα,</em></span> <span class='ocrx_word' id='word_1_249' title='bbox 811 2901 902 2946; x_wconf 80' lang='lat' dir='ltr'><strong>vester</strong></span> <span class='ocrx_word' id='word_1_250' title='bbox 922 2907 1011 2946; x_wconf 84' lang='lat' dir='ltr'><strong>verae</strong></span> <span class='ocrx_word' id='word_1_251' title='bbox 1036 2899 1066 2947; x_wconf 88' lang='lat' dir='ltr'><strong>et</strong></span> <span class='ocrx_word' id='word_1_252' title='bbox 1091 2904 1134 2946; x_wconf 75' lang='lat' dir='ltr'><strong>ex</strong></span> 
     </span>
     <span class='ocr_line' id='line_1_33' title="bbox 48 2967 1207 3052; baseline -0.008 -18"><span class='ocrx_word' id='word_1_253' title='bbox 48 2973 262 3052; x_wconf 78' lang='lat' dir='ltr'><strong>verirfaetae.</strong></span> <span class='ocrx_word' id='word_1_254' title='bbox 309 2967 494 3052; x_wconf 79' lang='lat' dir='ltr'><strong>Ambiguum</strong></span> <span class='ocrx_word' id='word_1_255' title='bbox 512 2970 572 3028; x_wconf 89' lang='lat' dir='ltr'><strong>iam</strong></span> <span class='ocrx_word' id='word_1_256' title='bbox 594 2978 656 3046; x_wconf 82' lang='lat' dir='ltr'><strong>est,</strong></span> <span class='ocrx_word' id='word_1_257' title='bbox 677 2990 752 3029; x_wconf 90' lang='lat' dir='ltr'><strong>num</strong></span> <span class='ocrx_word' id='word_1_258' title='bbox 773 2968 859 3030; x_wconf 83' lang='lat' dir='ltr'><strong>lacae</strong></span> <span class='ocrx_word' id='word_1_259' title='bbox 883 2970 1035 3044; x_wconf 85' lang='lat' dir='ltr'><strong>marinae,</strong></span> <span class='ocrx_word' id='word_1_260' title='bbox 1065 2967 1136 3048; x_wconf 87' lang='lat' dir='ltr'><strong>pin·</strong></span> <span class='ocrx_word' id='word_1_261' title='bbox 1204 3040 1207 3049; x_wconf 64' lang='lat'><strong>.</strong></span> 
     </span>
     <span class='ocr_line' id='line_1_34' title="bbox 49 3049 1138 3196; baseline -0.004 0"><span class='ocrx_word' id='word_1_262' title='bbox 49 3052 650 3196; x_wconf 61' lang='lat' dir='ltr'><strong>³¹²“t.t‘”:t.⁰t¹z¹umt⁰‘.tt{tn</strong></span> <span class='ocrx_word' id='word_1_263' title='bbox 677 3051 800 3194; x_wconf 58' lang='lat' dir='ltr'><strong>{iqui</strong></span> <span class='ocrx_word' id='word_1_264' title='bbox 828 3049 1138 3196; x_wconf 41' lang='lat' dir='ltr'><strong>pm1.3..‚.pp</strong></span> 
     </span>
     <span class='ocr_line' id='line_1_35' title="bbox 51 3150 1139 3298; baseline -0.01 -16"><span class='ocrx_word' id='word_1_265' title='bbox 51 3159 246 3282; x_wconf 51' lang='lat' dir='ltr'><strong>didndubildm</strong></span> <span class='ocrx_word' id='word_1_266' title='bbox 269 3157 331 3294; x_wconf 46' lang='lat' dir='ltr'><strong>est?</strong></span> <span class='ocrx_word' id='word_1_267' title='bbox 348 3150 580 3298; x_wconf 55' lang='lat' dir='ltr'><strong>voxldtdvpytc</strong></span> <span class='ocrx_word' id='word_1_268' title='bbox 604 3155 1139 3292; x_wconf 47' lang='lat' dir='ltr'><strong>adgldratdriadroevdertcd&#39;lam,adduam</strong></span> 
     </span>
     <span class='ocr_line' id='line_1_36' title="bbox 52 3297 1140 3382; baseline -0.009 -18"><span class='ocrx_word' id='word_1_269' title='bbox 52 3305 218 3378; x_wconf 85' lang='lat' dir='ltr'><strong>marinam,</strong></span> <span class='ocrx_word' id='word_1_270' title='bbox 242 3323 279 3360; x_wconf 91' lang='lat' dir='ltr'><strong>an</strong></span> <span class='ocrx_word' id='word_1_271' title='bbox 304 3301 342 3360; x_wconf 89' lang='lat' dir='ltr'><strong>ad</strong></span> <span class='ocrx_word' id='word_1_272' title='bbox 365 3299 507 3374; x_wconf 84' lang='lat' dir='ltr'><strong>colorem,</strong></span> <span class='ocrx_word' id='word_1_273' title='bbox 529 3317 652 3359; x_wconf 84' lang='lat' dir='ltr'><strong>succum</strong></span> <span class='ocrx_word' id='word_1_274' title='bbox 662 3320 815 3382; x_wconf 80' lang='lat' dir='ltr'><strong>purpurae</strong></span> <span class='ocrx_word' id='word_1_275' title='bbox 829 3299 976 3378; x_wconf 84' lang='lat' dir='ltr'><strong>respiciat.</strong></span> <span class='ocrx_word' id='word_1_276' title='bbox 1012 3297 1140 3357; x_wconf 87' lang='lat' dir='ltr'><strong>Utrum·</strong></span> 
     </span>
     <span class='ocr_line' id='line_1_37' title="bbox 52 3379 1141 3470; baseline -0.008 -25"><span class='ocrx_word' id='word_1_277' title='bbox 52 3406 119 3470; x_wconf 87' lang='lat' dir='ltr'><strong>que</strong></span> <span class='ocrx_word' id='word_1_278' title='bbox 143 3386 234 3444; x_wconf 82' lang='lat' dir='ltr'><strong>mario</strong></span> <span class='ocrx_word' id='word_1_279' title='bbox 254 3383 435 3465; x_wconf 88' lang='lat' dir='ltr'><strong>productum</strong></span> <span class='ocrx_word' id='word_1_280' title='bbox 458 3391 532 3441; x_wconf 89' lang='lat' dir='ltr'><strong>erat.</strong></span> <span class='ocrx_word' id='word_1_281' title='bbox 575 3381 673 3441; x_wconf 89' lang='lat' dir='ltr'><strong>Porro</strong></span> <span class='ocrx_word' id='word_1_282' title='bbox 692 3382 798 3442; x_wconf 83' lang='lat' dir='ltr'><strong>dicunt</strong></span> <span class='ocrx_word' id='word_1_283' title='bbox 817 3379 908 3460; x_wconf 78' lang='lat' dir='ltr'><strong>vulgo</strong></span> <span class='ocrx_word' id='word_1_284' title='bbox 928 3381 1083 3439; x_wconf 72' lang='lat' dir='ltr'><strong>alithium</strong></span> <span class='ocrx_word' id='word_1_285' title='bbox 1107 3387 1141 3436; x_wconf 80' lang='lat' dir='ltr'><strong>et</strong></span> 
     </span>
     <span class='ocr_line' id='line_1_38' title="bbox 52 3459 1142 3546; baseline -0.013 -14"><span class='ocrx_word' id='word_1_286' title='bbox 52 3489 127 3546; x_wconf 68' lang='lat' dir='ltr'><strong>oxy</strong></span> <span class='ocrx_word' id='word_1_287' title='bbox 151 3467 230 3526; x_wconf 86' lang='lat' dir='ltr'><strong>idem</strong></span> <span class='ocrx_word' id='word_1_288' title='bbox 254 3487 338 3539; x_wconf 76' lang='lat' dir='ltr'><strong>esce,</strong></span> <span class='ocrx_word' id='word_1_289' title='bbox 370 3476 533 3546; x_wconf 89' lang='lat' dir='ltr'><strong>utrumque</strong></span> <span class='ocrx_word' id='word_1_290' title='bbox 562 3485 740 3546; x_wconf 78' lang='lat' dir='ltr'><strong>purpuram.</strong></span> <span class='ocrx_word' id='word_1_291' title='bbox 782 3463 877 3545; x_wconf 84' lang='lat' dir='ltr'><strong>Atqui</strong></span> <span class='ocrx_word' id='word_1_292' title='bbox 897 3462 946 3522; x_wconf 91' lang='lat' dir='ltr'><strong>hic</strong></span> <span class='ocrx_word' id='word_1_293' title='bbox 967 3459 1024 3520; x_wconf 88' lang='lat' dir='ltr'><strong>ioci</strong></span> <span class='ocrx_word' id='word_1_294' title='bbox 1045 3479 1142 3540; x_wconf 84' lang='lat' dir='ltr'><strong>oppo-</strong></span> 
     </span>
     <span class='ocr_line' id='line_1_39' title="bbox 55 3538 1143 3628; baseline -0.009 -16"><span class='ocrx_word' id='word_1_295' title='bbox 55 3560 181 3612; x_wconf 89' lang='lat' dir='ltr'><strong>nuntur</strong></span> <span class='ocrx_word' id='word_1_296' title='bbox 203 3542 243 3608; x_wconf 73' lang='lat' dir='ltr'><strong>td</strong></span> <span class='ocrx_word' id='word_1_297' title='bbox 267 3541 404 3628; x_wconf 69' lang='grc' dir='ltr'><strong>ἀληθινὰ</strong></span> <span class='ocrx_word' id='word_1_298' title='bbox 425 3559 455 3608; x_wconf 87' lang='lat' dir='ltr'><strong>et</strong></span> <span class='ocrx_word' id='word_1_299' title='bbox 474 3540 514 3606; x_wconf 76' lang='grc' dir='ltr'><strong>τὰ</strong></span> <span class='ocrx_word' id='word_1_300' title='bbox 537 3541 622 3620; x_wconf 78' lang='grc' dir='ltr'><strong>ὄξέα.</strong></span> <span class='ocrx_word' id='word_1_301' title='bbox 666 3548 780 3607; x_wconf 87' lang='lat' dir='ltr'><strong>Dicunt</strong></span> <span class='ocrx_word' id='word_1_302' title='bbox 800 3565 921 3627; x_wconf 68' lang='lat' dir='ltr'><strong>qumque</strong></span> <span class='ocrx_word' id='word_1_303' title='bbox 939 3539 975 3602; x_wconf 81' lang='grc' dir='ltr'>τό</span> <span class='ocrx_word' id='word_1_304' title='bbox 997 3538 1053 3616; x_wconf 72' lang='grc' dir='ltr'><strong>6ξύ</strong></span> <span class='ocrx_word' id='word_1_305' title='bbox 1076 3544 1143 3602; x_wconf 78' lang='grc' dir='ltr'><strong>υἱο-</strong></span> 
     </span>
     <span class='ocr_line' id='line_1_40' title="bbox 56 3615 1143 3730; baseline -0.01 -35"><span class='ocrx_word' id='word_1_306' title='bbox 56 3637 178 3694; x_wconf 73' lang='lat' dir='ltr'><strong>lacrum</strong></span> <span class='ocrx_word' id='word_1_307' title='bbox 196 3651 271 3692; x_wconf 84' lang='lat' dir='ltr'><strong>esse.</strong></span> <span class='ocrx_word' id='word_1_308' title='bbox 308 3629 409 3730; x_wconf 61' lang='lat' dir='ltr'><strong>Atqui</strong></span> <span class='ocrx_word' id='word_1_309' title='bbox 433 3629 483 3690; x_wconf 88' lang='lat' dir='ltr'><strong>hie</strong></span> <span class='ocrx_word' id='word_1_310' title='bbox 503 3627 646 3690; x_wconf 87' lang='lat' dir='ltr'><strong>dicuntur</strong></span> <span class='ocrx_word' id='word_1_311' title='bbox 668 3627 740 3702; x_wconf 64' lang='grc' dir='ltr'><strong>ὀξέα</strong></span> <span class='ocrx_word' id='word_1_312' title='bbox 757 3629 879 3706; x_wconf 78' lang='grc' dir='ltr'><strong><em>χροακιὶ</em></strong></span> <span class='ocrx_word' id='word_1_313' title='bbox 903 3637 933 3686; x_wconf 89' lang='lat' dir='ltr'><strong>et</strong></span> <span class='ocrx_word' id='word_1_314' title='bbox 948 3615 1143 3704; x_wconf 69' lang='lat' dir='ltr'><strong>dtqdrvdepc</strong></span> 
     </span>
     <span class='ocr_line' id='line_1_41' title="bbox 55 3703 1143 3795; baseline -0.006 -22"><span class='ocrx_word' id='word_1_315' title='bbox 55 3705 197 3794; x_wconf 78' lang='grc' dir='ltr'><strong>χροακᾶ.</strong></span> <span class='ocrx_word' id='word_1_316' title='bbox 239 3714 323 3795; x_wconf 80' lang='lat' dir='ltr'><strong>Ergo</strong></span> <span class='ocrx_word' id='word_1_317' title='bbox 345 3733 379 3772; x_wconf 83' lang='lat' dir='ltr'><strong>ro</strong></span> <span class='ocrx_word' id='word_1_318' title='bbox 401 3703 457 3784; x_wconf 79' lang='grc' dir='ltr'><strong>ὄξῦ</strong></span> <span class='ocrx_word' id='word_1_319' title='bbox 479 3731 541 3770; x_wconf 91' lang='lat' dir='ltr'><strong>non</strong></span> <span class='ocrx_word' id='word_1_320' title='bbox 561 3721 606 3771; x_wconf 82' lang='lat' dir='ltr'><strong>cst</strong></span> <span class='ocrx_word' id='word_1_321' title='bbox 628 3709 723 3790; x_wconf 83' lang='lat' dir='ltr'><strong>color,</strong></span> <span class='ocrx_word' id='word_1_322' title='bbox 748 3709 801 3772; x_wconf 80' lang='lat' dir='ltr'><strong>aed</strong></span> <span class='ocrx_word' id='word_1_323' title='bbox 820 3707 1001 3770; x_wconf 88' lang='lat' dir='ltr'><strong>modificatio</strong></span> <span class='ocrx_word' id='word_1_324' title='bbox 1019 3706 1143 3782; x_wconf 82' lang='lat' dir='ltr'><strong>coloris,</strong></span> 
     </span>
     <span class='ocr_line' id='line_1_42' title="bbox 58 3789 1145 3880; baseline -0.008 -23"><span class='ocrx_word' id='word_1_325' title='bbox 58 3806 185 3880; x_wconf 86' lang='lat' dir='ltr'><strong>praeter</strong></span> <span class='ocrx_word' id='word_1_326' title='bbox 203 3793 324 3869; x_wconf 87' lang='lat' dir='ltr'><strong>album,</strong></span> <span class='ocrx_word' id='word_1_327' title='bbox 347 3797 562 3874; x_wconf 88' lang='lat' dir='ltr'><strong>cuiuscunque.</strong></span> <span class='ocrx_word' id='word_1_328' title='bbox 607 3793 752 3874; x_wconf 84' lang='lat' dir='ltr'><strong>idemque</strong></span> <span class='ocrx_word' id='word_1_329' title='bbox 785 3791 823 3852; x_wconf 88' lang='lat' dir='ltr'><strong>de</strong></span> <span class='ocrx_word' id='word_1_330' title='bbox 852 3789 991 3872; x_wconf 69' lang='grc' dir='ltr'><strong>ἀληθινῷ</strong></span> <span class='ocrx_word' id='word_1_331' title='bbox 1009 3799 1145 3848; x_wconf 86' lang='lat' dir='ltr'><strong>statuen-</strong></span> 
     </span>
     <span class='ocr_line' id='line_1_43' title="bbox 59 3869 1146 3974; baseline -0.011 -34"><span class='ocrx_word' id='word_1_332' title='bbox 59 3881 153 3940; x_wconf 87' lang='lat' dir='ltr'><strong>dum.</strong></span> <span class='ocrx_word' id='word_1_333' title='bbox 195 3877 324 3938; x_wconf 88' lang='lat' dir='ltr'><strong>Reddidi</strong></span> <span class='ocrx_word' id='word_1_334' title='bbox 343 3898 413 3959; x_wconf 83' lang='lat' dir='ltr'><strong>ergo</strong></span> <span class='ocrx_word' id='word_1_335' title='bbox 435 3873 485 3935; x_wconf 84' lang='lat' dir='ltr'><strong>hic</strong></span> <span class='ocrx_word' id='word_1_336' title='bbox 503 3875 625 3958; x_wconf 85' lang='lat' dir='ltr'><strong>quidem</strong></span> <span class='ocrx_word' id='word_1_337' title='bbox 646 3873 704 3935; x_wconf 86' lang='lat' dir='ltr'><strong>ioci</strong></span> <span class='ocrx_word' id='word_1_338' title='bbox 727 3869 921 3974; x_wconf 67' lang='lat' dir='ltr'><strong>dirpdwciepu</strong></span> <span class='ocrx_word' id='word_1_339' title='bbox 940 3892 994 3954; x_wconf 90' lang='lat' dir='ltr'><strong>per</strong></span> <span class='ocrx_word' id='word_1_340' title='bbox 1014 3869 1081 3931; x_wconf 81' lang='lat' dir='ltr'><strong>veri</strong></span> <span class='ocrx_word' id='word_1_341' title='bbox 1099 3873 1146 3928; x_wconf 82' lang='lat' dir='ltr'><strong>iu·</strong></span> 
     </span>
     <span class='ocr_line' id='line_1_44' title="bbox 60 3954 1148 4042; baseline -0.01 -20"><span class='ocrx_word' id='word_1_342' title='bbox 60 3965 126 4034; x_wconf 79' lang='lat' dir='ltr'><strong>ris,</strong></span> <span class='ocrx_word' id='word_1_343' title='bbox 147 3969 179 4020; x_wconf 86' lang='lat' dir='ltr'><strong>et</strong></span> <span class='ocrx_word' id='word_1_344' title='bbox 199 3955 272 4034; x_wconf 76' lang='grc' dir='ltr'><strong><em>ὄξέα</em></strong></span> <span class='ocrx_word' id='word_1_345' title='bbox 292 3960 444 4042; x_wconf 61' lang='lat' dir='ltr'><strong>peracuti</strong></span> <span class='ocrx_word' id='word_1_346' title='bbox 459 3961 546 4018; x_wconf 77' lang='lat' dir='ltr'><strong>iurr&#39;s.</strong></span> <span class='ocrx_word' id='word_1_347' title='bbox 588 3959 726 4018; x_wconf 89' lang='lat' dir='ltr'><strong>Primum</strong></span> <span class='ocrx_word' id='word_1_348' title='bbox 746 3957 882 4036; x_wconf 83' lang='grc' dir='ltr'><em>βαμμα,</em></span> <span class='ocrx_word' id='word_1_349' title='bbox 906 3975 966 4036; x_wconf 87' lang='lat' dir='ltr'><strong>quo</strong></span> <span class='ocrx_word' id='word_1_350' title='bbox 987 3955 1030 4014; x_wconf 82' lang='lat' dir='ltr'><strong>tin</strong></span> <span class='ocrx_word' id='word_1_351' title='bbox 1053 3954 1148 4012; x_wconf 83' lang='lat' dir='ltr'><strong>eban-</strong></span> 
     </span>
     <span class='ocr_line' id='line_1_45' title="bbox 61 3977 1147 4124; baseline -0.012 -19"><span class='ocrx_word' id='word_1_352' title='bbox 61 4057 118 4105; x_wconf 88' lang='lat' dir='ltr'><strong>tur</strong></span> <span class='ocrx_word' id='word_1_353' title='bbox 140 4043 255 4124; x_wconf 85' lang='lat' dir='ltr'><strong>panni,</strong></span> <span class='ocrx_word' id='word_1_354' title='bbox 286 4051 349 4102; x_wconf 85' lang='lat' dir='ltr'><strong>erat</strong></span> <span class='ocrx_word' id='word_1_355' title='bbox 369 4035 534 4121; x_wconf 57' lang='grc' dir='ltr'><strong><em>ἀληθινὸν,</em></strong></span> <span class='ocrx_word' id='word_1_356' title='bbox 559 4061 672 4101; x_wconf 79' lang='lat' dir='ltr'><strong>mertun</strong></span> <span class='ocrx_word' id='word_1_357' title='bbox 697 4053 727 4104; x_wconf 86' lang='lat' dir='ltr'><strong>et</strong></span> <span class='ocrx_word' id='word_1_358' title='bbox 753 4060 856 4102; x_wconf 70' lang='lat' dir='ltr'><strong>venam</strong></span> <span class='ocrx_word' id='word_1_359' title='bbox 876 4040 940 4110; x_wconf 61' lang='grc' dir='ltr'><strong>ἰωὴ·</strong></span> <span class='ocrx_word' id='word_1_360' title='bbox 969 3977 1051 4098; x_wconf 63' lang='lat' dir='ltr'><strong>nihii3</strong></span> <span class='ocrx_word' id='word_1_361' title='bbox 1066 4037 1147 4096; x_wconf 88' lang='lat' dir='ltr'><strong>enim</strong></span> 
     </span>
    </p>
   </div>
   <div class='ocr_carea' id='block_1_6' title="bbox 99 4139 953 4242">
    <p class='ocr_par' dir='ltr' id='par_1_12' title="bbox 99 4139 953 4242">
     <span class='ocr_line' id='line_1_46' title="bbox 99 4139 953 4242; baseline -0.009 -14"><span class='ocrx_word' id='word_1_362' title='bbox 99 4153 305 4228; x_wconf 53' lang='lat' dir='ltr'><strong>comanam</strong></span> <span class='ocrx_word' id='word_1_363' title='bbox 320 4169 451 4242; x_wconf 47' lang='lat' dir='ltr'><strong>roman.</strong></span> <span class='ocrx_word' id='word_1_364' title='bbox 476 4139 589 4223; x_wconf 57' lang='lat' dir='ltr'><strong>m‘n.</strong></span> <span class='ocrx_word' id='word_1_365' title='bbox 918 4167 953 4235; x_wconf 75' lang='lat' dir='ltr'><strong>ta</strong></span> 
     </span>
    </p>
   </div>
   <div class='ocr_carea' id='block_1_7' title="bbox 0 0 1538 4892">
    <p class='ocr_par' dir='ltr' id='par_1_13' title="bbox 0 0 1538 4892">
     <span class='ocr_line' id='line_1_47' title="bbox 0 0 1538 4892; baseline 0 0"><span class='ocrx_word' id='word_1_366' title='bbox 0 0 1538 4892; x_wconf 95' lang='lat' dir='ltr'><strong> </strong></span> 
     </span>
    </p>
   </div>
  </div>
 </body>
</html>
