2975 4892
161 367 219 435 iu
247 365 473 434 cousruu.
512 365 661 432 ronan.
690 367 746 430 us
771 365 907 432 enain.
943 371 1018 434 un.
1047 375 1073 435 1.
1107 343 1192 459 369

103 543 167 609 χον
188 519 323 590 δυνατὸν
342 517 426 586 οὕτω
445 519 656 606 timuero,
675 521 915 620 leonorpimlrvq
937 525 972 589 ll
993 525 1191 672 drappople-

105 633 149 672 τα
168 608 226 670 καί
246 607 281 680 ἐς
312 608 376 669 τῶν
401 605 529 668 ὑπάτων
550 605 763 689 ἀναβεβηκυῖα
782 602 836 669 τὸν
857 607 990 689 δίφρον,
1026 629 1042 669 o
1084 613 1193 690 μεῖζον

109 683 194 753 εἶναι
225 687 321 751 οὐδὲν
345 684 381 750 ἔν
400 711 436 768 ys
455 689 494 772 τῇ
511 683 676 767 Ῥωμαίων
706 689 844 775 πολιτείᾳ
865 689 959 751 δοκεῖ.
1013 693 1046 754 ln
1069 716 1193 757 carruca

106 773 283 918 procedenti
304 773 453 855 praesecto
473 772 743 854 praeambulabant
764 775 828 833 eius
861 771 992 834 officium
1022 797 1077 837 seu
1099 777 1190 838 satel-

120 862 176 919 ites
195 859 227 918 in
248 855 414 938 splendido*
438 866 596 937 apparatu.
637 857 669 915 S.
691 855 871 938 Fulgentius
891 855 997 917 homil.
1015 859 1082 920 LX.
1103 860 1141 921 de
1157 861 1194 922 S.

107 941 298 1001 Laurentio:
347 938 442 1019 Ignea
464 959 594 1012 mntca,
620 959 709 1024 qtmm
730 937 1025 1022 pruecedtmtffcia
1040 945 1194 1026 pretiosa,

108 1044 170 1086 non
183 1021 385 1100 chlamyden,
409 1041 468 1082 αοιι
487 1023 593 1082 semoti
610 1035 638 1081 et
654 1024 780 1086 sericati.

173 1105 248 1167 226.
261 1105 304 1164 D.
321 1126 352 1164 o.
374 1103 465 1188 [389,
487 1101 532 1186 m]
561 1103 730 1184 στρατιῶν.
787 1105 844 1166 Est
864 1127 898 1166 ex
918 1123 1002 1168 more
1025 1106 1142 1168 scribae
1164 1125 1195 1168 τι

109 1199 143 1250 et
165 1209 178 1246 t
198 1187 411 1270 permutandi,
443 1208 499 1269 pro
520 1187 704 1262 στρατειῶν.
747 1186 804 1248 Est
824 1199 925 1248 nutem
942 1189 993 1250 hic
1016 1187 1074 1251 ioci
1095 1209 1195 1272 ατρα-

108 1268 182 1332 τεία
202 1273 330 1343 milt'tio,
349 1291 412 1330 non
432 1271 487 1344 id,
509 1268 593 1350 quod
612 1268 670 1330 hae
692 1280 789 1330 aetate
812 1270 941 1333 solemus
960 1273 1003 1334 sio
1024 1271 1193 1358 appellare,

109 1363 208 1414 statua
222 1357 256 1414 iu
276 1352 368 1413 armis
386 1353 529 1413 merentis
548 1363 579 1412 et
598 1354 714 1433 patriae
733 1351 899 1415 defensioni
919 1356 1118 1438 invigilantis,
1142 1353 1197 1418 sed

109 1439 214 1497 omnis
237 1436 374 1514 functio,
393 1455 505 1495 munus
525 1434 749 1516 quodcunque,
773 1457 825 1496 seu
846 1436 998 1517 militare,
1020 1459 1070 1500 seu
1094 1438 1195 1520 civile,

111 1531 145 1580 et
165 1522 365 1597 investitura,
382 1539 435 1579 seu
455 1520 645 1594 commissio,
676 1519 829 1599 impositio
850 1523 913 1581 eius
932 1524 965 1582 in
987 1519 1113 1600 alicuius
1134 1521 1195 1584 hu-

110 1623 223 1663 meros.
266 1594 297 1661 oi
324 1599 359 1662 ἐν
385 1595 567 1680 στρατείαις
587 1594 803 1676 ἐξεταζόμενοι
822 1613 893 1664 sunt
913 1601 1018 1664 officiis
1039 1604 1197 1688 iungentes

111 1685 243 1828 publicis
264 1685 468 1766 cuiuscunque
490 1686 627 1764 generis,
648 1681 729 1764 apud
751 1681 931 1769 'Phouphan
951 1705 981 1766 p.
994 1681 1044 1764 4ο.
1060 1684 1103 1747 D.
1124 1704 1197 1792 pen.

127 1769 200 1829 dem
219 1789 252 1850 p.
282 1764 354 1849 387.
378 1767 415 1826 C.
440 1767 471 1827 3.
505 1765 597 1826 habet
616 1757 845 1844 apeteliote
865 1767 900 1829 ἐν
916 1767 1095 1845 βασιλικαῖς
1115 1789 1199 1850 σαψ

115 1847 257 1932 ρισίαις,
277 1851 315 1908 ἰιι
326 1852 415 1930 regiis
432 1851 562 1909 seruitiis
581 1849 731 1923 militare,
761 1847 794 1908 id
815 1860 862 1910 est
881 1853 1046 1932 occupari,
1068 1869 1120 1912 seu
1142 1871 1198 1934 po-

115 1935 176 1994 tius
196 1953 314 1993 merere
333 1936 370 1992 sti
411 1933 528 1992 odium.
571 1932 618 1993 Ex
639 1951 675 1992 eo
693 1951 826 2014 nempe,
891 1933 932 1994 od
950 1933 1199 2018 stipendiumme·

114 2037 181 2076 rere
199 2037 220 2076 a
246 2035 316 2096 rege
336 2037 373 2076 ve
420 2013 572 2100 republica
598 2015 799 2076 necessarium
829 1955 1006 2077 alllunctum
1036 2027 1066 2077 et
1095 2033 1200 2078 conse

115 2119 213 2181 ιριιεαι
232 2097 357 2158 militiae
375 2110 471 2172 esset,
492 2099 615 2171 factum,
637 2108 671 2157 nt
694 2096 836 2160 militare·
849 2109 880 2159 et
900 2093 1132 2181 στρατεύεσθαι
1152 2099 1200 2162 di-

115 2193 236 2245 ceretur
255 2203 312 2264 pro
343 2179 539 2244 honorarium
560 2180 591 2240 in
602 2180 730 2242 servitiis
752 2192 806 2242 aut
826 2183 904 2264 regis
938 2193 990 2243 aut
1016 2181 1200 2264 reipublicae

115 2267 248 2341 mereri,
280 2285 461 2346 quoeunque
489 2263 581 2324 modo
608 2263 640 2324 id
667 2263 730 2323 fiat.
773 2263 902 2325 Gedren.¹
937 2285 967 2348 p.
991 2265 1063 2327 516.
1087 2266 1128 2325 D.
1150 2286 1196 2327 ιο.
1223 2317 1230 2326 .

116 2347 212 2408 babet
230 2347 408 2427 μετεκίνησε
427 2347 539 2408 τοῦτον
557 2336 595 2426 ἧς
613 2343 723 2429 μετῄει
735 2347 910 2426 στρατείας,
931 2347 1109 2432 impediebat
1122 2369 1198 2424 etun,

116 2431 259 2507 arcebat,
280 2429 453 2506 amovebat,
475 2451 497 2489 α
514 2432 717 2520 pmnwtione,
743 2431 919 2504 columne,
949 2432 1097 2504 mutere,
1122 2429 1205 2517 quod

117 2514 277 2591 ambiebat,
293 2513 463 2588 obtinenda,
484 2523 515 2572 et
533 2535 568 2594 p.
580 2509 653 2590 485.
675 2513 710 2570 B.
731 2511 808 2572 ult:
833 2508 849 2572 tl
871 2509 1051 2594 στρατεύων
1070 2511 1132 2574 τιόν
1150 2509 1203 2574 in-

116 2591 276 2673 ποκόμων,
297 2609 406 2656 mutor
427 2617 462 2656 eo
475 2609 604 2680 tempore
624 2609 653 2655 et
674 2593 725 2654 die
749 2598 888 2656 serviem.
932 2594 1121 2678 Nicephorus
1141 2596 1203 2663 Po.-

118 2677 242 2740 triamh.
262 2672 402 2739 manus
413 2680 549 2739 Breviar.
561 2677 638 2738 Hist.
658 2697 692 2759 p.
706 2681 779 2740 223.
802 2678 851 2737 ed.
874 2677 1002 2739 Petam:
1025 2675 1204 2757 στρατείαις

118 2761 186 2822 ταῖν
215 2754 403 2837 ἀξιωμάτων
433 2758 716 2843 φιλοτιμούμενοι,
746 2763 941 2835 investitam,
977 2760 1200 2835 collationibus,

118 2844 371 2906 σοοτατιζιιίοιιιίιια
394 2844 572 2925 dignitatemr
591 2843 714 2915 donati,
750 2846 851 2903 macti.
893 2843 1014 2904 Pariter
1033 2843 1135 2903 Latini
1155 2863 1203 2902 se-

119 2929 244 3010 quiores
272 2925 377 2987 dicunt
400 2927 504 2987 eodem
532 2947 621 2988 sensu
640 2926 787 3001 militare,
810 2947 872 2987 esse
893 2928 924 2986 in
948 2924 1045 2986 officio
1066 2947 1203 3008 quocun·

119 3031 181 3094 qne
204 3007 338 3091 publioo.
392 3010 459 3070 lmo
485 3030 522 3070 eo
541 3018 730 3070 excmserunt
754 3009 898 3092 quidam,
930 3019 967 3071 ut
998 3009 1126 3070 militare
1147 3029 1205 3092 pro

119 3093 256 3155 officium
273 3112 364 3152 suum
391 3092 508 3165 facere,
536 3103 688 3174 praestare
719 3111 808 3152 usum
838 3089 928 3152 dese
950 3103 1151 3174 exspectatum
1173 3102 1205 3153 et

122 3177 262 3237 debitum
280 3195 460 3258 quacunque
480 3177 509 3234 in
532 3197 585 3251 re,
605 3175 695 3235 etiam
714 3174 752 3236 de
772 3175 862 3235 rebus
882 3195 943 3235 non
965 3179 1104 3236 animatis
1124 3177 1206 3235 dice·

122 3270 203 3320 rent.
225 3260 275 3319 Sie
284 3255 491 3320 Tertullianus
499 3258 538 3318 de
544 3257 659 3319 Pallio:
682 3257 771 3318 Artes
788 3273 830 3319 est
848 3259 985 3318 maeltina
997 3302 1006 3335 ,
1020 3279 1095 3342 quae
1107 3277 1206 3317 muros

109 3345 262 3424 srmtgem
278 3343 400 3420 οιίίιιστ,
419 3341 452 3402 id
467 3353 511 3402 est
525 3362 604 3424 quae
620 3340 786 3422 frangendo
806 3361 909 3407 muros
932 3340 1064 3402 officium
1085 3341 1157 3400 fucit
1177 3350 1208 3402 et

121 3425 317 3488 destinationi
336 3445 407 3486 suae
428 3425 581 3487 satisfacit.
625 3425 692 3507 lpse
713 3425 773 3484 iam
790 3424 932 3484 Horatius
949 3423 1049 3504 Epist.
1070 3419 1093 3484 l.
1117 3441 1162 3484 m:

761 3509 909 3566 venetiae
931 3528 973 3566 ex
985 3527 1043 3590 qtto

253 3591 397 3674 Tempore
417 3593 570 3652 οενωίασοτ
582 3592 695 3674 pellem
717 3590 843 3650 latravit
863 3591 895 3649 ιἰι
922 3587 1012 3664 aeta,

248 3674 366 3734 Mutat
383 3675 418 3734 τ’τι
434 3675 528 3754 sylvis
546 3676 669 3735 οααιίια.
712 3723 715 3732 .
1007 3697 1008 3705 ’

125 3753 208 3816 Hine
227 3757 339 3817 utilitia
360 3760 471 3838 passim
492 3757 665 3818 auctoribus
693 3756 775 3817 idem
797 3765 842 3815 est
863 3765 954 3838 atque
972 3758 1139 3833 comtum,
1158 3761 1207 3816 to·

124 3847 191 3900 ttrm
211 3860 322 3921 corpus
342 3835 540 3919 militiarum,
568 3840 601 3900 id
622 3851 668 3901 est
695 3839 863 3900 officiorum
885 3849 915 3900 et
935 3839 1113 3922 dignitatum
1131 3837 1209 3898 auli·

127 3909 259 3980 earum.x
295 3923 343 3983 Ita
375 3923 545 4005 Stephanus
569 3923 741 3983 Garleudus
768 3924 798 3982 in
823 3920 973 3983 Chronico
1007 3921 1209 3982 Mauriacensi

126 4003 167 4064 Ι..
189 4003 254 4064 IL:
276 4004 346 4067 Hoc
362 4010 512 4068 νεαασαιὶι
526 4007 648 4066 saeculis
657 4005 963 4086 memmium,
985 4019 1017 4066 ια
1032 4007 1136 4080 muro,
1158 4001 1212 4088 qut·

125 4085 302 4148 άίιιοσααὶιιτ
321 4091 509 4172 swrgebatur
523 4085 637 4168 officio,
668 4091 793 4148 militiae
824 4091 915 4149 sintul
925 4101 994 4173 post
1003 4110 1099 4170 regem
1120 4088 1209 4148 ιίαοα-

125 4183 174 4229 οει
186 4171 399 4254 principatum.
443 4173 575 4233 Rectene
603 4193 676 4233 vero
697 4171 852 4232 Gutherus
875 4193 906 4254 p.
932 4169 1001 4237 558·
1022 4173 1102 4232 dieat
1122 4171 1212 4229 tuisse

125 4251 291 4314 disertum
311 4256 390 4314 iuter
416 4249 474 4327 τοὶς
500 4253 665 4334 στρατείας
695 4266 727 4316 et
746 4247 803 4326 τοὶς
823 4249 982 4338 προβολὰς
1002 4253 1079 4334 hoc,
1098 4261 1134 4314 ut
1152 4247 1212 4312 boe

155 4367 368 4455 ncegptamtnus
381 4369 515 4440 Porphyr.
538 4368 596 4424 Vol.
613 4365 671 4422 [Γ
981 4366 1016 4435 ai
