2975 4892
108 365 166 432 m
194 364 421 433 caussam.
453 363 602 431 nonna.
629 365 684 429 os
711 361 849 428 annin.
871 367 949 448 ,ιιι
979 367 1019 429 ιι.
1053 335 1145 451 785·

135 522 177 584 A.
192 522 250 584 ult.
274 521 361 604 [eon
382 520 440 605 τῴ]
462 517 608 585 a'tnml.
648 521 829 582 Debuerant
840 537 919 602 'ergo
938 521 1013 584 haec
1029 520 1140 604 nleipts

51 605 189 668 bussulis
209 618 262 668 aut
281 606 441 688 pyxidibus
462 627 488 671 e.
509 628 535 668 c.
552 606 684 666 stanneis
707 605 821 665 inclusa
842 604 957 680 luisse,
989 609 1061 687 quia
1081 627 1141 666 nu·

49 689 261 752 merebantur.
303 691 387 749 lnter
406 688 464 748 alia
485 687 583 764 dona,
612 709 691 769 quae
712 687 839 748 Alesios
860 687 1032 748 Comnenus
1055 687 1141 748 lien·

50 775 120 832 rico
129 773 168 831 V.
189 771 345 847 mittebat,
364 782 409 832 est
431 791 552 852 quoque
572 771 806 914 ιίζνοὸαὶσσοιιιστ.
850 771 969 852 Dignus
990 779 1033 832 est
1057 770 1142 832 locus

49 855 181 929 Annae,
202 857 254 936 qui
274 864 356 915 totus
376 866 555 935 apponatur.
602 875 651 935 ag.
667 854 718 936 94.
739 853 799 912 fine
819 852 861 912 ait
882 851 1006 934 epistola
1027 853 1072 912 lbi
1093 855 1159 914 in·-

51 949 140 1018 tcgra
160 939 295 997 inserta:
326 935 363 1017 τῆ
389 936 495 1014 μέντοι
517 927 655 1019 εὖγενείᾳ
677 955 737 994 σοο
766 934 824 995 νῦν
844 928 1064 1016 ἀπεστάλησαν
1091 935 1142 996 ds-

51 1014 221 1096 ξιωμάτων
253 999 353 1080 ἕνεκεν
383 1011 547 1096 ἐγκόλτιιον
572 1015 716 1098 χρυσοῦν
744 1011 824 1096 μετὰ
857 1017 1140 1120 communimine,

51 1098 141 1183 θήκη
161 1095 333 1180 διάχρυσος
354 1094 473 1180 ἔχουσα
496 1094 645 1179 τμήματα
665 1094 752 1159 ἔνδον
774 1094 939 1181 διαφόρων
959 1099 1076 1179 nysae,
1099 1088 1144 1162 ὧν

56 1184 192 1254 ἕκαστος
215 1177 271 1243 dni
292 1183 355 1244 τῶν
375 1183 425 1264 ἐφ’
445 1175 576 1242 ἑκάστου
600 1174 706 1242 αὐτῶν
727 1180 902 1252 ἐντεθέντος
915 1179 1049 1260 χαρτίον
1064 1204 1144 1261 γνω-

52 1264 202 1342 ρίζεται,
240 1267 370 1326 mnium
392 1267 541 1326 nobilitati
558 1279 624 1325 teme
649 1265 779 1346 [semper
800 1285 836 1324 eo
850 1265 999 1326 vocabulo
1011 1267 1144 1326 Graecus

51 1350 226 1429 Imperator
246 1351 276 1408 in
299 1348 350 1408 illa
369 1347 495 1428 epistola
518 1349 731 1408 Germanicum
754 1344 929 1429 compellat]
949 1350 1097 1410 amicitiae
1115 1363 1145 1410 et

56 1433 154 1491 bonae
171 1432 335 1492 voluntatis
355 1453 442 1512 ergo,
467 1433 613 1491 insimmle
631 1451 752 1490 marran
775 1429 930 1511 [pyxidem
949 1433 980 1490 in
1003 1431 1069 1491 sinu
1092 1451 1144 1514 ge·

54 1513 214 1596 stabilem]
236 1515 405 1594 margaritis
425 1515 548 1575 obsitam
556 1556 566 1588 ,
585 1512 739 1598 pyxidem
761 1533 882 1571 numm
902 1513 1052 1574 habentem
1067 1517 1100 1576 ἰτι
1115 1537 1145 1576 se

56 1597 248 1658 diversorum
267 1597 409 1680 reliquias
427 1609 612 1672 sanctorum,
644 1616 717 1680 quos
747 1597 917 1679 inscrspmm
942 1617 1143 1680 pergameno,

54 1679 146 1763 quod
175 1700 255 1739 urata
286 1681 400 1762 uotique
416 1679 625 1760 fragmentum
657 1678 809 1753 involvit,
841 1699 946 1738 nonsen
978 1679 1056 1758 signi
1092 1693 1144 1754 at,

53 1757 260 1840 xaoxrlreoap
282 1757 430 1838 ωνιίχιον,
443 1764 552 1845 patina
571 1782 588 1820 e
605 1759 801 1838 sardonyche,
823 1752 1024 1840 καίἐμπότης
1039 1753 1145 1840 κρύος,

52 1845 195 1928 poculran
222 1845 446 1923 σνζγοοσὶἱὶσωο,
489 1841 717 1920 despondisset
738 1841 903 1918 δεδεμένον
921 1838 1000 1920 μετὰ
1024 1861 1149 1922 χρυσα-

55 1927 138 2007 φίοο
158 1926 214 1986 κατ’
233 1919 464 2004 ὀποβάλσαμον.
523 1924 605 2002 Quid
626 1928 658 1986 in
680 1924 727 1985 his
747 1926 786 1984 sit
806 1921 1052 2004 α’στροπέλεκος,
1074 1925 1149 1986 iate-

60 2021 117 2068 tur
139 2010 189 2069 Du
213 2008 314 2092 Cange
335 2007 427 2069 adh.
451 2008 472 2068 l.
496 2029 529 2068 se
549 2011 700 2088 ignorare.
741 2007 825 2085 Quid
847 2008 870 2066 si
895 2005 1024 2088 lapidem
1045 2026 1151 2068 cerau-

63 2095 152 2152 nium
173 2093 344 2173 significet,
371 2112 465 2172 genus
495 2112 631 2169 gemmae
658 2089 832 2163 rutilantis,
867 2091 996 2170 ignitae,
1028 2091 1066 2150 de
1083 2092 1152 2172 qui-

60 2175 123 2235 lius
153 2174 358 2235 Tertullianus
380 2173 461 2256 apud
487 2172 615 2234 Salmas.
650 2174 757 2234 Exerc.
782 2173 863 2232 Plin.
889 2171 957 2247 (ubi
985 2173 1024 2232 de
1045 2193 1152 2232 cernu-

59 2259 122 2317 niis
133 2255 241 2338 plural:
265 2257 418 2318 cementis
432 2259 553 2336 gemmis
568 2277 627 2316 non
637 2257 704 2317 ideo
717 2256 876 2316 nascentia
889 2257 984 2334 ignita
999 2268 1051 2328 est,
1073 2257 1155 2341 qrrod

59 2355 210 2400 conascent
228 2341 349 2400 nailato
366 2340 481 2400 naon.
525 2340 619 2400 Forte
639 2339 762 2422 capsula
785 2359 840 2419 pro
859 2337 1055 2420 opobalsamo
1076 2359 1152 2398 con·

61 2423 165 2484 dendo
184 2423 241 2482 suit
259 2444 277 2482 e
297 2422 350 2482 tali
372 2443 499 2502 gemma.
540 2422 712 2482 Traductus
733 2421 784 2482 hic
806 2442 871 2480 mos
885 2423 998 2502 species
1011 2421 1153 2482 odoratas

63 2506 148 2565 dono
170 2504 307 2566 mittendi
328 2525 400 2564 cum
426 2507 496 2586 ipsis
525 2504 679 2584 speciebus
708 2503 813 2585 procul
843 2503 936 2564 dubio
969 2523 1004 2562 ex
1037 2506 1155 2564 oriente

62 2589 171 2662 venit,
193 2588 246 2647 ubi
268 2589 414 2648 missitata
431 2590 510 2648 inter
529 2589 678 2668 principes
698 2588 780 2646 viros
801 2588 880 2646 inter
907 2584 966 2645 alia
986 2585 1066 2646 dona
1085 2607 1155 2646 mu-

64 2691 176 2745 scum,
199 2671 336 2730 ambram
359 2681 424 2730 eta
487 2679 589 2730 actum
608 2669 737 2728 tradunt
757 2668 910 2728 historiae.
940 2665 1093 2728 Abulfeda
1114 2668 1154 2728 ad

64 2753 132 2813 An.
151 2752 223 2814 255.
243 2753 333 2836 [Chr.
355 2751 427 2835 869.
463 2753 501 2812 de
522 2751 642 2827 lacobo,
664 2751 727 2812 filio
747 2749 892 2826 Lsitsclri‚
916 2748 1063 2812 Soffarida
1084 2758 1155 2810 nnt-
1268 2767 1278 2789 ¹

64 2847 130 2913 rat,
155 2856 246 2911 eum,
267 2847 411 2918 occupata
433 2835 569 2907 Perside,
595 2839 675 2895 inter
697 2835 794 2905 donn,
817 2833 927 2915 quibus
947 2843 978 2892 et
997 2835 1155 2893 victoriam

65 2921 244 2995 nuntiaret,
272 2929 303 2980 et
323 2919 501 3000 obsequium
530 2929 621 3000 atque
647 2915 818 2978 clientelam
838 2915 975 2976 Chaliiire
1005 2914 1153 2992 deferret,

64 3001 141 3061 huic
162 3003 277 3065 misisse
295 3001 394 3062 decem
402 3003 545 3080 falcones
564 3001 707 3061 carulrilos
728 3014 757 3060 et
769 3013 883 3060 centum
896 3000 996 3080 globos
1011 2997 1073 3078 (vel
1088 3000 1156 3058 [νισι-

64 3104 355 3194 sanmmci's‘lel?
377 3101 518 3184 &Nl
548 3104 666 3192 &Mla
703 3099 814 3185 mella
851 3083 949 3184 ffieffi
982 3101 1016 3182 dl
1043 3105 1157 3172 2⁴5³

66 3217 172 3287 Ml
196 3253 240 3302 οι
264 3219 339 3306 isla,
374 3244 452 3308 0⁰&
487 3219 541 3321 iij-‚t
575 3225 672 3319 lipsio.
709 3219 808 3306 l-eiae
857 3231 973 3292 Locum
1003 3230 1085 3292 hunc
1115 3232 1158 3292 sic

66 3334 164 3391 vertit
184 3331 321 3392 Teireira
351 3329 543 3415 [Relaoiones
564 3330 622 3392 d'el
643 3331 756 3413 Origen
781 3343 838 3391 etc.
862 3329 901 3390 dc
930 3330 976 3390 los
997 3330 1094 3413 Iieyes
1121 3321 1160 3390 de

65 3414 177 3476 Persia
197 3425 254 3475 etc.
275 3414 443 3492 Amberes,
479 3414 568 3476 1610.
586 3412 618 3474 8.
638 3436 669 3495 p.
698 3411 789 3496 248]
821 3434 838 3472 e
868 3432 922 3473 suo
949 3413 1160 3474 Khondemiro

66 3496 166 3578 paulo
185 3496 273 3557 aliter·
292 3498 451 3558 tradente:
481 3498 737 3577 veyntefalcones
757 3496 880 3556 —dies
900 3496 1018 3554 blancos
1046 3517 1068 3568 r
1096 3497 1159 3556 dim
1219 3541 1224 3551 ,

66 3579 257 3640 dediversas
270 3581 381 3641 colores
391 3603 419 3659 y
441 3600 511 3641 οοο.
531 3601 634 3644 manos
647 3581 686 3641 de
697 3578 851 3640 Ahniscar
859 3599 929 3656 may
944 3599 1022 3662 pum
1035 3601 1091 3662 que
1107 3599 1160 3639 son
1204 3581 1212 3606 ⁸

69 3661 138 3738 450
158 3662 269 3736 librae-
283 3685 311 3741 y
330 3677 388 3723 esto
407 3682 462 3724 con
480 3665 525 3723 los
539 3664 679 3741 falcones
700 3659 810 3723 mandri
831 3660 869 3720 de
884 3673 1018 3744 presente
1037 3661 1071 3720 al
1093 3661 1160 3721 Ka-

67 3743 157 3824 lesdls
175 3744 214 3804 (le
227 3745 387 3825 Bagadad.
430 3744 600 3806 Rensudot·
624 3768 655 3827 p.
671 3743 740 3808 538.
763 3745 877 3810 ilistor.
900 3742 1069 3804 Patrisrclr.
1087 3743 1161 3822 Ale7·

70 3826 182 3888 nands.
205 3829 284 3887 inter·
304 3831 385 3889 dona
412 3850 430 3889 a
459 3828 603 3888 Saladino
633 3827 673 3888 ad
707 3825 922 3886 Nuruddinum
953 3827 1043 3886 missa
1069 3826 1161 3888 reiert

68 3909 218 3970 ambarae
237 3913 403 3992 fragrnena
423 3911 483 3972 duo
502 3932 630 3991 magna,
659 3909 784 3970 ulterram
796 3910 914 3988 viginti
922 3953 931 3986 ‚
962 3911 1085 3975 αἰιεησντ
1106 3913 1162 3970 tri-

67 3995 160 4074 ginta
180 3993 335 4054 librarum.
379 3994 632 4077 Gynaeconitides
651 4013 761 4073 nempe
780 3994 949 4073 principum
969 3991 1162 4056 orientalium

69 4075 151 4136 talia
171 4087 335 4156 appetunt,
371 4087 401 4136 et
429 4089 549 4156 stupeas
576 4074 754 4156 diffidasque
782 4077 844 4136 iere
876 4075 997 4156 legens,
1033 4085 1163 4157 quantos

56 4158 148 4219 .illae
169 4170 287 4219 sumtus
307 4162 470 4240 quotannis
493 4160 523 4217 in
544 4157 748 4218 odoramentis
769 4158 904 4218 iecerint.
957 4159 1053 4240 [inter
1075 4177 1163 4237 prse-

71 4243 166 4319 cipna
188 4240 286 4320 dona,
307 4243 418 4324 quibus
438 4242 593 4302 Romanus
615 4241 777 4324 Hugonem
796 4240 836 4303 ad
856 4241 1077 4323 suscipiendum
1097 4235 1163 4298 bel·

81 4418 88 4430 Ι
112 4358 315 4410 Corrstnntinus
330 4358 464 4429 Porphyr.
486 4357 544 4410 Vot.
563 4357 599 4410 ΙΙ.
934 4355 967 4416 50
