2975 4892
217 301 274 368 ιιι
305 301 557 369 mansorem
586 306 659 368 ua.
689 307 714 366 1.
744 305 800 367 na
827 301 1022 370 carmon.
1099 272 1189 386 489
1295 385 1300 392 ,

101 458 264 524 secundam
291 459 332 522 ab
353 459 530 524 lloeachelio
559 470 627 545 post
646 461 865 524 Bibliotheoam
892 461 1016 524 editam.
1066 459 1186 523 llicetas

102 545 266 606 choniates
291 565 323 630 Pf
344 543 414 606 256.
436 545 471 604 B.
498 565 544 604 ιο.
586 541 793 625 ἐγκομβώσεις
814 538 1004 626 ι’σθημάιωι
1024 542 1109 620 dixit,
1130 565 1184 606 ae·

102 641 157 688 ster
179 630 213 688 in
227 641 372 687 &amoram
389 648 431 686 ex
503 641 595 688 ratas.

194 709 234 769 A.
256 731 283 770 ι.
307 708 395 792 Mis,
414 729 460 770 ιο.
498 707 672 788 percupida.
715 709 809 773 Notat
824 710 874 772 hic
895 721 926 772 et
945 731 1032 793 saepe
1050 709 1187 772 aliasre·

104 791 283 866 sectionem,
314 794 549 866 recreationem,
573 795 780 875 congiarium,
808 795 1007 867 donativum,
1029 789 1186 873 ἀριστεῖον

102 886 155 935 aut
177 875 381 956 φιλοτιμίαν,
396 897 487 958 qrram
508 877 675 958 Imperator
694 877 842 940 militibus
861 875 1036 952 exhibebat,
1056 887 1093 942 ut
1115 875 1187 938 inda

101 956 214 1018 hilares
233 968 352 1032 esseut,
389 957 438 1019 vel
467 961 498 1026 io
520 960 646 1041 pecunia
679 959 729 1021 vel
751 963 879 1021 maxime
900 961 931 1019 in
952 958 1132 1036 esculentis,
1151 969 1188 1020 ut

102 1061 136 1102 ex
156 1041 249 1100 huius
267 1043 381 1102 Tactici
402 1042 474 1104 locis
495 1041 632 1124 pluribus
653 1055 782 1104 constat.
839 1043 954 1104 Nomen
988 1042 1188 1103 obtinuerunt

102 1145 137 1184 ex
158 1123 350 1204 quorundam
380 1129 526 1186 sententia
562 1125 619 1186 bae
653 1125 830 1188 refectiones
856 1147 908 1188 seu
929 1127 1013 1187 dona
1041 1137 1072 1185 et
1103 1123 1186 1186 illinc

105 1207 261 1266 institutae
280 1206 445 1270 hilaritates
466 1231 500 1270 ex
522 1229 575 1286 eo,
595 1209 678 1290 quod
699 1209 835 1271 solebant
854 1209 928 1272 olim
947 1207 1088 1269 Calendis
1113 1207 1189 1268 Maii

102 1301 154 1348 aut
186 1289 246 1350 alio
274 1289 405 1372 quodam
435 1293 545 1354 mensis
566 1292 638 1352 Maii
659 1291 708 1352 die
744 1291 853 1353 hilares
889 1313 953 1354 esse
987 1301 1019 1352 et
1046 1291 1187 1352 convivia

103 1371 273 1449 oelebrare,
296 1376 380 1454 isque
401 1373 465 1434 dies
485 1377 517 1436 in
536 1377 633 1456 specie
661 1395 679 1432 a
700 1374 870 1456 pellabatur
888 1375 944 1436 der
962 1375 1064 1452 May·
1078 1375 1145 1454 Terg
1157 1383 1189 1436 et

104 1455 283 1536 Mayenag,
298 1455 366 1515 dier
378 1457 466 1518 Mari.
507 1395 716 1518 Memorabilia
730 1469 801 1520 suot
819 1457 1018 1519 Scheuchzeri
1038 1456 1132 1518 verba
1152 1458 1186 1518 iu

102 1537 385 1620 Stoeoheiographia
409 1561 440 1622 p.
465 1537 529 1622 57„
551 1542 661 1623 quibua
681 1541 757 1602 haec
774 1541 868 1602 refert
887 1561 923 1601 ex
943 1542 1069 1620 antiquo
1087 1538 1188 1600 Chro-

104 1621 189 1682 nico:
230 1621 301 1681 Den
325 1643 373 1704 ¹7·
394 1623 464 1684 Mai
486 1623 574 1706 ¹599·
597 1623 690 1684 ward
707 1623 845 1704 ceddam
865 1623 996 1704 Hosew
1016 1622 1190 1683 Ziirrlrden

104 1705 210 1785 Bogea
227 1703 396 1765 -Sctiinm
427 1709 477 1766 ein
507 1707 667 1785 Mayeten,
700 1707 776 1768 oder
800 1705 907 1766 Anien
920 1739 935 1753 ·
949 1705 1047 1766 Bmut
1081 1705 1189 1784 geben,

102 1787 210 1848 damin
222 1787 346 1868 gesoeckt
356 1791 406 1848 ein
422 1788 582 1849 blri'hender
605 1789 720 1849 Traube
734 1833 744 1866 ,
759 1788 844 1871 taff
862 1787 1034 1863 Eutime,
1054 1791 1103 1846 ein
1113 1787 1190 1865 mis-

89 1870 145 1949 fes
162 1871 279 1930 stacten
300 1869 364 1932 aad
395 1872 607 1948 Gemtenaere,
635 1871 699 1932 und
726 1874 793 1932 etiae
820 1871 1054 1932 Habentr'r'rnen.
1096 1866 1191 1945 Quod

103 1952 153 2014 hic
190 1964 237 2014 est
258 1954 417 2035 Mayeteu,
442 1975 538 2015 massa
571 1975 678 2036 nempe
698 1955 801 2037 butyri
838 1975 909 2014 cum
952 1952 1051 2014 inlinis
1070 1952 1190 2029 aristis,

104 2035 216 2115 hugis,
236 2037 303 2096 uvis
313 2047 385 2108 etc.,
407 2037 438 2097 id
453 2049 497 2098 est
520 2038 600 2118 apud
614 2034 759 2098 Nostrum
774 2030 946 2114 μαιουμῶς.
968 2034 1004 2094 Ιιι
1024 2053 1194 2116 quemcun-

104 2141 164 2200 que
182 2118 308 2179 tandem
328 2119 408 2180 diem
429 2121 502 2180 anui
523 2120 645 2182 demum
667 2119 812 2181 incideret
834 2119 902 2180 talis
915 2118 1050 2178 hilaritas
1071 2127 1102 2176 et
1120 2119 1192 2178 cot-

104 2202 242 2286 pulatio,
273 2201 483 2284 appellabatur
511 2204 666 2284 Mayettog
696 2203 746 2265 vel
766 2203 938 2284 Mayertag.
979 2201 1037 2262 Est
1057 2200 1087 2260 in
1107 2199 1192 2260 Scri·

102 2285 241 2367 ptoribus
268 2305 370 2346 rerum
390 2288 599 2348 brunsvicens.
624 2287 668 2360 Τ.
691 2286 747 2346 111.
767 2307 800 2368 p.
816 2285 900 2347 abac
920 2283 1013 2345 Anno
1031 2281 1118 2343 1526.
1141 2303 1193 2342 ana

102 2367 233 2450 Scmage
250 2367 360 2429 Kinna
372 2369 405 2428 d.
423 2368 455 2429 8.
471 2369 548 2430 Iulii
571 2371 678 2430 telon
697 2369 748 2430 die
771 2369 886 2430 Becker
906 2389 966 2427 von
982 2365 1191 2438 Hildesheim,

102 2451 354 2532 Bmumcluveig,
378 2451 550 2512 Hamrover
567 2485 609 2498 -
629 2455 720 2514 ὅΙιιτιι
746 2467 849 2533 graleu
862 2451 1023 2530 Mayenag
1055 2451 1088 2509 in
1116 2447 1192 2506 Hil-

103 2533 276 2606 desheimb,
304 2533 368 2594 und
388 2535 514 2596 worden
535 2536 575 2596 do
608 2537 669 2598 alle
700 2535 818 2596 Kc'ilber
842 2555 903 2595 eon
929 2532 1083 2592 &nselbm
1102 2551 1194 2613 upge-

90 2619 207 2694 steten.
259 2617 337 2678 Mihi
364 2627 465 2680 tamen
493 2619 593 2701 potius
622 2619 743 2681 videtur
771 2614 935 2695 μαιουμᾶν
967 2634 1027 2675 vor
1046 2613 1194 2674 Arabicae

956 2721 995 2748 ut

100 2765 226 2850 originis
251 2769 344 2828 etsie
365 2766 482 2828 detorta
507 2787 647 2849 essepro
676 2785 849 2844 μουιαμαν.
912 2775 1010 2850 σιμ
1050 2756 1194 2840 “adffl-

101 2887 175 2946 Wr
196 2858 299 2945 ipim
320 2859 439 2940 αἴῦῑθς,
474 2865 562 2942 felix,
581 2867 671 2950 beata
691 2881 778 2952 σιμ
811 2877 880 2942 ayt
909 2861 1000 2924 Tales
1028 2861 1196 2942 transposi-

103 2953 202 3010 tiouea
223 2969 368 3031 perquam
399 2949 568 3031 frequentes
596 2960 667 3012 suot
687 2949 920 3030 apud-Graecos
947 2947 1051 3005 omnia
1083 2963 1195 3026 susque

101 3031 203 3116 deque
226 3049 344 3092 vertere
367 3043 397 3093 et
416 3053 608 3114 corrumpere
633 3045 730 3094 natos.
752 3031 842 3093 Talea
861 3051 954 3112 porro
974 3030 1123 3089 Maiumas
1140 3047 1197 3088 seu

101 3115 166 3176 dies
188 3113 329 3178 solennes
355 3113 515 3176 hilaritatis
542 3137 662 3176 annuae
693 3118 777 3176 statis
801 3113 989 3197 temporibus
1008 3121 1197 3172 recurrentes

102 3199 164 3259 iam
185 3197 298 3260 iuliani
320 3199 399 3280 lurp.
431 3210 528 3262 aetate
549 3199 580 3260 iu
599 3221 655 3260 uan
677 3199 781 3276 fuisse,
801 3219 836 3258 ex
857 3201 922 3258 eius
941 3198 1140 3276 Misopogone
1160 3213 1194 3273 p.

103 3282 177 3344 362.
201 3281 245 3340 Dr
269 3281 298 3341 3.
323 3293 417 3364 patet,
442 3283 495 3343 ubi
517 3281 697 3342 vidPetav.
720 3284 753 3342 in
774 3291 839 3342 not.
864 3291 895 3340 et
914 3279 967 3338 Du
987 3279 1090 3358 Cauge
1109 3286 1197 3335 utro-

143 3388 160 3426 e
182 3364 339 3428 Glossario
358 3377 388 3425 et
408 3368 502 3426 Goar.
528 3365 568 3426 ad
589 3365 769 3448 Theophan.
800 3385 832 3444 p.
856 3362 941 3434 580„
962 3361 1016 3421 sed
1035 3359 1135 3441 praeci

101 3386 235 3508 divinus
264 3458 294 3508 et
324 3447 563 3522 unkenstein,
591 3449 647 3531 'qui
675 3457 888 3532 argumentum
917 3443 978 3504 boc
1010 3461 1045 3504 ex
1063 3461 1120 3524 pro

101 3540 286 3592 tractarunt.
512 3529 525 3546 ⁰

183 3613 277 3698 A.9.
301 3612 391 3697 [45ι.
410 3609 475 3697 ι6.]
506 3605 644 3696 spumei.
691 3613 771 3676 Caro
791 3608 939 3693 caprilla,
958 3604 1029 3668 licet
1054 3605 1144 3668 nobis
1162 3607 1197 3668 iu
1301 3655 1305 3663 .

102 3713 157 3758 usu
179 3715 246 3756 nou
275 3701 338 3772 sit,
374 3697 432 3758 suit
460 3709 561 3760 tamen
590 3698 665 3760 olim
696 3696 795 3757 multo
822 3691 1079 3774 frequentissimus
1108 3689 1196 3752 cibus

104 3779 232 3840 Graecis
254 3781 344 3840 medii
366 3782 453 3859 aevi,
479 3791 509 3841 et
528 3781 600 3861 ipsis
620 3781 764 3841 Romanis
784 3797 904 3862 qnoque
925 3775 1141 3858 frequentatam,
1162 3781 1199 3834 ut

103 3863 252 3945 eScript.
278 3863 358 3924 Hist.
381 3863 462 3946 Aug.
482 3863 523 3924 T.
541 3865 583 3924 ll.
606 3885 643 3944 p..
659 3861 732 3941 646.
756 3873 785 3923 et
805 3859 878 3922 olibi
899 3867 1027 3918 constat.

183 3945 490 4030 A.n.[451,17.]
524 3943 717 4029 φιλοτιμίας.
766 3946 862 4025 Saepe
891 3951 1026 4002 recurret
1043 3938 1119 4001 haec
1137 3959 1197 4000 vox

105 4025 135 4084 in
154 4026 218 4088 boc
238 4029 342 4090 codice
362 4049 419 4112 pro
440 4029 637 4103 liberalitate,
662 4029 746 4090 dono
765 4027 916 4110 gratuito,
947 4024 1031 4108 quod
1049 4025 1117 4106 quis
1131 4031 1196 4082 stu-

105 4106 153 4168 dio
177 4111 305 4172 laudum
326 4125 366 4173 et¹
380 4113 506 4174 honoris
530 4111 663 4193 impulsu
687 4111 861 4174 ambitionis
872 4107 946 4169 dat.
989 4109 1089 4185 Quem
1109 4103 1198 4186 signi·

105 4188 337 4278 ficaumghuto
382 4200 451 4261 voci
486 4207 518 4259 et
563 4195 657 4256 verbo
691 4190 930 4277 φιλοτιμεῖσθαι
960 4189 1108 4252 adstruxit
1139 4183 1196 4247 cel.
