2975 4892
119 289 176 356 tn
210 290 434 358 comatur.
464 291 612 358 maru.
641 297 697 358 nn
724 295 861 360 main.
891 299 964 362 tin.
981 303 1021 364 n.
1056 273 1137 387 765

62 466 130 506 ram
148 467 181 528 p.
211 467 279 528 ¹⁰9·
297 459 328 508 et
341 445 408 508 AB.
427 449 459 508 in
480 447 518 514 Τ.
540 448 566 508 1.
593 450 672 532 imp.
694 451 815 514 Orient.
844 451 976 517 1..vtt.
1007 475 1039 536 p.
1060 475 1138 540 179,

64 531 119 610 qui
139 529 229 590 etiam
251 529 290 590 ad
311 529 396 592 illum
415 528 517 592 locum
537 535 567 590 in
589 537 667 594 notis
688 534 737 611 (Τ.
765 535 803 595 11.
824 558 853 616 p.
877 534 958 615 810.)
985 537 1141 600 historiam

66 611 187 674 illarum
205 623 390 692 repertarum
410 611 606 695 reliquiarum
627 620 769 680 narravit.
809 617 915 680 Posset
935 619 1056 702 quidem
1078 631 1142 683 tota

64 694 121 754 iila
149 715 196 755 res
219 716 274 776 pro
302 707 471 756 commento
502 696 620 760 levibns
652 711 682 760 et
713 703 923 782 superstitiosis
954 714 985 764 et
1014 704 1143 766 credulis

64 776 221 838 Graeculis
240 777 331 860 digno
350 777 476 857 baberi,
505 791 536 841 et
566 802 620 862 ego
642 782 763 863 quidem
783 803 941 864 persuasus
961 807 1045 864 sum,
1080 809 1145 848 me-

66 881 135 920 ram
154 860 275 922 subesse
294 861 492 944 imposturam
512 865 729 926 monachalem.
788 865 831 926 At
858 869 979 949 gravius
999 881 1031 930 et
1049 871 1146 950 impe-

67 939 159 1004 ditius
179 942 237 1003 hoc
258 955 314 1004 est.
368 945 489 1006 Dicitur
516 945 608 1008 buius
631 947 732 1011 basilii
761 947 889 1022 πάππος
917 971 982 1012 esse
1003 953 1141 1013 Basilius.

64 1027 162 1108 Atqui
182 1045 288 1086 vocem
308 1021 433 1100 πάππος
453 1029 479 1088 si
499 1027 617 1110 vulgari
636 1051 726 1092 sensu
747 1032 874 1114 accipias
897 1053 953 1116 pm
979 1045 1065 1115 patre
1093 1057 1148 1116 pa·

65 1111 142 1186 tris,
163 1107 222 1170 fuit
241 1107 341 1168 Basilii
363 1109 577 1193 Bulgaroctoni
597 1133 673 1174 avus
693 1135 755 1174 non
771 1113 909 1191 Basilius,
930 1117 983 1176 sed
999 1117 1147 1179 Constan-

69 1194 167 1254 tinus.
214 1190 331 1270 Quodsi
357 1213 432 1254 vero
458 1193 570 1276 fingas,
598 1193 705 1256 latiore
730 1217 820 1258 sensu
846 1199 1053 1279 accipiendum
1085 1221 1148 1260 esse

66 1272 252 1336 vocabulum
271 1269 396 1346 πάππος
418 1287 448 1338 et
468 1277 634 1358 significare
652 1280 702 1338 bic
722 1278 781 1340 loci
803 1281 851 1340 avi
872 1301 981 1359 avum,
1004 1283 1064 1344 tuit
1081 1285 1148 1365 qui·

67 1358 142 1420 dem
162 1356 353 1418 Constantini
373 1359 422 1419 avi
444 1381 521 1420 avus
541 1360 666 1422 Basilius
680 1362 818 1434 Macedo,
841 1374 871 1424 et
884 1363 1025 1426 nolumus
1040 1387 1149 1448 negare

68 1439 255 1503 vocabulum
275 1461 311 1500 eo
331 1461 420 1502 sensu
444 1461 571 1523 nsquam
592 1445 842 1526 poni‚'quamvis
863 1448 997 1528 exempla
1010 1449 1097 1512 nobis
1110 1447 1149 1508 ad

67 1543 197 1584 manum
217 1541 279 1582 non
300 1522 379 1584 sint:
412 1535 546 1589 assumta
572 1537 673 1587 tamen
699 1538 729 1586 et
750 1527 878 1590 admissa
907 1549 942 1590 ea
972 1529 1149 1612 hypothesi,

69 1605 124 1669 vel
143 1606 185 1666 sic
206 1605 305 1665 obstat
327 1627 362 1668 ea
382 1606 562 1680 difficultas,
587 1609 669 1690 quod
689 1609 790 1670 Basilii
811 1611 983 1672 Macedonis
1003 1613 1080 1674 iilius
1101 1613 1150 1674 liic

71 1689 186 1750 dicitnr
205 1688 338 1764 bardam
368 1688 405 1750 de
432 1711 494 1772 quo
522 1693 589 1774 quis
608 1691 698 1752 sando
719 1713 854 1774 unquam
883 1693 1054 1756 inaudivit?
1084 1695 1152 1774 Ego

69 1771 216 1854 quidem,
246 1780 281 1832 ut
302 1771 401 1832 dicam
419 1771 501 1855 quod
528 1775 640 1853 sentio,
675 1777 708 1835 in
737 1777 835 1856 primo
862 1776 1041 1857 exemplari,
1071 1777 1152 1837 unde

71 1867 108 1918 et
127 1853 177 1914 hic
205 1853 357 1935 catalogus
386 1865 416 1916 et
440 1857 507 1916 DC.
541 1864 633 1940 atque
660 1858 727 1916 AB.
766 1859 891 1920 derivati
930 1859 1070 1932 suerunt,
1093 1879 1152 1918 rna·

71 1936 210 2000 colatum
239 1947 312 2018 puto
339 1936 422 1998 huuc
455 1937 556 2000 locum
588 1951 619 2002 et
647 1937 745 2000 lituris
772 1939 964 2004 obscuratum
977 1953 1067 2024 atque
1080 1961 1153 2001 con-

71 2019 177 2081 fusum
197 2017 308 2090 fuisse,
329 2021 412 2082 unde
430 2033 593 2083 manarunt
612 2033 643 2084 et
663 2043 778 2084 errores
799 2035 890 2105 atque
910 2023 1036 2084 lacunae
1058 2029 1153 2084 nostri

72 2103 187 2164 codicis
207 2111 238 2162 et
258 2101 392 2164 constmio
412 2105 492 2186 apud
508 2107 573 2165 DC.
594 2117 683 2188 atque
695 2105 759 2166 AB.
782 2107 905 2167 Barsine
928 2128 1037 2166 nomen
1058 2109 1089 2166 in
1106 2107 1151 2166 fa-

70 2184 160 2247 milia
167 2182 268 2244 Basilii
285 2184 403 2246 nullum
421 2187 488 2264 tuit,
501 2189 613 2248 Basilii
621 2201 725 2249 contra
734 2209 845 2249 nomen
854 2189 1155 2251 familiaePliocamm

70 2271 108 2331 in
131 2287 188 2328 usu
208 2267 358 2328 nonfuit.
400 2269 483 2350 Ergo
503 2271 644 2332 exciderit
664 2271 779 2352 aliquid
799 2271 838 2332 de
858 2271 1029 2353 Nicephoro
1053 2271 1155 2332 Phooa

72 2353 281 2431 Imperatore,
302 2353 355 2431 qui
375 2351 503 2412 Bardam
524 2354 620 2413 filium
640 2366 671 2415 et
693 2355 821 2415 Bardam
841 2365 956 2435 patrem
978 2366 1008 2416 et
1028 2354 1155 2414 Bardam

72 2457 113 2496 ex
132 2433 224 2493 fratre
245 2445 384 2514 nepotem
404 2435 530 2511 habuit,
562 2456 682 2498 necesse
702 2448 758 2497 est.
801 2437 990 2498 Confirmant
1013 2438 1044 2497 id
1072 2447 1155 2498 cata·

72 2517 140 2598 logi
164 2514 277 2591 ambo,
308 2519 361 2597 qui
387 2538 489 2578 arcam
512 2517 674 2599 Nicephori
709 2529 890 2580 memorant.
941 2521 1033 2580 Forte
1064 2521 1155 2602 igitur

73 2601 188 2664 lacuna
207 2609 276 2680 post
286 2593 593 2680 Hoppvpoyevvp'sov
613 2605 655 2663 sic
668 2611 747 2661 esset
766 2601 949 2682 supplenda:
971 2595 1061 2682 ἑτέρα
1079 2599 1156 2698 icip-

71 2683 152 2758 ναξ,
174 2678 210 2742 ἔν
229 2670 252 2763 ᾗ
271 2674 433 2742 ἀπόκειται
448 2678 631 2763 Νικηφόρος
652 2679 796 2754 divortiis
816 2677 872 2742 elsi
897 2680 1027 2762 Roipdac
1049 2679 1066 2741 d
1087 2677 1157 2745 vioe

71 2761 137 2828 τοῦ
157 2761 312 2841 βασιλέως
332 2761 391 2826 τοῦ
407 2757 506 2824 αὐτοῦ
516 2809 525 2841 ,
546 2776 600 2826 ant
612 2764 668 2826 καί
678 2761 841 2843 Βάρδαςό
860 2759 930 2836 υἱὸς
943 2762 1080 2834 Λέοντος
1100 2762 1158 2832 τοῦ

78 2844 228 2926 ἀδελφοῦ
248 2841 359 2906 αὐτοῦ.
398 2847 512 2908 Bnrdas
531 2869 640 2930 nempe
659 2848 796 2924 Phocas,
828 2869 953 2929 magnus
981 2847 1159 2908 domesticus

72 2939 111 2991 et
130 2947 308 3008 magnarum
335 2949 436 2989 rernm
465 2929 523 2990 snb
554 2931 664 2992 Basilio
693 2930 912 3014 Balgaroctono
939 2942 1064 3006 auctor,
1095 2941 1159 2994 erat

70 3009 243 3092 Nicephori
257 3009 379 3072 Phocae
391 3013 583 3094 Imperatoris
602 3036 637 3076 ex
650 3015 742 3073 fratre
757 3015 857 3074 Leone
879 3035 984 3094 nepos.
1031 3014 1158 3074 Verum-

72 3106 182 3156 tamen
202 3092 360 3174 probabile
369 3095 440 3155 'non
461 3107 524 3172 est,
543 3108 596 3157 aut
617 3097 758 3173 Bardam,
779 3095 874 3157 filium
888 3095 1050 3177 Nicephori
1067 3095 1157 3176 Imp„

72 3179 113 3240 in
134 3175 455 3257 tumulosimperiales
472 3177 591 3240 illatum
614 3180 723 3256 finisse,
752 3181 805 3262 qui
829 3177 904 3240 obiit
926 3191 1009 3262 patre
1039 3178 1159 3258 imperi-

73 3279 136 3322 um
159 3257 294 3318 nondum
314 3261 442 3342 adepto,
469 3273 522 3322 aut
542 3263 658 3324 Budas
677 3263 817 3340 Phocae,
840 3263 948 3322 Leonis
975 3261 1054 3333 filio,
1085 3281 1160 3319 eun-

73 3341 153 3405 dem
182 3341 328 3413 bonorem
357 3342 494 3414 habitum
519 3345 628 3414 fluisse,
660 3346 712 3426 qui
743 3345 888 3406 adversus
911 3344 1053 3405 Basiliam
1082 3343 1160 3422 Imp.

74 3424 244 3486 insurrexit
272 3445 415 3506 prospera
444 3427 564 3488 iortnna
595 3429 711 3503 elatus,
744 3438 774 3488 et
804 3428 962 3507 imperium
991 3425 1159 3494 affectavit,

73 3512 266 3590 quapropter
290 3529 308 3568 a
328 3496 437 3569 Basilio
465 3514 624 3571 commisso
644 3510 759 3594 proelio
781 3513 877 3570 victus
899 3519 929 3572 et
956 3527 1073 3582 caesus,
1110 3517 1162 3566 aut

76 3609 212 3660 veneno,
234 3600 269 3650 ut
288 3589 339 3650 alii
359 3592 528 3672 perhibent,
551 3595 686 3654 sublatus
707 3593 776 3653 suit.
825 3595 959 3651 aientem
986 3591 1077 3650 subiit
1104 3590 1163 3650 alia

74 3672 267 3736 coniectura.
308 3672 478 3736 Videbatur
497 3697 605 3758 nempe
620 3688 732 3736 'auctor
759 3674 895 3734 dedisse:
918 3672 974 3734 καί
992 3664 1121 3752 Βάρδας
1146 3667 1165 3728 d

73 3755 216 3833 ΚπΙιαρ
240 3752 262 3813 d
293 3746 473 3835 ἀναιρεθείς
503 3755 564 3817 ὑπὸ
593 3758 764 3819 Βασιλείαν
794 3754 851 3815 τοῦ
882 3750 1015 3824 ,πάππου
1043 3751 1161 3827 αὐτοῦ,

72 3851 113 3900 et
131 3835 255 3896 Bautae
275 3837 389 3898 Caesar
408 3840 587 3919 [avunculus
600 3841 763 3900 tttichaetis
779 3836 911 3920 Ebriosi]
934 3841 1045 3897 occasio
1065 3858 1085 3896 a
1101 3837 1165 3895 Bn-

71 3920 149 3982 silio
186 3939 245 3978 ouo
281 3921 343 3981 ota
375 3923 496 4003 [nempe
526 3925 715 3984 Constantini
735 3917 1042 4003 Porphyrogennetil.
1081 3919 1166 3978 Adeo

73 4001 223 4086 placebat
246 4001 322 4063 mihi
348 4003 422 4064 haec
442 4007 612 4066 coniectura
632 4007 816 4088 (praesertim
837 4025 930 4086 quum
951 4003 1039 4064 huius
1052 4001 1167 4060 Bai-dae

74 4085 224 4146 Caesaris
237 4083 298 4146 filia
318 4089 350 4146 in
372 4087 420 4148 his
431 4087 557 4149 tumulis
569 4101 755 4149 memoretur
775 4085 898 4169 infrap.
916 4085 986 4168 374.
1004 4087 1038 4145 C·
1054 4083 1111 4160 6.),
1134 4094 1167 4140 ut

71 4187 151 4232 eam
170 4164 270 4230 attin
282 4169 327 4234 in
346 4170 462 4234 Latinis
481 4174 705 4256 expressissem,
733 4173 791 4233 nisi
811 4188 860 4233 ms
881 4169 1068 4256 repressisset
1093 4162 1168 4228 altar·
