2975 4892
40 343 47 354 ⁸
126 394 183 462 an
212 393 438 462 connum
458 396 606 462 rouen.
633 397 688 462 nu
716 393 856 462 cautu.
890 397 967 460 um
997 400 1038 466 n.
1072 367 1156 460 835

65 551 153 612 litzes
172 574 206 635 p.
228 551 299 634 781.
321 552 528 635 Nicephorum
550 555 594 614 ait
613 552 759 636 aliquem,
781 553 976 631 eunuchum,
997 565 1158 640 postpaem

64 656 172 696 amore
213 635 358 697 mundani
386 636 554 718 splendoris
580 638 796 699 sacerdotalem
821 649 933 700 statum
953 637 1158 718 repudiasset,

68 740 89 779 a
118 718 319 779 Constantino
343 719 547 780 Monomaebo
575 720 722 803 dignitate
757 723 883 782 rectoris
913 718 1097 781 honoratum
1127 733 1161 783 et

65 800 109 861 ad
129 801 297 882 gerendum
320 801 447 865 militiae
473 805 634 885 imperium
660 806 693 864 in
724 804 883 865 Orientem
913 805 1038 864 missum
1058 803 1161 866 fuisse.

66 884 155 944 ldem
184 895 395 970 argumentum
425 889 629 947 coniecturam
659 907 780 968 quoque
810 907 877 948 enm
910 885 1037 962 evertit,
1069 886 1161 948 fuisse

64 978 216 1028 reatorem
246 979 337 1049 eaput
371 968 444 1030 cleri
476 969 620 1050 palatini,
658 973 706 1030 eiu
766 991 782 1030 e
812 969 905 1030 veluti
932 966 1158 1051 patriarcham,

67 1050 181 1109 rectori
197 1053 290 1123 enim,
305 1063 455 1133 quantum
474 1055 549 1134 seio,
571 1072 722 1134 nusquam
746 1055 844 1137 egitur
863 1072 934 1116 cum
954 1051 1047 1113 rebus
1065 1054 1158 1114 saeris

68 1133 317 1194 communionem
338 1135 440 1198 baisse.

153 1215 188 1274 C.
213 1217 243 1278 3.
282 1215 369 1300 [713,
385 1217 428 1298 3.]
467 1215 631 1296 συγκέλοα.
692 1215 793 1280 Multa
828 1216 867 1278 do
895 1213 1036 1300 syncellis
1069 1215 1161 1280 babet

68 1309 201 1380 utroque
222 1298 374 1360 Glossario
401 1299 433 1365 b.
454 1320 485 1360 v.
506 1311 537 1360 et
556 1319 586 1366 v.
611 1299 783 1362 cellularum
814 1299 865 1360 Du
894 1301 1013 1382 Gange,
1034 1299 1082 1360 vir
1103 1299 1159 1361 do·

69 1385 220 1442 ctissimns
234 1391 265 1443 et
285 1383 451 1466 stupendae
465 1381 637 1465 diligentiae
657 1393 749 1465 atque
770 1381 923 1459 lectionis,
944 1393 979 1442 nt
998 1382 1079 1465 quod
1101 1382 1161 1444 illis

68 1465 194 1536 addam,
216 1486 312 1546 paene
324 1465 400 1526 nibil
413 1464 554 1526 babeam.
599 1466 682 1546 Quid
703 1467 818 1528 fuerint
836 1465 980 1550 syncelli,
1022 1465 1160 1548 disputa·

69 1558 135 1608 tur.
174 1548 252 1608 Mihi
280 1549 403 1630 quidem
430 1549 572 1610 videntur
591 1548 781 1612 coadiutores
807 1560 839 1612 et
872 1548 976 1609 vicarii
1003 1551 1163 1630 episcopo-

70 1631 266 1703 neminisse,
290 1634 357 1716 qui,
382 1631 558 1693 absentibus
577 1630 637 1692 iliis
652 1654 672 1693 a
693 1633 814 1694 sedibus
841 1633 902 1693 suis
929 1642 983 1691 aut
1004 1643 1162 1712 aegrotan-

69 1712 176 1792 tibus,
205 1735 311 1776 eornm
341 1717 446 1776 munia
474 1726 662 1798 peragerent.
710 1713 919 1777 succedebant
950 1713 1100 1774 interdum
1128 1716 1162 1776 ia

69 1799 283 1880 episeoporum
303 1796 424 1875 locum,
445 1818 508 1858 non
526 1809 628 1858 temen
649 1818 779 1880 semper.
821 1795 1026 1858 Memorabilis
1051 1806 1097 1858 est
1115 1794 1162 1858 lo-

71 1901 130 1941 cus
155 1882 311 1958 Zonarm,
344 1901 435 1963 quem
465 1881 584 1963 absque¹
606 1883 866 1942 animadversione
885 1897 1002 1977 nespueo
1028 1889 1163 1960 praeter·

70 1963 203 2039 mittere,
223 1983 255 2043 p.
281 1960 373 2041 nola
420 1957 464 2033 ὥς
483 1956 544 2044 γὰρ
565 1956 731 2042 σύγκελλος
752 1963 810 2023 τοῦ
830 1979 1030 2043 πατριαρχαυ
1047 1956 1164 2024 θανόν-

70 2065 126 2117 τας
146 2043 192 2119 εἰς
209 2039 265 2108 τὸν
285 2044 404 2107 ἐκείνου
423 2038 519 2108 τόπον
539 2043 819 2124 α’ντικαθώταται,
849 2039 933 2107 οὕτω
954 2042 1011 2105 καί
1029 2033 1046 2102 ὃ
1073 2042 1165 2122 §epl-

72 2147 159 2210 φης,
191 2126 248 2189 τοῦ
269 2127 405 2209 Χαλιφᾶ
426 2128 617 2210 φθαρέντος,
638 2124 691 2191 τὸν
717 2121 943 2207 τελευτήσαντα
970 2123 1165 2202 διαδέχεται.

74 2212 171 2288 Quod
183 2211 231 2270 bie
243 2209 283 2271 de
292 2210 388 2271 Serilo
406 2211 545 2292 perbibet
559 2213 711 2287 Zonaras,
733 2221 831 2272 totum
848 2229 946 2292 nugax
959 2218 1165 2270 commentum

75 2303 134 2354 est.
177 2293 280 2354 Facile
303 2293 427 2376 quidem
447 2283 556 2364 eredo,
580 2294 751 2355 Soberifum
772 2293 903 2376 aliquem
923 2290 1019 2353 CPlin
1039 2292 1165 2352 missum

74 2377 170 2438 subse
190 2398 208 2436 a
225 2377 441 2457 Togbrulbelo
461 2397 512 2449 seu
534 2377 689 2460 Tbangrol
711 2378 792 2438 Belo
817 2375 866 2438 vel
894 2373 1102 2458 Tangroiipia,
1128 2385 1165 2435 ut

74 2460 186 2520 Graeci
207 2459 353 2536 efferunt,
380 2459 419 2520 ad
448 2459 680 2522 Constantinum
708 2457 944 2520 Monomachum
982 2478 1064 2538 paors
1090 2477 1165 2518 con·

71 2542 225 2604 eiliandae
253 2563 355 2604 eausa.
406 2543 482 2602 Nam
503 2563 539 2603 eo
558 2555 694 2624 tempore
714 2541 920 2604 Scherilorum
943 2540 1038 2622 gratia
1059 2549 1089 2600 et
1109 2559 1166 2600 au·

73 2629 202 2686 ctoritas
221 2637 287 2686 erat
308 2645 418 2710 magua
438 2625 469 2686 iu
485 2625 554 2686 aula
570 2626 750 2708 Bagdadiea‚
770 2637 800 2686 et
819 2625 977 2706 praecipue
991 2641 1167 2684 memoran-

76 2719 132 2770 tur
154 2708 194 2768 ab
215 2707 365 2770 Abulseda
386 2720 446 2769 tres
467 2707 615 2784 scharifi,
636 2719 823 2769 caeterorum
843 2705 1001 2788 gentilium
1019 2723 1163 2778 suorum,

76 2791 114 2852 id
133 2803 178 2852 est
191 2791 397 2853 Seberilorum
408 2791 571 2866 Alitarum,
595 2791 623 2851 N
626 2791 706 2852 alibi
728 2812 782 2852 seu
796 2785 958 2852 Generales
969 2807 1024 2869 per
1044 2805 1166 2848 omnem

77 2875 259 2951 Orientem,
289 2876 352 2935 duo
375 2875 502 2950 batres,
530 2894 565 2935 os
584 2873 708 2936 Scherit‘
721 2895 758 2935 or
777 2872 896 2946 Radbi,
926 2869 1096 2932 excellentis
1116 2870 1167 2928 in-

76 2959 433 3104 iilldb‘illl‘ald
453 2961 638 3102 affligi
658 2958 751 3119 {tlt
766 2952 1167 3115 Cllismli‘llllt‘li!

77 3144 135 3185 mo
154 3123 221 3184 loeo
241 3125 389 3186 nominati
407 3063 490 3185 liliull
506 3122 578 3184 Abu
600 3122 717 3184 Hamed
739 3121 862 3201 Adnan,
874 3084 938 3216 ’qui
959 3119 1001 3180 A.
1023 3117 1055 3184 G.
1083 3117 1168 3198 ¹⁰5⁷·

77 3207 178 3284 obiit,
215 3219 246 3268 et
271 3229 362 3290 quem
429 3228 448 3268 o
474 3208 602 3267 ooniieio
632 3206 729 3268 CPlin
756 3207 846 3268 fuisse
868 3223 1007 3266 massum.
1050 3201 1166 3260 Verum

79 3289 291 3353 Scherilorum
304 3312 376 3350 eum
424 3288 524 3350 halilis
543 3291 621 3350 ratio
642 3301 708 3351 erat
721 3289 922 3350 diversissima
935 3308 954 3348 o
968 3285 1085 3346 radone
1096 3301 1170 3362 syn·
1219 3293 1220 3300 ’

74 3371 228 3435 eellorum
255 3394 326 3434 cum
354 3372 542 3455 patriarchis.
592 3372 690 3434 Erant
718 3371 853 3433 Chalifae
880 3389 985 3430 ornnes
1012 3368 1170 3428 nativitate

76 3456 226 3530 Scharili,
262 3467 293 3517 et
322 3455 448 3539 gentiles
479 3476 584 3517 eornm
611 3477 715 3517 omnes
737 3459 850 3536 pariter
879 3471 998 3534 quoque
1026 3445 1167 3510 Scharili.

75 3540 174 3600 Notat
194 3559 231 3600 ea
253 3561 311 3600 vox
331 3536 530 3618 ὑπερέχοντα
556 3535 607 3598 vel
629 3529 788 3617 ἄρχοντα,
818 3537 969 3610 nobilem,
1002 3533 1089 3616 quasi
1112 3529 1169 3590 Hi·

74 3624 205 3704 spanioe
224 3622 377 3704 lapsantem
397 3621 513 3684 diceres
536 3633 590 3681 aut
602 3621 748 3682 Fraoeice
769 3620 889 3683 Prinne.
933 3618 975 3678 Et
993 3615 1026 3676 hi
1046 3612 1170 3696 quidem

73 3716 170 3768 erant
197 3705 324 3766 Sohar-ili
344 3703 527 3777 Abbasitae,
560 3702 600 3763 ab
623 3703 764 3777 libbam,
799 3699 1023 3784 Mnbammedis
1041 3706 1169 3780 panno,

75 3788 223 3864 oriundi,
245 3807 376 3870 quorum
396 3797 489 3868 eaput
501 3786 665 3848 identidem
684 3797 749 3847 erat
761 3783 879 3846 Chalitia
894 3803 1032 3864 regnans.
1074 3777 1169 3840 Soba-
1192 3826 1194 3830 .

75 3871 134 3934 riti
161 3893 255 3952 porro
282 3879 368 3934 erant
395 3891 516 3952 quoque
541 3889 646 3930 omnes
666 3869 704 3930 de
744 3879 813 3929 ente
834 3867 904 3938 Ali,
927 3867 979 3947 qui
1002 3863 1057 3925 luit
1080 3879 1172 3944 gener

75 3953 327 4030 Mubammedis,
359 3953 493 4013 oriundi.
538 3951 700 4013 liabehant
756 3955 762 3968 '
796 3949 945 4012 Nalibum
973 3967 1026 4008 seu
1048 3945 1171 4026 Capita·

76 4058 179 4100 neum
197 4036 247 4097 vel
266 4033 445 4097 Generalem
465 4056 567 4112 suum,
589 4057 685 4096 unum
706 4033 851 4118 Bagdadi,
873 4033 925 4113 qui
950 4052 1004 4114 per
1023 4033 1172 4090 orientem

77 4121 157 4204 ipsis
177 4119 365 4202 imperabat,
384 4119 515 4181 alterum
539 4118 569 4179 al
589 4118 705 4191 cairate,
728 4118 781 4198 qui
803 4117 836 4176 in
859 4121 997 4198 Aegypto
1021 4121 1120 4173 rector
1140 4117 1172 4166 et

76 4213 238 4288 protector
270 4223 376 4264 eorum
404 4211 482 4262 erat.
524 4201 584 4262 Sed
604 4201 636 4261 hi
658 4201 769 4260 Natibi
792 4198 869 4260 nibil
893 4203 1009 4258 ratione
1032 4193 1078 4256 sui
1102 4209 1174 4286 mu·

77 4287 165 4352 neris
189 4283 400 4375 eunsshalifa
424 4305 586 4348 commune
608 4282 780 4365 habebant,
809 4284 867 4344 atsi
894 4279 977 4364 quod
996 4279 1036 4340 ad
1056 4291 1174 4335 curram
