2975 4892
306 297 393 404 304
520 328 860 399 ro.1sc.nnusn
890 327 1172 400 conuuursnn

304 475 463 564 ἐτράπετο.
483 481 654 564 Aliquotics
672 482 846 565 Xiphilinus
866 493 994 545 testatur
1015 485 1048 544 in
1065 483 1195 547 Neronis
1213 483 1296 564 vin,
1311 507 1381 552 eum

303 576 371 648 post
390 567 486 628 editos
506 564 593 628 ludos
612 566 758 649 populum
778 587 871 627 coena
891 567 1050 648 excepisse.

386 647 428 708 A.
442 671 473 731 7.
505 650 577 732 293,
591 649 634 732 9.]
658 647 703 720 εἰς
724 644 905 729 κλητιόριον.
946 653 988 712 Μ.
1012 651 1058 721 εἰς
1077 645 1113 712 τὸ
1136 645 1314 734 κλητόρων.

385 731 425 792 Α.
437 754 469 815 9.
500 733 573 815 295,
590 731 655 815 tn]
676 726 862 793 ιῖνισκσαιὸν.
903 732 1086 794 Convivium
1097 746 1324 818 sequestratum,
1338 739 1378 800 ad

303 817 387 896 quod
408 837 470 875 non
489 835 614 892 omues,
635 837 734 896 neque
752 817 850 874 omnis
870 818 987 896 generis
1006 837 1157 896 proceres,
1189 817 1242 878 sed
1261 829 1379 884 tantum
1406 839 1408 845 ’

302 899 465 973 familiares
477 908 507 958 et
518 897 671 958 domestici
692 899 859 972 invitantur
869 920 892 978 3,
901 895 950 958 vel
969 901 1077 980 potius,
1094 922 1187 982 quum
1203 902 1280 960 inter
1298 904 1378 964 mul-

302 992 349 1042 εει
379 979 452 1042 alias
481 1002 596 1041 mensas
625 981 662 1040 ad
691 1001 784 1041 unam
814 982 936 1042 seorsim
957 982 1085 1064 positam
1113 985 1280 1065 imperator
1307 1007 1377 1048 cum

302 1064 464 1147 gentilibus
483 1065 544 1124 suis
564 1063 723 1124 assidebat.

384 1148 465 1209 Β.2.
484 1147 569 1230 [294
589 1144 653 1228 ι4]
675 1141 875 1222 δαιομίνσσν.
918 1145 973 1207 Est
996 1147 1103 1208 missus
1132 1149 1268 1210 carnium
1295 1173 1377 1216 assa-

301 1241 420 1302 tarum,
441 1230 549 1306 μινσσς
563 1229 624 1290 τῶν
645 1224 835 1309 ὠπτημένων
856 1229 986 1290 velrois
1007 1228 1119 1291 timuis.

240 1318 244 1325 ⁴
382 1313 419 1374 C.
436 1311 492 1372 ult.
512 1307 594 1394 apd,
615 1310 677 1394 rh]
708 1307 944 1390 περιερχόμενοι
972 1306 1109 1394 γυρόθεν
1141 1311 1196 1394 τῆς
1223 1316 1378 1400 τραπέζης

301 1394 415 1477 τρίτον.
459 1395 498 1454 Vi
524 1395 672 1454 .sin1ilem
691 1393 792 1454 locum
835 1395 983 1456 .222.1).
1319 1465 1321 1468 ,

383 1478 423 1537 D.
440 1499 470 1536 2.
484 1476 573 1558 [294
594 1474 655 1558 14]
675 1495 926 1556 χρυσοσημεντα.
967 1476 1069 1537 Aurea
1088 1490 1261 1562 segmenta,
1290 1485 1379 1546 serici

297 1557 397 1622 villosi
418 1560 516 1620 aureis
538 1558 596 1618 filis
616 1560 794 1620 interstincti
819 1563 945 1620 taeniae.
988 1551 1170 1641 Διάκσνιτα,
1204 1565 1236 1624 in
1264 1566 1376 1646 quibus

300 1641 387 1702 ocelli
408 1641 458 1703 vel
477 1641 611 1702 tessellae
632 1653 753 1718 essent,
776 1642 860 1702 velut
882 1663 957 1724 opus
975 1643 1197 1724 cancellatum
1218 1645 1266 1708 vel
1286 1653 1378 1711 etiarn

299 1727 409 1801 scissa,
438 1725 480 1785 sic
508 1744 543 1784 ut
574 1727 662 1786 vestis
689 1725 812 1784 inferior
839 1746 894 1805 per
922 1725 1066 1786 fenestras
1094 1731 1187 1808 panni
1216 1735 1379 1812 superioris

298 1818 512 1889 trunspareret.
535 1809 583 1867 De
598 1829 660 1889 qno
679 1829 787 1889 genere
806 1810 931 1867 vestitus
951 1806 1039 1888 plura
1056 1809 1124 1870 dico
1147 1811 1186 1872 ad
1206 1833 1235 1892 p.
1251 1813 1322 1876 356.
1331 1817 1375 1876 D.

299 1910 331 1950 2.
372 1885 617 1968 Κοντσμάνικα,
639 1912 708 1949 cum
735 1892 828 1950 curtis
856 1893 980 1950 manicis
1008 1891 1046 1952 ad
1069 1914 1174 1975 carpos
1199 1916 1295 1976 usque
1315 1919 1378 1958 non

295 1975 461 2055 porrectis,
484 1973 537 2032 sed
558 1994 647 2053 supra
668 1972 804 2032 cubitum
824 1972 1038 2034 desinentibus.
1111 2023 1115 2032 .

288 2096 291 2105 .
380 2058 421 2115 D.
436 2056 466 2115 3.
478 2054 566 2136 [294
584 2053 647 2136 ι6.]
671 2049 861 2131 notionis.
902 2055 979 2116 Sunt
999 2067 1051 2117 aut
1072 2061 1204 2134 taeniae,
1226 2061 1378 2142 prandeat

218 2149 224 2170 '
296 2138 460 2217 pretiosae,
492 2148 544 2197 uut
567 2136 670 2198 circuli
692 2140 775 2196 aurei
796 2139 892 2216 suris,
926 2151 979 2198 aut
997 2141 1097 2199 statim
1120 2143 1177 2204 sub
1197 2164 1293 2224 genu,
1322 2157 1377 2206 sut

294 2219 710 2385 titffithtlltt
720 2219 1095 2368 &restititis
1110 2224 1378 2372 illirium

407 2347 417 2380 7
1249 2356 1260 2386 δ

294 2405 335 2446 πε
356 2382 518 2457 ισιιελιδες.
670 2379 682 2395 “

286 2513 290 2520 .
335 2407 418 2528 OD.
436 2468 467 2530 5.
484 2468 572 2553 [294
592 2468 654 2552 ι9.]
677 2469 801 2551 φεγγία.
842 2469 944 2532 Baouli
976 2492 1046 2532 cum
1075 2472 1199 2534 orbibus
1228 2476 1379 2556 argenteis
1418 2479 1420 2487 ’

294 2548 334 2610 nd
358 2552 452 2612 instar
472 2552 581 2631 lunae,
602 2554 709 2614 vertici
729 2573 857 2632 eorum,
877 2553 916 2614 ad
936 2556 1030 2614 instar
1051 2555 1123 2636 pilei
1143 2554 1247 2637 plani,
1271 2579 1377 2639 super·

293 2632 411 2709 affixis,
445 2647 498 2696 sut
519 2658 590 2715 curn
607 2638 687 2698 nnsis
707 2647 737 2696 et
758 2635 861 2697 fulcris
888 2657 995 2700 manus
1016 2639 1306 2714 semicircularibus‚
1334 2643 1376 2704 sd

293 2719 390 2777 instar
409 2718 499 2780 lunae
518 2731 685 2794 cornutae,
708 2741 761 2800 per
783 2717 926 2780 baculum
946 2722 1090 2782 traiectis.
1133 2723 1238 2784 Latius
1258 2721 1315 2786 hac
1336 2724 1377 2787 de

294 2820 329 2860 re
349 2821 467 2883 expono
486 2802 525 2862 ad
546 2825 576 2883 p.
590 2803 663 2880 340.
679 2803 720 2861 Ι).
736 2803 765 2863 5.

376 2883 417 2943 D.
438 2884 468 2944 8.
494 2884 604 2962 (Schol.
630 2907 662 2944 v.
689 2887 725 2964 ι.)
754 2883 842 2968 [294
867 2885 922 2945 25.
957 2884 1029 2967 not]
1054 2883 1275 2964 διερχομένων.
1296 2885 1377 2948 Pm-

292 2960 345 3024 bo.
385 2967 431 3025 M.
453 2965 658 3044 διέρχεσδαι,
687 2989 748 3048 quo
778 2967 927 3042 admisso,
955 2967 1063 3030 lacuna
1083 2971 1173 3030 statui
1193 2969 1283 3030 debet
1300 2970 1375 3048 suh-⁴

293 3067 377 3122 esse3
400 3045 583 3127 διέρχεσθαι
606 3059 650 3108 est
682 3050 714 3109 in
740 3061 840 3130 partes
865 3051 1016 3114 discedere
1043 3063 1132 3114 antea
1158 3062 1374 3137 congregatos,

291 3127 558 3209 διαχωρίζεσθαι,
581 3127 848 3210 διισχωριζεσδαι.

372 3229 412 3288 D.
429 3228 545 3310 penult.
562 3228 648 3314 [294
665 3233 716 3293 25.
744 3232 824 3316 not]
846 3236 919 3302 ταῖς.
961 3235 1007 3293 Μ.
1031 3237 1110 3305 ταῖς.

152 3345 282 3420 rann
353 3357 422 3419 η..
441 3336 482 3396 A.
500 3336 529 3416 t.
548 3337 634 3420 [294
650 3337 719 3420 η]
742 3335 804 3400 και.
845 3341 891 3400 Μ.
907 3320 972 3415 Ε
992 3340 1050 3401 hoc
1071 3351 1117 3401 est
1136 3335 1235 3422 κύριε.

371 3422 412 3481 A.
428 3443 459 3524 9.
476 3420 565 3505 [295,
581 3419 630 3502 2.]
651 3420 897 3497 βασταζσμένου.
938 3425 982 3482 M.
1005 3417 1251 3502 βασταζόμενον.
1293 3423 1373 3485 Sub-

288 3498 345 3562 int.
367 3499 460 3564 ἐστιι
484 3500 578 3582 δῆλόν
597 3504 695 3580 ἐστιν,
717 3495 765 3563 ὅτι
785 3503 878 3564 τοῦτο
900 3500 1134 3581 βασταζόμενόν
1154 3505 1248 3566 ἐστιν.

371 3583 583 3670 Α.12.[295,
605 3584 652 3667 5.]
687 3585 843 3665 χαδρεται.
887 3589 952 3647 Hoc
981 3599 1024 3648 est
1055 3610 1088 3648 ex
1108 3586 1226 3670 vulgari
1248 3607 1303 3648 usu
1323 3587 1371 3648 lo-

287 3667 400 3746 quendi
419 3689 476 3748 pro
495 3667 610 3748 χαίρει.
640 3670 811 3751 Antiquom
832 3669 914 3730 hunc
934 3671 1129 3732 Macedoniae
1149 3669 1289 3752 loquendi
1304 3691 1374 3731 rno-

288 3747 364 3807 dnm
384 3770 446 3809 esse
466 3756 601 3831 patet'ex
625 3750 836 3833 Aristophanis
856 3753 907 3813 illo
928 3765 1020 3833 noto,
1041 3754 1123 3836 quod
1143 3753 1262 3825 irridet,
1285 3751 1373 3814 velut

288 3829 491 3909 Thracicum,
511 3829 627 3912 ἥδομαι
648 3833 703 3894 καί
719 3833 885 3916 χαίρομαι.
926 3837 1011 3898 Usus
1030 3859 1065 3896 eo
1107 3857 1204 3918 noque
1225 3835 1282 3895 lirit
1302 3833 1374 3894 An-

287 3912 411 3992 tiphilus
429 3917 460 3974 in
480 3917 645 3998 Antbolog.
667 3938 699 3999 p.
724 3915 776 3981 85.
809 3939 835 3978 ι.
868 3919 916 3978 ed.
944 3919 986 3980 H.
1017 3859 1122 4000 steph.
1165 3921 1265 3978 Duces
1286 3915 1370 3980 Hist.

287 3996 322 4054 C.
335 3995 407 4074 54ι
428 3991 462 4057 ιδ
484 4000 546 4058 τῶν
575 4000 842 4076 Μουσουλμαναῖν
862 4001 948 4080 γένος
974 3996 1145 4085 ἐδυσφόρει
1157 4047 1165 4076 ,
1189 3995 1244 4061 xci
1263 3995 1292 4059 si
1314 4019 1372 4061 κα-

286 4093 432 4176 βσνρδδες
454 4095 579 4180 [Calleri
600 4085 692 4183 ,li-<ll
716 4097 894 4182 Christiani]
921 4099 1096 4180 δχαίρσντο.

367 4193 403 4256 Β.
422 4217 454 4257 2.
471 4195 560 4282 [294
577 4195 626 4283 9.]
648 4188 704 4279 ὅλη
725 4193 927 4278 ἦῬωμανιίι.
969 4200 1062 4280 Orbis
1083 4201 1260 4285 Romanus,
1281 4199 1374 4298 idest
