2975 4892
392 299 470 388 130
590 326 645 392 ιο.
659 325 754 392 tac.
781 326 926 390 austu
948 322 1233 389 eouumsauu

384 479 502 544 muneri
523 481 682 562 praecipue
702 480 890 551 Christianos
911 478 1064 539 adhibitos
1083 477 1136 538 illa
1154 477 1186 537 in
1201 474 1270 536 aula
1292 475 1380 536 fuime
1393 494 1451 535 con

382 575 443 626 stat
463 587 497 626 ex
511 563 669 624 Elmacino
690 573 720 624 et
742 563 874 624 aliunde.
920 562 995 622 lnde
1013 562 1148 635 sactum,
1170 571 1206 620 ut
1224 561 1333 620 veteris
1353 580 1451 618 novae-

383 666 443 730 que
470 648 622 728 dignitatis
651 667 762 707 nomen
793 645 882 706 simul
917 653 1041 726 gereret.
1093 643 1177 720 Quid
1210 643 1268 702 sibi
1301 640 1367 704 vult
1386 641 1452 700 illud

384 731 466 812 apud
493 731 648 790 Constant.
674 728 790 810 Porph.
813 729 852 788 de
872 729 954 788 adm.
978 730 1053 808 imp.
1075 725 1271 800 καθέζεσθαι
1290 717 1333 794 ὥς
1354 745 1454 802 upum

385 807 564 894 σπαθάριαν
584 807 640 874 καί
658 817 769 894 φορεῖν
790 805 1067 885 ἐπικοατζοόλιονΊ
1106 809 1202 869 Estne
1223 807 1281 868 hoc
1297 827 1456 868 scaraman*

385 900 491 978 giumt
531 895 641 958 Fuitne
655 897 893 993 scaramangium
914 893 1256 973 Protospathariorum'?

411 1021 412 1024 ,
469 977 505 1038 C.
528 977 669 1060 10.[25‚
691 975 744 1058 5.]
773 997 848 1047 τους
875 974 1072 1058 α’σηκρήτοας
1103 975 1277 1057 νοταρίους.
1316 974 1364 1032 Μ.
1391 967 1456 1043 τούς

387 1053 565 1140 α’σηκρὴτας
584 1053 641 1118 καὶ
659 1058 831 1135 nucumve.

468 1142 509 1200 D.
533 1161 560 1201 1.
574 1139 646 1224 [25‚
664 1139 716 1225 7·]
739 1139 822 1219 λέγει
842 1139 878 1201 δὲ
897 1133 962 1204 διαὶ.
1004 1140 1201 1200 Membranae
1217 1135 1300 1217 λέγει
1318 1132 1383 1197 διὰ.

431 1221 764 1306 16.A.1.[25‚18.]
794 1221 953 1304 δευτέρου.
994 1222 1090 1304 Saepe
1113 1222 1245 1282 occurrit
1280 1219 1311 1280 in
1334 1219 1392 1279 hoc
1425 1218 1457 1280 li-

385 1307 442 1370 bro
460 1306 606 1367 Deruenu
625 1308 667 1368 sic
690 1305 791 1381 nude,
822 1318 853 1367 ct
876 1318 949 1367 tunc
974 1327 1092 1388 semper
1120 1303 1297 1385 intelligitur
1317 1304 1457 1363 Deutems

385 1391 517 1472 Papiae,
540 1389 573 1450 id
595 1399 639 1449 est
656 1389 868 1450 secundiccrtiu
888 1391 1017 1473 Papiae.
1061 1387 1146 1448 Alias
1167 1389 1199 1448 in
1215 1389 1320 1468 quovis
1344 1406 1457 1446 munere

386 1472 655 1553 a11t01·dine„qui
678 1471 827 1532 secundus
842 1483 872 1533 et
893 1475 1046 1554 proximus
1069 1483 1114 1532 est
1133 1472 1322 1551 primicerio,
1346 1471 1457 1550 eiusque

387 1549 518 1626 nbsenti's
536 1557 616 1616 vices
634 1555 729 1636 gerit,
760 1567 806 1614 est
828 1552 978 1636 δεύτερος.
1019 1555 1113 1614 Utin
1130 1554 1259 1629 militia,
1280 1549 1297 1612 d
1317 1551 1377 1627 μὲν
1396 1550 1457 1628 Σέφ

384 1658 451 1718 νιος
472 1633 673 1716 πριμεκήριος
694 1627 749 1717 ἦν,
771 1630 788 1694 d
810 1631 986 1715 δ’ὲΒάκχας
1010 1633 1156 1717 δεύτερος
1176 1631 1293 1710 αὐτοῦ,
1312 1635 1457 1713 Menolog.

386 1718 475 1790 Basil.
495 1721 534 1780 T.
551 1721 590 1778 11.
611 1743 642 1802 p.
658 1741 711 1803 99.
756 1721 802 1780 lta
823 1715 1018 1798 δευτερεύων
1047 1720 1100 1797 (id
1119 1722 1200 1780 enim
1218 1718 1298 1778 idem
1316 1723 1377 1794 est)
1406 1720 1457 1776 De·

385 1802 501 1864 marchi
520 1801 650 1863 babetur
667 1823 759 1886 supra
776 1826 807 1884 p.
824 1825 871 1883 9.,
901 1794 1139 1878 δἐυτερεύοντας
1157 1801 1220 1861 τῶν
1240 1797 1457 1881 Appenninus,

265 1895 268 1902 ‘
385 1878 511 1969 1ερέων,
539 1879 693 1944 διακόνων
714 1896 771 1944 etc.
795 1885 888 1944 hebet
907 1887 959 1944 Du
974 1885 1075 1966 Gange
1095 1883 1194 1944 Gloss.
1212 1884 1268 1942 Gr.
1289 1883 1319 1944 b.
1338 1904 1371 1943 v.

468 1967 549 2026 Ibid.
595 1965 646 2038 25,
668 1987 713 2048 ¹9·
758 1961 938 2028 undenum.
981 1969 1025 2026 Μ.
1045 1965 1141 2044 ἐνδυ,
1162 1967 1195 2026 id
1210 1977 1253 2026 est
1266 1959 1444 2044 ἒνδυθῆναι.

470 2049 510 2108 A.
526 2047 557 2125 4.
574 1967 647 2133 1ε5,
665 2069 714 2108 ac.
761 2043 817 2128 τὴν
837 2040 983 2110 ἀκακίαν.
1023 2049 1107 2126 Quid
1134 2050 1173 2110 sit
1203 2039 1316 2108 ἀκακία
1344 2051 1457 2108 clemen

385 2133 515 2274 {aget
541 2126 740 2210 α’νεξικακιά,
770 2131 853 2215 quod
883 2131 964 2193 idem
987 2132 1152 2215 significat,
1188 2131 1248 2192 dixi
1279 2131 1317 2190 ad
1341 2153 1375 2212 p.
1396 2133 1457 2190 532.

469 2295 509 2355 A.
525 2315 555 2378 9.
573 2293 648 2378 [a5‚
664 2295 736 2380 a5.]
774 2292 924 2357 ὑποκάτω
958 2294 1191 2377 κουβαυκλειόυ.
1231 2295 1278 2356 Μ.
1310 2285 1373 2354 v‘nb
1412 2294 1457 2355 wi

385 2379 617 2456 καυβουκλειόυ.
694 2393 698 2399 ’

468 2461 502 2520 Β.
521 2460 550 2520 3.
576 2461 622 2538 (ς.
645 2481 699 2520 αι.
720 2459 925 2545 1.)[26‚7.]
945 2453 1020 2539 χρὴ.
1049 2462 1093 2520 M.
1115 2453 1174 2537 dr),
1196 2459 1226 2520 id
1246 2458 1364 2522 estdsc‘.
1395 2461 1457 2520 viu

386 2543 423 2603 C.
449 2543 506 2604 ult.
533 2541 622 2604 huius
646 2546 737 2625 ipsius
762 2546 899 2626 paginae.
944 2543 995 2604 Nil
1009 2543 1196 2623 frequentius
1213 2546 1245 2601 in
1261 2543 1306 2602 his
1323 2545 1457 2604 membru

385 2629 433 2685 nis
456 2627 676 2742 pegmutatione
697 2649 716 2708 η
739 2637 769 2687 et
790 2647 827 2689 ει.
844 2628 885 2687 V.
902 2625 1029 2687 Salmas.
1055 2625 1094 2686 ad
1113 2627 1185 2684 Ser.
1203 2625 1244 2686 H.
1263 2625 1343 2708 Aug.
1362 2626 1407 2688 Τ.
1426 2629 1456 2686 11

386 2727 454 2790 pag·
470 2731 515 2850 dl
518 2731 554 2849 11
573 2789 646 2874 [asu
660 2789 733 2874 να]
765 2787 803 2850 od
833 2790 979 2869 γίνονται.
1021 2791 1163 2851 Scholion
1191 2791 1229 2849 ad
1256 2791 1338 2850 hunc
1364 2787 1457 2851 locun

386 2869 491 2938 multis
515 2872 698 2954 compendiis
729 2876 875 2932 scritum
900 2885 931 2934 ct
951 2895 969 2933 a
992 2873 1164 2958 bibliopega
1191 2885 1377 2954 praesectum
1399 2876 1457 2934 fuit

388 2954 472 3030 Quas
494 2953 612 3024 duobus
632 2958 718 3014 uncis
739 2897 843 3015 inclusi
863 2977 972 3034 voees,
994 2979 1047 3016 eae
1070 2979 1089 3017 a
1107 2955 1229 3016 cultello
1248 2957 1423 3037 perierant,
1446 2979 1457 3018 c

387 3038 547 3118 sagacitate
568 3035 607 3096 cl.
623 3033 737 3097 beichii
758 3037 911 3119 snpplctae
928 3039 1062 3100 fuerunt.
1105 3036 1204 3102 Debet
1224 3051 1322 3098 autem
1339 3041 1382 3099 sic
1400 3039 1457 3122 legi

385 3113 516 3198 Ἱστὲον,
546 3111 595 3177 ὅτι
614 3111 711 3202 ταύτῃ
732 3119 772 3203 τῇ
792 3113 974 3198 asceterium
994 3119 1033 3180 od
1054 3123 1190 3202 γίνονται
1211 3120 1346 3205 [δοχαὶ]
1369 3121 1407 3182 ἐν
1430 3146 1457 3182 τι

387 3196 518 3281 πόρτακι
542 3198 643 3286 [τοῦ]
667 3201 895 3280 Αὕγουστέως,
917 3203 951 3264 ἒν
972 3203 1048 3288 [τῇ]
1069 3203 1178 3286 χρυσῇ
1195 3203 1300 3282 χειρί,
1321 3197 1421 3286 [ἀλλ’
1443 3204 1457 3266 d

386 3279 451 3424 gez]
473 3279 624 3388 dvonoglt'cpt
646 3284 700 3344 καί
719 3283 753 3344 ἐν
774 3285 819 3369 τῴ
842 3284 1102 3372 [κον]σιστωρι’ῳ,
1123 3285 1181 3345 καί
1196 3279 1235 3346 ταὶ
1258 3281 1394 3370 [λοιπὰ]
1418 3310 1457 3348 κα

441 3385 504 3435 ςπ
526 3385 568 3427 oet
613 3387 675 3432 ται,

431 3387 932 3532 ι7.171η[η,η.]ἔμααον.
983 3451 1051 3512 Vox
1075 3449 1153 3512 haec
1184 3453 1333 3537 portium
1361 3464 1457 3512 notat

389 3527 599 3594 ambulacrum
622 3531 750 3613 desuper
766 3545 963 3612 coopertum,
992 3535 1024 3593 in
1043 3555 1135 3616 quem
1155 3537 1223 3617 quis
1244 3553 1276 3594 se
1293 3545 1395 3614 potest
1420 3534 1457 3612 ε’,α

387 3599 533 3689 βάλλειν,
565 3614 716 3694 recipere,
747 3613 930 3696 confugere,
958 3629 1153 3692 rmtertoeten,
1184 3635 1247 3699 quo
1267 3627 1352 3676 tutus
1370 3619 1414 3678 sit
1440 3640 1457 3676 a

388 3691 505 3772 imbui,
529 3697 621 3771 nive,
650 3707 680 3755 et
701 3697 767 3756 aliis
786 3701 864 3758 airis
886 3699 1013 3759 iniuriis.
1056 3697 1193 3782 Duplicis
1216 3701 1335 3782 generis
1360 3699 1457 3761 embo

389 3787 486 3836 erant.
531 3778 686 3856 Quaedam
703 3779 819 3860 plateae
834 3803 896 3854 non
915 3801 950 3842 ex
968 3784 1001 3842 in
1111 3784 1240 3864 desuper
1254 3794 1355 3844 tectae
1369 3805 1457 3844 eran:

388 3858 487 3920 sedin
503 3860 602 3920 medio
625 3861 753 3921 liberum
775 3876 966 3944 prospectum
984 3887 1020 3926 co
1050 3867 1299 3938 iconcedebant‚
1334 3876 1367 3925 et
1383 3868 1457 3926 aml

389 3961 444 4012 sua
466 3941 559 4003 latera
577 3954 697 4004 tantum
716 3943 870 4006 habebant
888 3948 1052 4027 porticibus
1072 3959 1249 4030 praetensa,
1264 3960 1313 4009 “ut
1330 3950 1366 4007 in
1388 3949 1457 4010 urb

388 4021 446 4084 bus
464 4022 605 4104 Europae
623 4037 743 4088 nostrae
762 4029 872 4109 passbn
887 4030 992 4091 videre
1006 4042 1068 4108 est3
1089 4031 1239 4111 quaedam
1254 4031 1375 4112 plateae
1393 4042 1457 4091 tot·

389 4115 476 4166 mant
494 4116 590 4168 tectae
609 4109 658 4170 vel
680 4109 842 4170 absidatae.
885 4112 977 4173 Prius
993 4113 1070 4173 illud
1092 4135 1186 4195 genus
1194 4114 1331 4195 designat
1349 4114 1457 4196 Papia

298 4270 302 4280 Ι
389 4188 513 4274 quando
536 4191 590 4252 uit:
633 4191 744 4254 lentuli
767 4194 860 4270 dicu,
889 4197 1032 4280 uelquia
1062 4197 1283 4258 aubvdlwm'ne
1310 4211 1400 4274 εωιῑ,
1435 4222 1457 4257 e.
