2975 4892
102 300 151 366 m
184 299 404 370 cosmam.
423 301 573 368 roura.
604 304 660 367 os
689 301 828 368 caaru.
854 303 929 368 nra.
959 305 999 367 u.
1031 275 1118 390 609

59 461 109 538 sit,
125 469 160 520 ut
189 469 317 521 aetatem
343 460 645 544 Langobardicorum
674 461 706 521 in
727 457 817 522 ltalia
846 479 952 542 regum
972 461 1119 543 attingat,

57 540 160 624 dequo
177 563 237 604 non
259 540 372 626 absque
390 565 424 604 re
444 543 611 605 dubitatur.
642 545 735 605 Varia
758 543 840 603 illinc
860 545 1022 620 discimus,
1042 561 1121 625 quac

58 644 109 684 non
127 624 227 686 inutile
254 628 313 684 erit
339 624 472 687 breviter
506 629 715 710 perstringere.
758 627 894 686 Primum
917 627 1052 686 videmus
1073 647 1122 686 re-

60 727 132 786 gem,
152 711 198 768 eui
227 711 383 790 episcopus
412 729 555 770 coronam
580 714 721 852 imponit.
764 710 857 769 Cuius
881 708 911 769 id
933 710 1047 790 agentis
1069 723 1122 790 pe·

59 790 120 848 dum
137 801 215 850 tenet
236 813 315 872 pone
336 791 455 854 adstans
473 793 582 874 aliquis
610 795 736 853 cericus
756 791 804 852 vel
826 793 993 874 presbyter.
1039 791 1123 852 Pone

58 869 127 932 hooc
154 883 210 934 stat
230 872 408 948 acoluthus,
438 875 603 952 manibus,
630 887 667 935 ut
684 875 825 950 videtur,
849 871 1049 950 δεδεμέναις,
1070 873 1124 933 ἀσ-

59 960 165 1016 cassatis
190 977 280 1037 super
312 969 446 1038 pectore.
509 958 561 1019 Ab
581 955 676 1018 altera
697 969 784 1039 parte
800 959 955 1038 proximus
977 959 1039 1036 regi
1060 977 1124 1016 sce-
1232 961 1235 970 “

58 1047 144 1114 ptrnm
160 1042 272 1100 tenenti
287 1051 318 1100 et
338 1041 370 1100 in
390 1041 502 1101 throno
521 1041 655 1118 sedenti,
674 1061 755 1122 pone
775 1037 857 1122 quod
877 1037 979 1099 velum
1000 1059 1125 1120 suspen·

59 1138 115 1180 tum
131 1131 203 1196 ert,
221 1133 282 1182 stat
311 1122 387 1184 alius
408 1123 585 1206 presbyter,
613 1135 680 1184 tum
708 1123 799 1206 longo
820 1121 926 1183 ordine
946 1131 1121 1196 senatores,

60 1222 172 1280 quorum
192 1203 244 1265 alii
276 1206 377 1284 nihil,
402 1206 454 1267 alii
483 1217 583 1267 tomos
603 1205 724 1266 chartae
757 1216 885 1282 tenent,
907 1207 959 1287 qui
981 1215 1035 1266 aut
1055 1213 1126 1265 sunt

61 1285 163 1346 codices
182 1288 405 1371 evangeliorum
423 1287 576 1370 expliciti,
601 1297 654 1348 aut
667 1289 823 1349 continent
836 1297 1055 1348 sacramentum
1076 1287 1126 1348 vel

61 1368 303 1448 capitulationem,
333 1373 381 1432 cui
401 1393 434 1432 se
453 1393 505 1432 rex
527 1371 718 1432 coronandus
738 1371 922 1454 adstringere
956 1371 1127 1430 ἰαιιιὶιιιιιιιὁ

63 1447 94 1507 do
110 1450 209 1532 debet,
231 1452 284 1514 alii
302 1463 406 1516 tenent
425 1475 548 1536 mappas
565 1453 774 1536 manipulosve
786 1495 795 1530 ,
809 1465 871 1528 aut,
895 1455 919 1513 si
938 1453 1047 1528 mavis,
1061 1451 1127 1514 chi·

61 1533 178 1596 rothecas
207 1535 357 1618 digitatas.
404 1537 543 1598 Tandem
562 1539 653 1598 etiam
673 1537 705 1597 in
734 1535 838 1597 oculos
860 1538 1020 1596 incurrunt
1040 1535 1126 1613 duo,

62 1619 105 1754 pti
122 1639 221 1680 manus
236 1669 240 1676 .
257 1618 437 1680 decussatim
456 1641 547 1702 super
572 1631 694 1702 pectore
713 1619 825 1701 positas
847 1628 967 1700 gerunt.
1009 1618 1045 1678 lu
1064 1639 1129 1677 me·

81 1697 289 1762 iachhotheca
316 1704 446 1785 episcopi
477 1724 559 1778 una,
580 1723 661 1785 quae
685 1703 716 1762 in
739 1712 934 1783 conspectum
956 1703 1060 1776 venit,
1084 1699 1130 1759 lo·

62 1799 149 1842 mareu
175 1784 380 1866 conspicitur,
413 1783 495 1867 quod
537 1787 615 1846 sitne
647 1783 744 1845 errori
781 1782 942 1866 lapidarii,
972 1803 1010 1842 arr
1040 1793 1131 1864 rupto

63 1867 202 1943 marmori,
223 1887 266 1927 an
299 1867 429 1950 deniqne
464 1871 549 1928 istius
580 1865 692 1929 saeculi
722 1868 801 1927 mori
831 1864 1040 1939 tribuendum,
1061 1883 1131 1946 per:

63 1952 129 2008 tusas
155 1949 186 2010 in
216 1948 320 2010 medio
338 1971 446 2012 manus
474 1951 566 2012 dorso
601 1947 789 2012 chirothecas
815 1947 967 2032 gestandi,
1001 1945 1133 2008 viderint

65 2025 116 2088 alti·
149 2031 206 2092 Sed
238 2042 277 2093 ut
297 2032 419 2094 redeam
439 2034 478 2094 ad
500 2037 657 2116 antiquum
677 2053 794 2093 morem
814 2051 917 2092 coram
934 2051 1004 2112 rege
1025 2029 1133 2090 decus*

65 2113 123 2171 ttt'a
140 2130 226 2196 super
259 2126 380 2196 pectore
396 2117 537 2178 manibus
565 2117 688 2193 standi,
710 2115 847 2176 manavit
870 2135 905 2174 ex
924 2133 960 2174 eo
994 2113 1069 2172 ritus
1101 2115 1134 2172 in

66 2193 185 2269 pratibus
203 2219 326 2281 quoque
345 2219 448 2260 coram
467 2199 525 2260 deo
542 2202 585 2260 sic
605 2198 716 2261 standi.
759 2197 888 2282 ¹'¹[lntcr
907 2198 983 2256 ritus
1005 2215 1135 2276 precan-

67 2275 129 2335 tium
146 2292 349 2342 erantmanus
365 2279 547 2342 cancellatae
566 2293 761 2364 antepectus.
805 2279 893 2341 Ordo
905 2279 1033 2340 Roman.
1046 2277 1132 2338 xlv,

66 2359 197 2444 Muhl*
246 2361 296 2424 Eo
327 2383 449 2447 qrtoque
478 2365 570 2426 modo
591 2367 708 2425 iunctas
739 2363 852 2424 habere
877 2381 1007 2438 manus,
1029 2371 1063 2420 nt
1084 2361 1133 2420 la-

67 2441 156 2503 nitzari
172 2445 344 2508 ‘furcarum
371 2446 485 2508 hahere
505 2446 628 2520 solent,
658 2447 689 2508 id
716 2447 809 2506 etiam
839 2455 884 2505 est
907 2459 984 2505 stara
999 2445 1134 2504 manibus

66 2522 170 2603 itatis,
190 2528 304 2590 scilicet
322 2534 502 2610 non'super
532 2543 652 2613 pectore
672 2549 793 2589 sursum
816 2547 921 2588 versus
937 2527 1132 2606 compositis,

68 2605 111 2664 ⁸011
134 2629 218 2692 super
246 2611 410 2673 abdomine
428 2612 581 2674 deorsum.
640 2611 725 2672 Talis
750 2630 895 2670 manuum
911 2608 1135 2688 compositionis

68 2687 94 2745 in
109 2687 155 2752 illo
173 2694 300 2757 militiae
323 2716 431 2777 genere
451 2696 583 2756 occurrit
597 2693 756 2778 aliquoties
777 2697 876 2774 imago
900 2693 930 2750 in
949 2689 1002 2751 illa
1014 2689 1136 2749 tabula*

67 2775 374 2918 rtltttmss'erriolensium
394 2777 583 2860 collectione,
604 2799 682 2861 quae
700 2776 825 2838 Parisiis
846 2774 957 2860 prodiit
975 2773 1013 2834 Α.
1032 2767 1134 2855 ι7ι4.,

71 2863 98 2911 ut
164 2882 203 2920 ,α
227 2907 235 2922 ,
1190 2911 1195 2922 Ι

135 2939 170 3001 C.
183 2881 226 3025 7?
235 2941 327 3028 [526,
342 2941 394 3026 4.]
413 2943 533 3019 scotori
551 2932 660 3025 βὴλαα.
700 2945 798 3004 Erant
809 2934 958 3026 <praedam
974 2937 1041 2998 tela
1059 2955 1138 3018 ovo*

72 3009 125 3093 rt,
144 3045 218 3105 quae
236 3047 297 3108 ope
317 3025 522 3087 funiculorum
540 3031 572 3088 in
599 3029 740 3102 diversa,
764 3025 873 3104 διχῶς,
893 3013 959 3086 οἷον
979 3013 1065 3093 δεξιὰ
1085 3011 1140 3078 καὶ

70 3096 216 3196 ⁰’fftttttpch
236 3111 440 3170 utuosterait
459 3131 491 3192 p.
511 3109 559 3172 15.
573 3111 629 3187 A,
651 3109 777 3171 distrahi
791 3117 950 3190 poterant,
973 3104 1032 3164 alra
1049 3100 1140 3163 α’νελ-

71 3200 187 3266 tauma,
216 3212 297 3272 quae
317 3191 435 3254 funium
455 3213 512 3273 ope
533 3193 565 3252 in
593 3193 689 3254 altum
709 3190 950 3258 attollebantur,
974 3186 1033 3247 alia
1053 3185 1140 3246 deni*

71 3285 118 3344 (11¹⁶
135 3266 285 3352 αἰρόμενα
305 3271 355 3335 rel
375 3271 606 3353 βασιαζόμενα,
625 3297 703 3358 qliae
720 3275 861 3334 manibus
883 3270 1138 3340 sublevabantur3

72 3349 123 3408 Vid-
138 3373 168 3432 p·
183 3353 235 3416 38.
251 3356 292 3422 A.
312 3377 378 3433 107.
397 3357 433 3416 C.
450 3380 480 3440 7.
507 3358 574 3419 108.
592 3359 626 3419 B.
642 3357 674 3419 6.
698 3357 873 3437 inquorum
894 3357 990 3436 primo
1006 3351 1070 3410 loco
1083 3346 1140 3426 βῆ·

71 3428 115 3522 ,λιι
130 3429 318 3516 αἰρόμενον,
353 3441 386 3500 iu
417 3438 512 3501 altero
536 3439 633 3522 βῆλαν
653 3436 771 3521 capris
798 3431 971 3514 συρόμενον
991 3433 1140 3526 legimus„-

73 3531 99 3570 ιιι
113 3513 214 3579 ultimo
235 3519 270 3596 ἐξ
291 3515 362 3583 ἴσαν
390 3517 577 3596 τανύσαντες
604 3521 727 3608 [nempe
749 3517 825 3591 τούς
846 3514 978 3596 ἱμάντας
999 3515 1062 3576 wir
1081 3511 1142 3592 βη-

74 3592 148 3680 2⁰³⁷]
180 3596 309 3680 αἴρουσι
348 3600 389 3666 ταὶ
418 3603 511 3684 pitito.
572 3605 805 3688 chrysostomus
837 3594 1025 3674 ἄνελκόμενα
1059 3594 1142 3674 ditat

72 3667 148 3740 habet
165 3685 198 3746 in
225 3687 299 3748 illo:
335 3677 413 3748 droa
442 3683 512 3770 ἴδῃς
548 3681 738 3765 α’νελιιόμενα
774 3679 813 3745 τὰ
847 3681 1018 3764 α’μφιθαρα
1060 3676 1144 3823 {vela

73 3759 233 3852 Μανῆ,
264 3765 335 3830 τότε
366 3763 496 3847 νόμισον
532 3768 773 3832 διαστέλλεσθαι
808 3761 863 3827 τὸν
899 3759 1032 3843 ospacti
1084 3781 1143 3822 νιο-Ι

73 3839 127 3904 itt·
149 3849 217 3926 Quo
236 3862 340 3913 tamen
360 3855 392 3912 in
415 3850 483 3913 loco
501 3852 627 3914 dubium
642 3864 702 3927 est,
736 3853 814 3913 sitne
844 3843 983 3909 ἀνέλκειν
1003 3865 1143 3920 sursum,

73 3943 104 3984 tt
131 3931 161 3990 in
185 3931 265 3995 latua
287 3935 418 4004 trahere.
459 3937 545 4011 Quae
574 3934 805 3997 demitterentur
836 3931 970 4002 exalto,
1002 3927 1145 3990 diceban·

73 4015 115 4149 lg
142 4016 315 4112 ζαλᾶσθαιι
370 4019 443 4080 Vid.
470 4018 569 4082 Nostri
588 4041 620 4103 p.
644 4021 715 4104 ²37·
743 4019 784 4080 Α.
807 4037 837 4099 7.
869 4024 899 4074 et
921 4011 972 4074 Du
996 4011 1096 4096 (lange
1113 4021 1146 4071 tr

104 4205 293 4270 contaminas
309 4214 441 4288 Porplyr.
466 4215 523 4270 Vol
544 4214 580 4272 ll.
916 4211 953 4278 39
