2975 4892
272 268 365 374 486
489 293 546 374 ro
566 291 645 371 us.
669 281 819 366 mutu
841 277 1125 367 commutat

273 460 422 528 nunant.
463 453 557 538 Equo
582 451 684 534 enlm,
706 473 769 538 quo
799 452 942 516 saltans
959 449 999 516 ad
1015 450 1046 515 s.
1064 451 1210 538 sephtan
1229 447 1360 518 tettan·

281 559 389 622 diebus
416 556 565 631 Veneris,
592 573 709 636 semper
741 557 915 616 insternitur
927 537 1045 623 &hill
1070 551 1119 613 rel
1153 546 1189 613 τό
1220 545 1355 632 χῶμα,

281 639 457 725 operculum
484 637 574 699 sellae
600 640 748 719 equinae,
772 637 873 719 quod,
896 658 986 719 quam
1006 637 1138 718 primum
1157 633 1298 696 Sullanus
1319 639 1356 698 in

284 737 373 809 porta
393 721 497 804 templi
521 721 689 797 descendit,
712 731 821 781 strator
845 723 909 780 eius
930 719 1024 797 tollit,
1050 718 1108 780 sub
1128 715 1217 780 axilla
1236 739 1290 779 sua
1306 741 1360 780 ro-

283 808 405 883 condit,
436 807 549 887 etipse
573 804 606 862 in
620 801 724 864 eodem
749 823 826 886 equo
844 823 948 863 rursus
970 803 1002 862 in
1020 801 1166 884 palatium
1187 801 1356 868 revehitur.

285 891 381 970 Quod
398 892 455 971 ipsi
471 887 558 949 licet:
582 886 672 947 modo
693 884 779 946 tollat
796 885 982 968 operculum.
1021 884 1080 946 Sed
1100 883 1243 966 operculo
1263 905 1361 968 augu-

284 986 334 1036 sto
360 973 487 1034 insidere
514 969 641 1050 capitale
663 980 720 1029 est.
740 968 781 1028 V.
806 968 844 1029 P.
862 965 941 1028 della
952 965 1040 1028 Valle
1057 965 1184 1050 Epistol.
1206 967 1359 1032 Itiner.1.··

289 1060 337 1119 13.
361 1067 391 1116 et
412 1057 474 1115 Leo
503 1053 598 1114 Afric.
616 1051 673 1112 111.
698 1052 751 1112 53.
773 1050 974 1112 Credideruut
990 1051 1049 1110 viri
1075 1051 1166 1126 docti,
1189 1047 1225 1110 τὸ
1245 1045 1359 1130 χῶμα

284 1161 347 1200 esse
363 1149 480 1198 tantum
497 1147 636 1196 ornatum
654 1133 723 1194 colli
752 1137 876 1216 equini,
897 1133 1030 1210 inducti,
1048 1133 1235 1208 invidetur,
1258 1153 1292 1194 ex
1308 1132 1413 1218 los

284 1242 320 1283 eo
343 1220 450 1281 Codini
474 1218 512 1279 de
531 1217 611 1279 offic.
628 1215 729 1278 XVII.
749 1213 812 1300 «ips
833 1207 871 1296 ἢν
898 1209 1051 1296 πρότερον
1072 1211 1226 1297 συνήθεια
1246 1219 1362 1297 φορεῖν

283 1297 340 1365 τὸν
359 1302 416 1363 τοῦ
434 1300 587 1379 βασιλέως
617 1298 712 1360 ἵππον
741 1295 776 1362 ἰν
802 1299 840 1383 τῇ
860 1291 988 1382 τοιαύτῃ
1016 1291 1185 1378 πανηγύρει
1208 1295 1282 1378 περὶ
1300 1291 1360 1359 τόν

281 1381 434 1464 τράχηλον
453 1381 509 1443 καί
528 1372 659 1460 ὕπερθεν
676 1379 732 1461 τῆς
743 1380 855 1455 ulliae
868 1374 972 1442 ἐπάνω
991 1381 1054 1441 τῶν
1065 1379 1263 1442 σκαποολίοοο
1274 1371 1360 1462 ὅπερ

280 1461 475 1543 ὠνομάζοντο
504 1460 696 1544 χαιιόμοτα,
716 1463 750 1525 ἐκ
773 1456 946 1546 μοργάρωο
965 1460 1020 1522 καί
1038 1459 1359 1543 λίθωνοογκείμεοα.

283 1550 485 1610 erediderunt
510 1543 549 1608 τὰ
568 1543 744 1609 ansnevilla
777 1548 912 1632 scapulas
941 1557 1066 1608 notme:
1089 1555 1119 1606 et
1140 1547 1194 1631 qui
1217 1555 1361 1628 poterant

280 1631 393 1693 aliter?
423 1634 475 1713 qui
492 1633 631 1691 Latinam
654 1631 732 1691 hanc
753 1652 815 1692 esse
842 1649 946 1690 rocem
962 1631 1073 1690 scirent
1092 1639 1122 1690 et
1193 1629 1223 1690 id
1243 1629 1364 1690 Latinis

283 1716 406 1798 scapulla
426 1715 581 1797 significet.
604 1713 664 1773 Sed
689 1717 776 1776 novis
797 1715 917 1773 Graecis
944 1712 1054 1773 lumbos
1080 1727 1156 1773 voca
1178 1711 1263 1772 ulum
1280 1708 1361 1774 illud

283 1796 772 1940 ...a
792 1786 994 1960 ..m
1010 1793 1363 1961 alterautra..

282 1974 382 2024 essent
405 1903 462 2022 liae
479 1925 627 2042 strag’ulae
654 1960 739 2024 lineis
758 1901 875 2023 drlabus
900 1957 1107 2040 diagonalibus
1128 1923 1313 2042 gemmalum
1331 1971 1365 2022 et

282 2047 512 2126 margaritarum
549 2046 590 2102 in·
604 2043 703 2103 medio
724 2065 756 2105 se
782 2045 820 2105 ad
841 2041 966 2122 angulos
994 2054 1096 2104 acutos
1113 2045 1281 2104 secantibus
1309 2043 1364 2104 di-

280 2131 440 2204 stinctae„
447 2121 596 2203 χιώμοτα
627 2137 699 2186 sunt
719 2126 825 2188 dietae.
866 2125 967 2184 Χιοῦν
991 2137 1035 2184 est
1056 2125 1170 2208 aliquid
1206 2126 1244 2186 ad
1265 2127 1364 2186 instar

281 2208 400 2271 litterae
416 2210 548 2268 Graecae
570 2208 608 2269 X
626 2208 733 2270 facere.
785 2209 919 2285 Notum,
941 2207 1016 2288 quid
1034 2211 1074 2268 sit
1096 2209 1125 2269 in
1160 2207 1316 2270 rhetoricis
1345 2203 1367 2267 ὅ

279 2289 438 2372 χιασμός,
460 2303 491 2351 et
508 2290 631 2368 χιωτοός
652 2292 683 2350 in
709 2290 823 2354 Glossis
843 2291 923 2351 idem
947 2300 991 2349 est
1009 2301 1099 2373 atque
1122 2291 1364 2370 καγκελλωτοῖς,

280 2374 462 2436 decusatim.
502 2372 626 2434 Glossae
643 2374 783 2436 Nomicae
803 2375 939 2436 Vatican.
958 2373 1046 2454 apud·
1060 2375 1111 2434 Du
1138 2375 1200 2435 Can
1221 2395 1238 2434 e
1257 2371 1365 2435 Gloss.

283 2457 339 2517 Gr.
358 2477 388 2516 v.
411 2449 552 2532 μετάξιατ
595 2455 742 2532 Messena
761 2454 896 2532 ἔνδεομο
919 2456 1027 2535 specim
1050 2397 1288 2539 [oppiaeotlegr‘t
1307 2457 1366 2518 Du

281 2537 397 2621 Gange]
420 2533 771 2619 εἴτουοτὰἕοοεὸεμένο
792 2531 936 2619 ἀλλήλοις
951 2537 1163 2618 καγκελωὸοῐς,
1189 2535 1267 2600 εἴποι
1286 2561 1365 2618 χιω-

283 2621 354 2694 τοῖς.
397 2622 503 2682 Noster
523 2631 603 2682 certe
622 2621 713 2682 codex
740 2621 918 2706 plerumque
939 2629 970 2680 et
990 2621 1090 2681 neseio
1111 2641 1149 2681 an
1168 2643 1230 2683 nou
1245 2643 1367 2705 semper

284 2703 395 2784 χίοομο
422 2707 568 2786 scriptum
594 2703 732 2780 exhibet,
765 2726 831 2766 nou'
845 2701 995 2784 χαίοομα,
1017 2713 1051 2762 ut
1073 2705 1125 2763 Du
1157 2705 1278 2787 Gange,
1307 2706 1365 2788 qui

283 2787 364 2846 conf.
378 2787 411 2846 h.
427 2807 474 2864 m,
497 2786 550 2847 ubi
566 2785 657 2852 aliam
674 2787 727 2848 dat
746 2787 967 2871 etymologiam.
1011 2785 1056 2846 Ut
1077 2787 1241 2848 subsellium
1258 2787 1367 2870 appel-

150 2893 157 2907 .
199 2948 202 2952 A
281 2863 387 2928 labant
401 2870 499 2928 Latini
512 2870 664 2951 sequiores
678 2871 843 2954 stragulam
863 2865 1011 2930 subsella
1033 2871 1141 2950 equina
1162 2871 1301 2954 positam,
1319 2874 1366 2934 sie

283 2962 386 3032 posset
402 2949 477 3010 haec
503 2950 636 3033 stragula
661 2955 860 3036 supersellium
876 2947 1040 3036 appellari,
1054 2955 1126 3036 quia
1136 2973 1226 3038 super
1244 2953 1367 3038 sellam,

283 3050 347 3092 non
375 3031 564 3108 miraeum,
587 3046 762 3114 poneretur.

365 3111 407 3174 A.
432 3114 464 3176 6.
485 3115 574 3199 [268‚
601 3114 666 3198 18.]
696 3110 909 3196 κοιοίοτωρος.
959 3113 1108 3177 scribitur
1132 3138 1255 3200 quoque
1286 3115 1367 3182 haec

283 3215 344 3260 vox
361 3199 485 3280 propius
505 3198 544 3259 ad
572 3199 715 3260 Lafinum
737 3197 910 3282 κοοιότοορ.
953 3201 1060 3260 Graeci
1078 3204 1151 3262 novi
1165 3199 1280 3262 librarii
1300 3223 1322 3262 ο
1336 3215 1370 3266 et

283 3298 316 3339 οι
330 3283 500 3361 promiscue
515 3281 638 3342 habent.
679 3284 825 3362 Quisnam
843 3294 915 3344 vet-o
936 3294 1076 3365 qrmestor
1092 3283 1144 3344 hic
1164 3283 1367 3369 intelligatur,
1461 3341 1462 3344 ,

233 3394 237 3400 ·
282 3367 400 3424 sacrine
408 3363 522 3446 palatii,
533 3387 572 3426 an
584 3367 731 3444 urbanus,
744 3377 828 3427 certo
836 3386 896 3428 non
905 3362 1009 3448 liquet:
1022 3365 1251 3428 videturtamen
1263 3371 1368 3450 potius

106 3447 111 3454 ⁴
280 3446 367 3528 prior
381 3447 540 3530 designari,
555 3449 593 3508 de
609 3471 671 3531 quo
684 3452 745 3510 iam
755 3447 827 3509 alibi
850 3450 909 3530 egi,
933 3460 962 3509 et
981 3447 1079 3509 dicam
1096 3449 1195 3510 adhuc
1211 3448 1366 3532 deinceps.
1461 3507 1462 3514 ,

368 3528 409 3588 Α.
432 3551 464 3612 9.
487 3530 574 3634 [affl
601 3529 667 3614 21.]
699 3529 966 3611 προβαλλομένου.
1008 3531 1064 3594 Est
1083 3533 1163 3592 idem
1178 3542 1268 3614 atque
1289 3531 1370 3610 μέλ-

284 3605 393 3680 λοντος
408 3613 456 3672 vel
482 3613 663 3694 οφεᾶοντος
687 3614 915 3696 προβληθῆναι.
958 3611 1045 3674 lubet
1071 3615 1240 3698 Imperator
1258 3615 1370 3678 arcessi

284 3711 375 3770 eum,
397 3697 450 3773 qui
467 3707 608 3776 quaestor
623 3695 819 3757 honorandus
835 3695 885 3756 vel
903 3697 1123 3778 nuncupandus
1143 3709 1207 3777 est3
1229 3697 1279 3760 ille
1292 3719 1367 3760 cum

284 3772 372 3849 aliis,
394 3775 433 3834 ad
447 3797 523 3858 quos
537 3800 630 3839 cares
646 3782 795 3862 pertinet,
817 3779 880 3841 adit
902 3778 941 3838 ad
952 3783 1169 3863 praepositum,
1195 3785 1248 3864 qui
1267 3781 1370 3842 hono-

282 3856 414 3941 randum
438 3859 615 3941 imperatori
634 3872 825 3944 praesentat,
850 3882 870 3923 a
892 3883 954 3943 quo
977 3865 1163 3946 praepositus
1178 3865 1299 3925 iubetur
1316 3885 1368 3924 re·

283 3959 354 3999 cens
385 3939 597 4004 honorandum
616 3945 657 4005 ad
686 3944 829 4006 scrinium
860 3945 1025 4026 quaestoris
1052 3947 1219 4024 adducam,
1240 3949 1366 4029 eiusque
1461 4007 1462 4010 ,

284 4021 428 4085 membris
452 4045 568 4086 norum
587 4038 777 4110 quaestorem
803 4029 907 4088 sistere
927 4038 958 4089 et
984 4029 1153 4111 praeficere.
1204 4027 1366 4092 Pertinent

283 4114 385 4168 numm
404 4105 444 4169 ad
463 4109 606 4176 sonnium
619 4108 668 4172 vel
690 4107 778 4188 τάξιν
795 4113 962 4196 quaestoris
982 4107 1012 4175 οἱ
1026 4107 1246 4207 enaypapsts.
1267 4115 1367 4197 Μ·
