2975 4892
113 305 167 372 tn
196 305 419 374 consum.
446 308 596 386 rouen.
624 311 679 376 nt
707 304 846 378 cmm.
875 313 951 376 ult
978 315 1019 380 11.
1049 313 1126 400 7¹¹

59 465 211 530 sariebant.
255 463 435 548 Anonymus
447 467 612 530 Patavlnus
628 465 709 550 apud
719 469 833 530 Mutet.
847 468 887 529 Τ.
902 469 945 530 ΙΙ.
965 466 1043 530 Ant.
1060 467 1132 532 ltal.

57 569 85 630 p.
103 549 170 612 316.
192 557 308 626 narrat,
334 551 458 611 iuvenes
484 549 600 613 nobiles
628 553 749 612 statutis
776 550 858 612 festis
883 550 991 613 diabtts
1010 571 1130 634 rogasse

58 635 133 692 virns
162 631 275 712 patriae
304 633 479 712 primarios,
509 642 546 692 ut
574 633 631 692 sibi
653 634 860 716 permitterent
885 653 995 695 uxores
1024 655 1130 696 eorum

56 717 195 775 conviviis
215 715 361 794 excipere.
402 715 572 793 Concessa,
593 715 740 777 celebrata
766 716 857 776 luisse
878 715 1036 798 splendida
1055 737 1130 777 eor»

56 799 141 857 vivia.
181 797 225 856 Et
242 815 332 880 qrrnm
350 797 570 880 pntndrilerant
594 799 645 858 vel
667 811 885 875 coenaverunt,
913 800 996 859 ritant
1016 800 1129 860 choreo
1157 853 1163 866 .

55 895 145 940 zoarm
163 901 228 939 aon
246 879 355 939 easdem
379 879 561 956 domicellis,
596 895 648 942 aest
671 881 833 942 hastiludia
854 881 1039 942 aaeembaru.

131 963 168 1022 D.
188 961 302 1042 penult.
324 961 408 1045 [605,
424 963 471 1046 6.]
494 956 673 1044 τρικόγχου.
693 963 899 1025 Trioonchum
927 973 959 1024 et
977 964 1079 1046 Sigma
1099 975 1130 1026 et

55 1044 157 1108 Phiala
177 1045 256 1106 idem
277 1055 358 1106 sunt
397 1046 498 1126 Sigma
518 1055 582 1106 erat
603 1045 771 1108 aedificium
792 1069 811 1108 a
836 1058 921 1128 tergo
944 1046 1129 1124 rotundum,

55 1139 87 1186 ut
112 1128 212 1209 Sigana
247 1149 396 1190 novorum
424 1131 632 1205 Graecorum,
662 1140 715 1190 aut
744 1129 769 1190 C
800 1130 997 1207 Latinorum,
1035 1131 1131 1190 instar

21 1249 22 1252 =
55 1210 164 1270 mediae
184 1210 285 1272 lunae.
325 1209 385 1272 Sed
402 1211 441 1271 ab
467 1213 566 1272 antica
589 1212 765 1274 distinctum
792 1223 858 1272 erat
876 1212 935 1274 hoc
960 1211 1130 1274 aedilicium

55 1295 84 1352 in
108 1305 169 1354 tres
197 1294 326 1354 conchas
352 1313 404 1355 seu
436 1295 569 1376 porticus
601 1295 631 1355 in
651 1312 771 1356 summo
791 1295 960 1376 apsidatas,
978 1315 997 1356 e
1017 1293 1130 1376 quibus

54 1387 220 1457 prospectus
241 1375 363 1458 patebat
386 1377 426 1438 ad
447 1381 616 1460 oppositam
637 1377 777 1439 Phialam
795 1399 849 1439 sen
875 1376 975 1438 lacum
1003 1397 1131 1438 marmo-

56 1479 155 1537 reum,
184 1461 264 1520 eirca
291 1480 381 1541 quem
408 1461 550 1523 sactiones
569 1470 600 1522 et
619 1461 672 1542 qui
696 1460 748 1522 alii
768 1459 933 1540 saltarent,
950 1458 1040 1520 orbes
1060 1481 1131 1522 sua·

55 1561 117 1602 rum
138 1542 379 1623 pyrrhichiarum
399 1542 600 1620 evolvebant3
621 1542 685 1604 vid.
701 1544 798 1605 Leon.
810 1543 949 1606 Gramm.
964 1565 995 1624 p.
1008 1540 1079 1620 455.
1091 1543 1129 1605 C.

130 1625 200 1690 350.
220 1625 257 1686 C.
283 1623 314 1688 5.
339 1625 421 1709 [606,
447 1625 512 1709 rm]
541 1619 726 1688 Adoso'voor.
779 1625 826 1688 lta
852 1623 1044 1687 membranae
1074 1646 1132 1706 pro

50 1701 209 1768 Αὐσόνων.
252 1707 435 1791 Plerumque
465 1710 536 1770 novi
559 1707 667 1770 Graeci
688 1718 758 1768 ante
777 1707 931 1770 saeculum
952 1706 1009 1767 ΣΙ.
1039 1706 1132 1769 Italos
1170 1761 1174 1767 .

55 1788 107 1848 hoo
129 1791 254 1851 nomine
276 1791 453 1874 designant,
472 1792 512 1852 ab
533 1792 663 1872 antiquis
684 1790 881 1866 Ausonibus,
905 1791 985 1851 Latii
1005 1787 1133 1870 ineolis,

56 1871 256 1932 Romanorum
270 1895 380 1934 nornen
394 1875 452 1936 sibi
462 1876 616 1958 proprium
628 1880 793 1935 servantes.¹
813 1873 960 1956 Agathias
974 1874 1005 1954 p.
1019 1869 1071 1952 43.
1082 1871 1132 1934 18.

57 1953 240 2016 Constantia.
258 1957 449 2039 Porphyrog.
470 1958 507 2018 ‹le
528 1956 653 2018 themat.
674 1979 704 2038 p.
721 1977 773 2039 29.
786 1955 829 2018 A.
851 1957 986 2039 ignatius
1006 1957 1038 2014 in
1058 1954 1133 2016 vita

56 2037 84 2096 S.
95 2039 258 2120 Nicephori
277 2041 357 2124 apud
373 2041 424 2100 Du
434 2041 535 2122 Gange
551 2039 591 2099 ad
601 2039 744 2101 Cinnam.
756 2061 789 2121 p.
797 2037 870 2123 492.
882 2060 913 2099 a.
923 2037 976 2098 lin.
986 2037 1045 2118 Ipsi
1054 2057 1134 2117 quo-

55 2141 107 2200 que
114 2121 216 2182 Latini
231 2127 382 2204 sequiora
388 2123 556 2184 Ausoniam
568 2143 624 2203 pro
635 2121 721 2182 ltalia
738 2133 868 2204 ponam.
879 2120 1050 2182 Chronieon
1064 2119 1135 2180 Cas·

56 2204 158 2265 sinens.
169 2205 225 2271 lv.
245 2225 312 2288 9p.:
353 2208 577 2286 trigeminam
612 2225 689 2266 anor
703 2217 733 2265 et
748 2205 867 2266 attendo
888 2204 991 2264 mem&
1011 2204 1137 2285 corripit

56 2285 231 2365 Ausoniam,
251 2301 281 2348 et
297 2289 372 2374 quaid
390 2289 521 2350 dtoerent
540 2310 577 2348 ve
600 2290 761 2368 facerent,
777 2309 850 2350 unus
872 2287 984 2348 altolto
1002 2286 1134 2370 momine·

56 2367 109 2430 bat.
150 2369 197 2431 Ne
216 2371 349 2454 exempla
371 2376 530 2454 potiturum
556 2381 586 2432 et
606 2372 812 2452 prosaieorum
831 2371 1029 2432 vetustiorum
1049 2387 1135 2428 eom·

56 2454 811 2598 diffidi&iiididiiiiai‘ili'
831 2452 959 2614 'itit'
977 2450 1134 2615 ‘ittttt’

55 2617 161 2697 edidit,
185 2619 316 2681 Ausones
334 2641 390 2702 pro
409 2622 532 2681 Graecis
551 2619 638 2695 dixit,
660 2617 736 2680 lorte
762 2626 873 2698 putans
893 2615 1031 2702 Thraces
1046 2634 1134 2692 suos,

56 2711 86 2758 nt
101 2702 307 2764 Romanorum
318 2723 428 2764 nornen
447 2703 503 2765 sibi
516 2711 731 2783 arrogaverant
774 2701 817 2761 ita
836 2698 998 2758 Ausonum
1013 2717 1136 2780 quoque
1169 2758 1173 2765 ‚

56 2803 159 2846 nomen
190 2788 309 2846 mereri.
359 2779 530 2848 Asioort'oir
559 2779 673 2866 σοφίης
702 2745 921 2861 dedsdayutroc
941 2773 1037 2856 ἔξοχα
1058 2773 1137 2875 ἔργα

56 2867 94 2962 ait
116 2870 205 2928 initio
235 2869 449 2944 dedicationis,
482 2880 532 2941 tu,
560 2887 649 2952 qinon
670 2866 845 2964 escuellentta
867 2864 1002 2924 Graecae
1015 2883 1136 2945 sapten-

55 2946 1135 3117 tw.turgt...tt?t.rt.ttttt.t.⁵

169 3127 340 3196 Adsentior
359 3132 506 3215 στρατιῆς
526 3129 768 3212 πανυπέρτατον
787 3119 901 3211 ὄρχον.
1004 3137 1009 3149 ’

171 3233 318 3295 exercitus
331 3231 454 3292 -Graeci
474 3249 618 3292 smmum
642 3231 861 3314 raeparator-em.

56 3328 210 3392 Dedicavit
230 3341 332 3392 autem
352 3331 464 3392 librum
485 3351 574 3392 suum
595 3327 706 3390 Basilio
726 3326 917 3408 Imperatori,
939 3327 963 3386 si
984 3322 1136 3386 emamus

56 3415 150 3473 versui
162 3414 344 3497 penultimo,
366 3412 487 3496 qualem
502 3413 688 3476 Muratorius
699 3409 850 3473 dissertat.
868 3382 987 3470 XXVl.
1003 3406 1135 3488 Antiqu.

57 3494 145 3557 ltalia.
160 3519 195 3580 p.
211 3496 283 3576 540.
295 3496 451 3558 exhibuit=
1004 3507 1016 3525 ·

172 3588 264 3658 ἔνθεν
283 3589 335 3678 dri,
364 3593 537 3673 Bantius,
563 3589 658 3656 nidor
679 3585 810 3674 Κρήτης
831 3584 1005 3686 ἀλαπάξεις
1066 3593 1069 3597 “

173 3693 229 3758 sni
246 3689 351 3778 γενεὴν
371 3689 492 3765 sitlans
508 3683 964 3776 Καρχηδονίων-μεγμθύμων.

56 3790 299 3878 Carthaginenses
314 3792 445 3876 appellat
459 3793 624 3856 Saracenos
639 3789 743 3868 Afros,
758 3811 795 3852 eo
811 3787 894 3872 quod
906 3805 924 3848 e
937 3783 1027 3846 Creta
1040 3785 1136 3882 Grae·

56 3896 101 3938 uos
128 3875 351 3940 incursionibus
383 3875 566 3956 affligebant.
619 3875 695 3952 Quis
725 3880 827 3936 antem
854 3869 980 3932 Basilius
1012 3867 1063 3929 ille
1084 3877 1134 3940 stt,

57 3958 218 4025 Macedone
241 3982 280 4022 an
299 3959 551 4042 Bulgsrontonus,
568 3977 630 4020 non
650 3956 757 4040 liquet.
800 3955 890 4016 Illam
903 3951 1044 4034 quidem,
1068 3951 1135 4009 Ma-

57 4041 219 4116 cedonem,
247 4043 391 4104 adversus
420 4041 585 4104 Saracenos
605 4042 637 4100 in
657 4036 869 4119 Langobardia
892 4033 971 4096 bella
1059 4033 1135 4108 isse,

58 4125 247 4188 sociatiscum
260 4125 415 4187 Ludnvioo
423 4121 517 4186 Balbo
531 4116 981 4198 viribuseonsnavidnnnst.
1012 4133 1133 4199 pmeon.

58 4201 237 4292 togouena
258 4230 289 4298 p.
301 4205 374 4291 456.
416 4207 464 4270 De
483 4203 593 4271 Basilio
614 4201 841 4288 ungatassans
857 4221 921 4264 non
940 4206 1080 4275 meant,
1108 4193 1138 4253 a
