2975 4892
197 336 203 347 ι
310 263 394 384 2118
447 341 451 346 -
501 307 582 371 «ιο.
608 283 698 391 [ilc.
732 301 879 366 ausari
909 286 1194 366 columina
1301 255 1311 271 ⁵

310 461 409 523 tulum
429 447 517 540 ἅγιος
540 455 775 542 imperatoribus
799 455 930 516 CPtauis
951 475 970 515 a
990 456 1051 515 suls
1067 453 1218 514 tributum
1237 448 1314 513 adeo
1335 457 1400 512 rto-

311 545 521 619 moueretur,
537 553 568 602 at
610 563 627 601 e
648 542 736 602 nobis
757 549 823 616 est,
845 547 880 598 ut
904 536 988 598 velut
1012 535 1246 597 abominabilem
1265 533 1401 612 fastum,

311 639 344 690 et
360 625 539 688 Antichristi
593 623 686 705 iquod
710 625 830 704 signum
856 631 1007 682 notemus.
1021 629 1111 702 atque
1125 619 1302 678 damnemus
1326 621 1404 678 titu-

313 709 379 771 lum
400 709 591 773 Sencaisbne
607 709 707 767 Pater
721 714 753 766 et
765 703 917 765 Sanctitas
947 704 1013 764 Tira
1035 705 1067 763 iu
1086 701 1234 764 Pontifioe
1250 702 1403 761 Romano.

303 775 364 854 'Ut
377 791 506 853 Sanctus
523 787 600 850 nihil
618 788 708 871 plus,
733 807 826 870 quam
849 784 1076 867 inviolabilem,
1099 781 1321 873 mortabilem,
1354 805 1407 844 re·

314 873 508 952 verendum,
532 874 605 933 item
625 883 814 933 reverentem
842 867 972 930 aliorum
1004 879 1035 928 et
1071 867 1271 934 abstinentem
1301 866 1361 926 sibi
1388 887 1408 926 a

316 959 494 1020 criminibus
517 954 683 1037 significat,
701 957 744 1018 ita
775 973 835 1013 vox
856 970 977 1034 quoque
1002 952 1117 1012 Graeca
1143 949 1239 1022 nihilq
1261 947 1330 1032 plus
1355 951 1407 1008 in-

315 1042 387 1102 fert.
430 1038 545 1100 Nullus
555 1049 651 1119 paene
666 1047 711 1098 est
731 1039 865 1098 Graecus
894 1033 1050 1132 sacerdos,
1071 1035 1123 1131 cui
1145 1032 1252 1128 titulus
1280 1034 1408 1128 saraca}

317 1131 713 1286 latitantia.
720 1131 857 1264 “tlt
876 1117 1030 1261 litt
1052 1114 1409 1280 institisti

317 1285 510 1370 Heliogabali
531 1287 571 1346 T.
602 1285 628 1346 l.
649 1285 716 1347 Ser.
742 1285 823 1346 Hist.
837 1283 918 1366 Aug.
947 1305 978 1367 p.
993 1282 1065 1366 877.
1111 1282 1298 1344 Constantine
1314 1303 1411 1342 uene-

319 1369 446 1447 ratila,
469 1371 537 1445 ait,
556 1369 588 1428 id
610 1379 656 1429 est
684 1362 774 1447 ἅγιε,
796 1387 887 1449 quem
908 1389 940 1449 p.
959 1364 1030 1448 795.
1057 1363 1250 1427 sacratissime
1272 1365 1413 1446 compel-

317 1452 444 1514 laverat.
489 1451 574 1514 Idem
603 1452 636 1511 in
659 1450 834 1515 Alexandro
858 1449 970 1510 Severo
997 1469 1030 1532 p.
1047 1438 1148 1511 eei:
1175 1445 1223 1509 Ab
1241 1446 1311 1508 aliti
1330 1449 1412 1508 Pius

323 1544 326 1550 '
355 1535 548 1620 pellabamr,
588 1534 627 1593 ab
657 1533 789 1594 omnibus
820 1546 895 1592 certe
919 1543 1035 1592 sarrana
1060 1544 1089 1590 et
1112 1531 1192 1590 utilis
1213 1532 1259 1590 rei
1277 1531 1407 1592 ablicae.

380 1617 479 1678 colare
494 1616 533 1676 de
555 1637 613 1677 usu
634 1618 718 1677 vocis
738 1629 857 1681 senona
877 1635 932 1698 pro
954 1613 1134 1674 uenerabilis
1158 1615 1218 1695 egit
1245 1552 1412 1673 bilmasius

318 1700 359 1762 ad
382 1699 504 1761 eosdem
529 1699 596 1760 Ser.
621 1698 662 1760 Η.
691 1697 732 1760 Α.
762 1698 880 1781 p.629.
897 1697 938 1758 Τ.
957 1695 997 1757 11.
1042 1697 1114 1757 Peri
1135 1694 1226 1756 modo
1246 1693 1412 1777 appellatio

317 1777 459 1927 {amfleat
487 1773 771 1942 abpqos‘pyfirnqqagur
794 1782 837 1880 lin
851 1777 991 1923 Ι(ΙΙἻονάεεΙΙει
1017 1779 1146 1922 Romapi
1170 1778 1295 1922 qqnqqlrliq
1326 1779 1414 1923 aplud

425 1879 1110 1928 um...m1nrrenanones
1273 1882 1315 1921 ro
1374 1879 1462 1922 us‘

319 2105 407 2191 ἅγιος
420 2111 460 2172 ab
479 2101 545 2189 ἄγω
561 2110 611 2171 vel
634 2101 701 2185 ὄζω
712 2157 722 2187 ,
745 2074 880 2190 binam,
897 2110 993 2187 venit,
1020 2112 1125 2194 niagni
1144 2109 1231 2183 draeo,
1264 2129 1414 2184 amaror,

319 2196 393 2256 item
412 2186 552 2273 ἄγαμαι,
571 2213 660 2266 amo,
676 2214 778 2254 caram
798 2193 907 2268 lrabe05
920 2186 985 2274 etsi
1013 2189 1053 2274 oq*
1074 2186 1202 2272 ’ἇγιότης
1224 2203 1268 2254 est
1288 2198 1416 2276 proprie

319 2291 371 2338 ma
393 2276 621 2350 venerabilitas,
649 2287 702 2336 aut
727 2291 779 2336 tua
802 2275 932 2358 drgrnitm
942 2320 955 2348 ,
974 2275 1023 2339 vel
1047 2287 1078 2338 et
1099 2289 1149 2336 tua
1179 2276 1415 2354 adarrabilr'tas,

319 2369 374 2421 am
391 2358 515 2422 tandem
541 2373 593 2418 tua
616 2359 841 2420 inorblabilrias.
886 2357 1044 2422 Caeterum
1067 2359 1105 2420 de
1121 2359 1205 2440 fisco
1227 2355 1320 2442 Agios
1337 2358 1417 2420 olim

317 2442 441 2504 saeculo
468 2441 544 2502 ΧΠ.
572 2443 605 2502 in
635 2442 759 2504 ecclesia
783 2441 1000 2503 Mediolanensi
1022 2441 1190 2516 celebrato,
1216 2459 1278 2523 quo
1302 2463 1419 2524 nempe

320 2525 454 2630 bymoqs
471 2517 577 2623 bype,
597 2514 700 2628 byqoq,
712 2517 815 2624 iprae,
833 2525 881 2586 vel
900 2527 991 2588 etiam
1008 2517 1097 2604 ἅγιος
1119 2520 1137 2584 b
1162 2520 1252 2600 θεὸς,
1282 2515 1418 2623 byzacii

321 2625 653 2763 tttt‘attttiti
672 2609 1420 2773 bilitiomffititstibialia

322 2774 423 2834 iunior
447 2773 527 2832 Hist.
549 2771 674 2833 Mediol.
704 2795 733 2834 c.
759 2793 810 2834 aa.
826 2795 836 2834 e
852 2775 1048 2836 Paroctiam's
1073 2775 1210 2834 ecclesiae
1233 2772 1266 2831 S.
1290 2773 1422 2834 Mariae

319 2875 388 2914 cram
415 2854 563 2914 viridibus
577 2855 743 2932 frondibus
772 2869 802 2916 et
835 2859 928 2916 ramis
954 2857 1092 2917 arbonem
1117 2855 1249 2916 candelis
1285 2859 1424 2916 aceensrs

322 2937 464 3018 illigatas,
483 2936 587 2995 iisdem
601 2939 824 2998 etcancantz'bzu
842 2937 954 3020 Agim,
979 2961 1038 3024 pro
1059 2953 1108 2999 ter
1116 2939 1312 3024 qrmdfi’stam
1336 2939 1422 2999 det-1·-

316 3032 374 3108 tur
405 3011 449 3080 de'
468 3017 563 3098 Agios
630 3021 690 3080 nod
714 3035 758 3080 est
783 3041 888 3082 nomen
918 3021 978 3082 dei.
1022 2961 1110 3085 (bns.
1135 3018 1287 3103 Menolog.
1319 3021 1421 3083 Basil.

322 3101 362 3163 T.
388 3103 414 3162 l.
437 3124 467 3185 p.
482 3100 536 3184 69
571 3040 684 3245 t:gilon
718 3103 837 3164 diaconi
869 3107 971 3188 cappis
1003 3103 1104 3168 rubris
1129 3115 1282 3164 cantantes
1304 3101 1420 3185 Agios.

327 3184 463 3247 Meleon.
487 3203 521 3266 p.
550 3202 569 3244 2
614 3181 659 3266 .]*
699 3187 741 3246 V.
775 3185 814 3247 de
832 3188 970 3270 Trisagio
993 3187 1120 3270 Hubert.
1145 3187 1285 3248 Pontibc.
1312 3209 1345 3270 p.
1359 3187 1423 3265 64.

319 3267 417 3329 'lovat
435 3268 493 3328 bac
525 3268 681 3328 occasione
708 3268 867 3350 indicare,
889 3291 983 3354 quare
1006 3270 1113 3331 Graeci
1135 3269 1250 3330 CPtani
1276 3268 1428 3332 dicontur

317 3350 385 3412 boc
402 3343 492 3431 ἅγιος
510 3359 540 3410 ct
562 3349 636 3410 olias
652 3349 728 3412 tales
741 3351 885 3414 formulas
906 3349 942 3414 ἐκ
956 3346 1062 3432 τρίτου
1080 3351 1257 3430 velamina,
1277 3365 1331 3428 ter,
1359 3355 1427 3414 ite-

315 3454 403 3496 ‹rare
447 3436 485 3495 ln
504 3432 642 3515 Trisagio
659 3433 782 3516 quidem
803 3428 945 3496 nol'umus
962 3455 1031 3496 cunr
1047 3435 1193 3516 theologis
1207 3455 1341 3517 pugnare
1358 3435 1427 3497 do-

302 3527 470 3600 ‚eumenia
486 3516 646 3578 Trinitatis
670 3519 915 3599 invenientibus3
939 3519 1101 3600 antiquarii
1136 3529 1236 3577 tameo
1268 3519 1357 3578 etin
1382 3541 1426 3581 ea

316 3597 460 3659 *formula
482 3608 513 3658 et
543 3601 576 3658 iu
605 3598 672 3660 aliis
702 3612 750 3662 ter
777 3604 891 3662 iteratis
902 3603 1100 3682 antiquitatis
1127 3604 1214 3662 notas
1237 3613 1427 3682 agnoscunt.

328 3679 450 3742 Scilicet
463 3681 553 3762 primi
574 3679 731 3760 homines,
753 3685 889 3746 idearum
913 3695 943 3745 et
959 3685 1121 3746 verborum
1140 3703 1306 3766 pauperes,
1319 3705 1429 3766 quum

311 3762 443 3823 ‘vellent
461 3762 594 3844 aliquam
612 3785 678 3824 rem
701 3764 884 3852 ἐμφατικῶς
905 3767 1071 3851 significare
1091 3777 1121 3829 et
1144 3766 1230 3827 velut
1248 3765 1428 3847 inculcare,
1461 3775 1462 3778 ’

328 3844 409 3905 idem
437 3845 582 3929 verbum,
612 3847 738 3909 eandem
763 3849 942 3928 formulam,
964 3853 1074 3911 iterum
1093 3861 1183 3933 atque
1199 3851 1308 3909 iterum
1329 3869 1431 3932 repa-

326 3927 443 3988 tebant.
485 3927 579 3988 Unde
601 3931 751 3992 venitilla
771 3932 899 3994 formula
925 3933 984 4006 bis,
1013 3946 1131 4017 terme,
1156 3946 1313 4018 praeterque
1347 3933 1430 3994 bea-

327 4024 398 4086 tus,·
417 4010 449 4071 id
467 4023 513 4072 est
526 4010 605 4089 talis,
622 4014 675 4094 qui
697 4028 870 4096 mereatur,
889 4027 925 4077 ut
947 4014 1130 4077 vocabulum
1149 4017 1249 4075 beaten
1268 4013 1306 4075 de
1323 4035 1360 4076 eo
1375 4029 1433 4078 ter

308 4099 312 4105 '
329 4105 495 4177 quaterque
515 4095 651 4154 iteretur.
676 4097 857 4177 Nominum,
878 4121 956 4181 quae
969 4099 1095 4182 gentiles
1107 4099 1304 4176 celebrarent,
1318 4105 1432 4162 norni-

326 4197 368 4239 na
383 4176 429 4240 bis
440 4187 470 4240 et
481 4188 528 4240 ter
542 4177 676 4241 citabant
696 4182 728 4244 in
748 4185 809 4244 suis
824 4182 956 4267 hymnis.
981 4181 1136 4245 Theocrit.
1152 4181 1363 4248 laxxllxs.
1381 4203 1430 4262 mr
