2975 4892
367 328 453 434 ili
566 354 622 422 ιο.
638 353 734 423 nc.
767 357 914 423 anseri
950 354 1228 424 communen

365 509 532 593 Dionysius
551 509 693 585 vivebat,
708 507 886 572 familiarem
906 509 1007 570 fuisse.
1037 508 1073 569 ln
1094 529 1156 589 qno
1168 505 1333 570 vehementer
1344 519 1393 562 em

367 591 477 654 falsum
498 593 587 654 liaisse
606 613 668 654 non
688 591 806 654 dubito.
845 593 932 653 luvet
952 592 1008 652 hec
1031 595 1185 653 occasione
1204 587 1321 668 imaginis
1336 585 1394 644 illius
1443 606 1444 678 p

366 687 467 758 partes
486 675 620 737 breviter
638 695 790 736 enarrare.
835 675 870 735 ln
889 677 987 756 capite
1006 673 1098 734 habet
1125 674 1220 753 imago
1241 671 1289 730 viri
1308 668 1394 746 Diony·
1443 681 1444 762 p

366 761 447 820 sium
469 759 640 820 mentientis
658 758 864 820 bonetumvel
878 757 1093 818 camelaucium
1113 754 1228 837 pellicio
1246 751 1392 832 foderatam
1443 763 1444 830 f

365 841 572 926 chlamydinm
583 844 712 902 exterim
732 861 785 902 seu
806 840 969 901 dalmatica
981 839 1072 899 habet
1085 847 1265 920 segmentum
1278 837 1340 894 eitra
1350 831 1395 890 col·

367 923 432 986 lum
450 927 540 986 etiam
559 922 739 1005 pelliceum,
768 936 798 984 et
826 925 957 984 manicas
985 921 1088 1004 longas
1109 925 1141 981 in
1162 930 1275 980 acumm
1289 915 1394 976 desinen-

365 1017 422 1069 tes.
464 1000 573 1068 Χιτών
602 1027 655 1067 seu
678 1009 782 1066 tunica
812 1007 936 1066 interior
962 1005 1054 1066 hebet
1072 1017 1210 1086 torquem
1229 1003 1299 1061 circu
1314 995 1396 1058 collum

367 1101 398 1150 et
411 1088 528 1169 σχίσιν,
549 1087 687 1149 lissarram
708 1087 830 1171 longam
846 1090 878 1148 in
898 1087 1069 1150 orbiculum
1088 1086 1284 1154 desinentem,
1303 1091 1396 1158 torqm·
1444 1066 1445 1160 i

328 1201 335 1221 ι
365 1181 429 1232 tarn
449 1193 501 1232 sen
522 1183 736 1253 segmentatam
755 1171 879 1254 pariter.
919 1171 1058 1231 Fissurae
1077 1168 1151 1230 tales
1165 1165 1365 1249 requirebantur
1374 1161 1397 1218 in
1444 1173 1445 1178 ¹

365 1255 520 1331 vestibus,
542 1274 620 1335 quae
641 1255 680 1314 ab
699 1255 799 1314 antica
812 1264 844 1314 et
856 1255 969 1335 postica
989 1251 1102 1312 solidae
1120 1260 1206 1312 erant
1224 1258 1253 1308 et
1271 1265 1347 1326 supra
1362 1263 1396 1300 ca·

365 1347 423 1418 put
441 1337 685 1410 demittebantur,
751 1358 804 1396 um
824 1336 1030 1396 induerentur.
1048 1333 1183 1396 Similem
1202 1342 1327 1412 torquem
1338 1343 1399 1384 moa

365 1429 442 1482 snut
456 1421 572 1500 primus
585 1420 634 1480 vir
647 1422 678 1480 in
693 1357 800 1479 nidmu
821 1419 916 1502 ligura
929 1417 993 1480 tub.
1005 1417 1091 1476 xlv.
1107 1415 1238 1476 eiusdem
1248 1410 1313 1472 tomi
1324 1409 1399 1470 Mout-

365 1502 614 1563 l'eucouianerum
636 1502 873 1583 Antiquitatum,
894 1501 947 1562 nbi
967 1498 1211 1560 Montfaueonius
1229 1515 1292 1556 eum
1308 1491 1399 1552 colatae
1445 1524 1446 1560 ,

365 1584 415 1646 vel
435 1586 545 1644 collatu
556 1585 669 1645 taedae
681 1581 812 1668 appellat
832 1595 861 1644 et
880 1585 959 1645 inter
979 1602 1076 1642 novos
1095 1579 1217 1642 habitus
1236 1571 1402 1640 saeculiTlre
1445 1569 1446 1638 ἶ

366 1667 502 1728 odosiani
526 1667 631 1726 refert.
673 1668 866 1728 Latissimurn
894 1677 925 1727 et
956 1664 1209 1748 elegantissimum
1237 1657 1292 1720 tale
1319 1650 1402 1714 monile

365 1750 415 1810 vel
436 1748 545 1810 collare
568 1745 639 1831 (uisi
661 1753 763 1832 potius
781 1750 895 1832 epomis
923 1759 976 1808 eut
1004 1746 1249 1828 eirrbiptarium
1281 1751 1338 1815 est,
1359 1731 1404 1828 titi·
1445 1755 1446 1764 ¹

366 1832 407 1892 ad
428 1831 467 1892 C.
488 1851 520 1914 9.
542 1830 668 1891 dicenda
681 1836 703 1912 ,)
730 1836 914 1914 conspicitur
942 1833 974 1891 in
1002 1829 1023 1890 il
1083 1829 1213 1910 imagine
1244 1821 1403 1903 lmpeauice

367 1914 525 1992 CPtenae‚
546 1935 638 1995 quam
646 1914 759 1977 Paulus
770 1916 972 1976 eramuusius
993 1911 1134 1972 historiae
1153 1907 1270 1971 suaede
1283 1899 1403 1966 bellete·

366 2009 438 2059 neto
458 1995 602 2057 adversus
623 1995 718 2057 CPlin
730 1997 771 2056 A.
788 1997 823 2057 C.
841 1997 927 2073 ¹²⁰4·
947 2007 1029 2078 gesto
1044 1995 1225 2076 praeposuit.
1252 1987 1328 2050 Alias
1345 1997 1405 2042 tort*
1446 2013 1447 2058 ,

364 2079 469 2161 plures
483 2080 699 2139 meniaciorum
711 2081 855 2161 imagines
869 2079 962 2140 habes
975 2078 1055 2160 apud
1070 2077 1255 2138 Bandurium
1263 2073 1298 2131 T.
1309 2069 1343 2128 ll.
1357 2065 1405 2124 iu·

363 2163 441 2245 tiqu·
463 2163 540 2243 lmp·
564 2161 623 2220 Or·
637 2183 669 2242 p·
684 2160 759 2222 632.
782 2163 831 2246 lig.
857 2163 887 2223 3.
923 2166 955 2222 in
978 2161 1095 2240 Helena
1121 2179 1242 2220 crucem
1269 2151 1406 2214 inveniente

366 2253 398 2304 et
417 2243 603 2304 adstantibus
626 2245 682 2325 ipsi
702 2244 883 2306 silentiariis.
923 2245 1052 2306 Videtur
1070 2254 1174 2304 tamen
1194 2239 1263 2300 huic
1281 2231 1406 2315 expositio·

365 2328 399 2386 ni
418 2337 539 2386 nostrae
557 2325 681 2387 obstare
701 2327 785 2389 locus
806 2331 923 2390 vicinus
943 2349 974 2388 v.
991 2349 1062 2401 tn,
1084 2326 1137 2386 ubi
1158 2322 1303 2386 habentur
1318 2329 1407 2393 μανια·

365 2404 446 2471 κάτα
469 2403 564 2485 tam
582 2408 637 2469 ubi
658 2410 722 2471 vid.
744 2431 822 2494 quae
842 2409 1040 2493 proferemus.

448 2491 484 2554 B.
501 2515 531 2576 7·
545 2490 640 2631 ἰξῷ,
671 2491 737 2575 ri]
766 2487 826 2554 u’ad
848 2487 1103 2573 σκαραμαγγάον.
1142 2491 1259 2552 Locum
1278 2483 1349 2545 bunt
1364 2491 1409 2534 1¹⁰⁰
1447 2489 1448 2548 ὲ

335 2626 340 2634 .
365 2573 503 2656 expedio.
572 2596 622 2634 em
649 2577 759 2637 evertit
787 2595 908 2638 omnem
926 2585 1062 2636 nostram
1082 2574 1267 2656 superiorem
1286 2567 1319 2626 de
1336 2577 1410 2621 scun·
1447 2589 1448 2608 κ

365 2658 490 2717 munnio
511 2656 755 2738 disputationem.
797 2659 871 2720 Nem
891 2661 918 2720 si
938 2659 977 2718 ad
996 2657 1138 2719 dischista
1160 2654 1211 2715 vel
1231 2653 1275 2712 bis
1289 2649 1347 2708 fissa
1358 2657 1409 2722 per·

364 2741 442 2800 tinet
471 2741 730 2818 scammeunium,
755 2762 818 2802 non
853 2739 911 2801 fuit
939 2739 1028 2822 quale
1059 2763 1072 2801 s
1132 2741 1197 2798 rius
1218 2727 1410 2812 descripsimus,

364 2819 617 2903 hemicycloides,
648 2823 778 2884 solidum
799 2844 852 2906 per
871 2822 997 2900 orbem,
1018 2822 1057 2883 ad
1079 2845 1096 2882 c
1118 2817 1269 2902 lamydem
1287 2807 1409 2902 accedens,

363 2904 417 2964 sed
445 2905 503 2964 fuit
529 2915 582 2965 aut
613 2904 738 2986 pallium
759 2907 939 2988 quadratum
960 2905 1163 2982 Francicum,
1192 2911 1245 2962 aut
1270 2899 1295 2957 ei
1321 2886 1411 2956 sinric,

364 2985 490 3130 {zuein
512 2984 619 3047 habuit
648 2987 688 3050 ad
708 2988 787 3052 letus
806 3000 961 3050 externum
982 2990 1138 3072 utriusque
1169 2985 1264 3046 cruris
1283 2972 1413 3057 singulus

437 3089 497 3128 ras.

362 3152 554 3293 ,niti
568 3148 790 3312 intitul
803 3134 1414 3316 assuritani

363 3334 447 3458 iii
462 3317 1220 3460 iiiiiififfitiiiittitiiiiti
1234 3299 1416 3456 iiiiii

363 3479 396 3539 in
415 3479 493 3553 loeo.
538 3480 652 3563 Aperte
671 3484 753 3542 enim
780 3490 915 3564 pugnant
943 3441 1111 3544 muniadam
1141 3503 1197 3541 seu
1220 3483 1363 3558 torquata,
1381 3481 1417 3520 ⁵⁶·

363 3575 535 3641 gmenmta,
555 3573 587 3624 et
608 3557 694 3639 λιτὰ,
715 3585 816 3663 pura,
848 3583 926 3646 quae
946 3563 1092 3644 segmenti
1114 3563 1194 3623 nihil
1216 3559 1332 3620 habeut·
1367 3545 1416 3604 Aut

364 3661 436 3724 ergo
455 3643 637 3704 vocabulum
660 3648 746 3718 λιτυς
766 3644 816 3706 hic
828 3645 887 3704 alio
904 3645 1072 3728 significatu
1088 3655 1132 3706 est
1144 3639 1354 3726 accipiendum
1367 3635 1416 3724 ⁸9²¹

362 3725 446 3803 quod
467 3747 522 3806 ego
541 3728 665 3807 quidem
684 3727 808 3806 malim,
831 3725 885 3788 aas*
903 3737 949 3789 est
970 3729 1232 3798 interserendum,
1267 3727 1416 3800 patmum

361 3805 419 3900 sat*
437 3802 520 3866 λιτά.
564 3807 660 3869 Sensu
681 3811 741 3870 alio
762 3812 857 3892 accipi
890 3813 914 3870 si
937 3809 1047 3888 debet,
1084 3831 1104 3872 n
1146 3813 1194 3870 uit
1214 3799 1283 3869 iussi
1298 3793 1372 3863 aliud
1389 3791 1418 3850 si·

362 3886 528 3966 gnificare,
548 3910 641 3970 quam
661 3895 784 3953 mutaris
803 3897 1025 3975 praestantiae,
1038 3892 1098 3977 fili
1138 3893 1274 3952 aestans
1290 3883 1419 3966 aestimet·

362 3979 406 4025 ta·
449 3970 536 4047 ane
558 3973 764 4054 interpretatio
783 3975 858 4034 milri
880 3976 1004 4056 quidem
1021 3996 1083 4036 non
1104 3975 1265 4056 probatur.
1287 3965 1351 4028 Pati
1367 3975 1419 4048 qli·

363 4047 432 4108 dem
455 4053 545 4112 modo
566 4055 697 4116 reddidit
726 4055 851 4118 illustris
878 4057 1075 4119 Casaubonus
1103 4058 1187 4140 apud
1207 4051 1360 4122 Polvbium
1378 4037 1418 4097 ll·

360 4130 480 4226 iifl&
495 4134 534 4198 D.
550 4131 930 4234 λιτόνιπςρικςφάλαων,
963 4142 1025 4200 uile
1048 4153 1226 4220 tegmeruum
1245 4121 1353 4226 cuprius·
1384 4123 1420 4216 'dl

361 4209 404 4272 11³1
425 4234 548 4298 quoque
568 4237 604 4278 ea
625 4217 717 4281 dictio
737 4221 886 4302 significat
915 4233 1122 4306 tegumentum
1142 4220 1274 4304 capitis,
1302 4233 1347 4274 cur
1365 4197 1421 4268 niul
