2975 4892
309 280 392 383 848
439 362 452 382 ,,
538 306 595 373 ιο.
627 304 707 371 uo.
737 307 885 371 susan
914 304 1198 373 oomraursau

306 488 338 529 v.
377 464 607 527 Baoralaarrus.
649 462 830 525 sacratarn
858 484 952 542 vem,
981 486 1062 546 prae
1079 476 1125 525 est
1150 460 1266 545 praedii
1282 462 1365 522 maid
1440 451 1441 512 l

306 552 437 633 species,
463 559 499 608 ut
514 546 573 608 hoc
595 546 684 609 liceat
701 549 730 607 in
749 550 878 609 transitu
902 549 1067 629 attingere,
1092 560 1137 608 est
1150 556 1293 627 corrupta
1312 566 1369 625 pn·
1440 563 1441 570 ’

306 636 457 694 nuntiatio
476 632 560 692 vocis
578 632 756 703 bruellarr'a,
778 632 936 712 praedium
955 630 1044 691 alicui
1059 636 1091 691 in
1106 630 1258 691 bucellam
1275 630 1367 701 datam

306 716 389 777 unde
412 719 526 776 vietum
553 713 672 775 habeat.
713 714 781 774 Vox
815 715 957 774 Mhdarri
985 715 1067 797 apud
1096 715 1300 795 Ugutionem‚
1328 711 1368 792 qai

306 802 441 859 meeum
448 800 565 879 fhrtem
585 798 751 879 significare
772 800 816 857 ait
831 842 841 873 ,
866 808 912 857 est
929 796 1034 857 eadem
1049 808 1139 878 atque
1158 797 1321 855 hamtonia
1335 790 1370 851 rel

307 884 526 943 marahorum.
569 880 638 940 Vox
655 891 756 941 autem
771 880 896 958 bayrdus
915 900 971 962 pro
999 892 1157 956 curatore,
1183 879 1267 939 unde
1294 876 1376 953 haill'p'
1440 931 1441 946 ,

308 978 433 1040 notum,
455 965 479 1025 si
493 964 560 1047 quis
572 962 611 1022 ab
627 962 684 1023 hoo
707 963 767 1041 hay
799 972 830 1023 et
860 967 923 1023 eius
937 963 1124 1023 deminutivo
1145 963 1239 1040 bayel
1256 961 1371 1019 derivare
1440 951 1441 1036 l

309 1048 402 1121 velit,
425 1069 473 1107 me
493 1045 614 1129 quidem
640 1064 701 1105 non
734 1045 861 1107 babebit
892 1058 1125 1129 repugnantem:
1163 1042 1270 1105 malim
1291 1054 1374 1101 umen
1440 1039 1441 1064 ³

309 1147 349 1209 ab
369 1146 499 1209 Arabico
531 1132 635 1219 des),
674 1144 727 1204 W
723 1145 823 1225 agtat,
848 1144 895 1228 (id
911 1157 997 1205 notat
1024 1140 1307 1223 ἐπιτετραμμένον,
1334 1139 1373 1216 ἰγ-

309 1224 564 1309 supermundana,
593 1229 679 1287 euius
705 1228 774 1288 lidei
801 1238 832 1288 et
855 1248 946 1288 curae
965 1228 1080 1309 aliquid
1102 1230 1295 1287 oommissum
1316 1224 1374 1295 est.)

309 1324 453 1393 repetere.
496 1308 556 1369 Sed
578 1315 635 1369 hoo
660 1313 691 1371 in
719 1312 860 1371 transito.
904 1312 993 1371 Nunc
1021 1310 1165 1391 exemplis
1186 1310 1374 1369 demonstran·

313 1395 385 1456 dum
405 1404 467 1465 est,
491 1391 606 1452 litteras
624 1396 655 1469 i,
671 1416 699 1473 y
717 1405 786 1474 etg
807 1394 981 1455 alternasse.
1024 1395 1141 1475 Nempe
1157 1404 1272 1453 veteres
1296 1391 1373 1447 laist

308 1478 367 1555 buy
389 1487 419 1536 et
436 1476 495 1555 bag
512 1475 663 1535 dicebant.
710 1477 972 1537 lmmanistalium
990 1490 1090 1558 posset
1100 1497 1230 1537 acervus
1253 1472 1374 1545 mnstmi,

309 1560 360 1621 sed
380 1580 419 1619 ne
434 1570 535 1619 tamen
552 1558 646 1618 desim
662 1558 919 1633 desiderantibus,
940 1562 1043 1642 paneis
1067 1560 1231 1641 dehrngar.
1270 1558 1374 1616 Etsuue

309 1644 421 1719 nescio,
450 1661 553 1701 annon
571 1651 687 1701 veteres
712 1646 807 1702 nostri
826 1644 970 1703 Germani
998 1654 1029 1703 et
1042 1663 1150 1702 eornm
1168 1640 1287 1701 soboles
1299 1635 1373 1713 Angli

308 1725 381 1785 ibit
407 1735 437 1786 et
461 1746 489 1805 y
517 1746 633 1806 semper
663 1727 854 1805 scripserint,
883 1726 938 1786 ubi
964 1747 1021 1787 nos
1048 1725 1183 1785 solemus
1211 1748 1234 1805 g
1257 1721 1372 1783 scribet

310 1807 373 1867 Nos
388 1808 515 1869 dicimus
532 1810 597 1889 Terg
616 1828 672 1889 pro
691 1808 762 1885 die,
788 1808 881 1890 Angli
913 1810 998 1888 day,
1019 1818 1135 1868 veteres
1156 1808 1301 1868 Germani
1321 1802 1371 1869 uf.

309 1902 346 1951 ut
365 1912 399 1952 ex
422 1891 584 1951 Ammiano
609 1888 784 1951 Marcellino
806 1904 836 1951 et
860 1894 980 1953 Zosimo
1002 1902 1134 1964 constat,
1156 1894 1213 1971 qui
1236 1886 1364 1966 Patala,

310 1970 498 2056 Θαϊφάλους
519 1985 771 2049 commemorant,
800 1974 858 2034 hoc
878 1986 924 2035 est
946 1977 1040 2035 Falos
1063 1976 1218 2034 arunnles.
1260 1974 1327 2032 aaa
1344 1976 1370 2024 ut
1440 2021 1441 2028 ,

314 2056 463 2137 Wesffah'
489 2066 576 2117 erant
599 2078 652 2117 seu
673 2056 738 2116 Fali
762 2056 980 2134 occidentales,
1006 2058 1106 2117 adhue
1132 2056 1228 2116 hodie
1245 2048 1368 2122 caetra,
1440 2045 1441 2140 l

306 2142 351 2199 sic
370 2143 460 2199 etiarn
477 2150 563 2200 erant
578 2140 694 2219 Ostfalr'
715 2160 767 2199 seu
790 2141 858 2200 Fali
884 2140 1065 2215 orientales,
1089 2151 1119 2201 et
1146 2132 1370 2217 Taifali‚'q11ffl'
1440 2165 1441 2200 1

310 2222 392 2281 diens
409 2223 544 2307 Tagfirli,
569 2222 793 2283 meridionales.
836 2223 896 2283 Nos
916 2224 1007 2284 hodie
1028 2224 1155 2283 dicimus
1174 2222 1301 2293 stacte,
1321 2214 1371 2274 Bel·
1440 2249 1441 2296 i

311 2324 385 2386 gae,
407 2306 616 2365 retinentiores
640 2307 751 2365 veteris
769 2305 906 2388 liuguae,
928 2306 1043 2366 Waclrt
1060 2327 1122 2385 pro
1131 2306 1251 2385 vigilia.
1270 2305 1371 2359 Veteres

308 2386 366 2447 hoc
383 2386 553 2447 scribebant
565 2402 697 2467 gruryta,
719 2388 751 2447 id
771 2400 817 2449 est
832 2389 884 2449 W
879 2403 953 2467 ayla
967 2389 1015 2450 vel
1035 2389 1086 2448 W
1084 2404 1173 2471 agra,
1199 2386 1281 2447 unde
1292 2384 1370 2443 Frao-

307 2472 406 2530 cieum
485 2485 518 2547 t,·
546 2470 610 2531 vid.
643 2472 694 2532 Du
724 2470 824 2552 Cauge
847 2492 879 2539 v.
901 2472 1121 2555 Semnguayra,
1156 2466 1370 2530 Scrmmvacte.
1440 2511 1441 2514 =

308 2492 486 2635 manipuli:
506 2551 641 2635 vigilum.
682 2554 858 2615 Conductor
882 2556 969 2615 nobis
993 2556 1139 2625 Pacluer,
1177 2553 1253 2613 olim
1275 2550 1372 2626 reym-

309 2634 421 2697 Pluur'a
441 2637 528 2698 nobis
550 2638 711 2718 astllegen,
735 2637 842 2719 Anglis
866 2641 945 2699 rain.
985 2639 1136 2698 Nummus
1159 2636 1300 2717 Uarine,
1317 2630 1370 2689 sn-

309 2717 365 2799 glis
380 2742 494 2805 penny.
535 2720 570 2779 ln
591 2723 766 2781 universum
786 2721 888 2782 omnia
908 2742 1005 2803 paene
1024 2719 1172 2782 voeabula
1196 2719 1280 2782 nobis
1306 2714 1371 2791 inig
1440 2735 1441 2750 ¹

309 2802 358 2863 vel
372 2806 421 2864 ich
437 2804 574 2865 exeuntia
597 2802 689 2883 Angli
715 2807 746 2863 in
761 2824 789 2881 y
807 2806 982 2866 terminant.
1025 2804 1189 2884 Quomodo
1207 2804 1265 2861 iam
1277 2808 1371 2856 rnen

304 2886 795 3051 tttsstfitt’httmtth‘hss
812 2878 1368 3046 restauraturus

1360 3002 1369 3035 l

308 3072 358 3113 eos
388 3052 515 3134 Anglico
540 3072 624 3112 more
648 3056 859 3134 pronuntiasse
884 3055 944 3113 Tui
969 3064 1000 3113 et
1020 3054 1100 3124 Bai,
1126 3072 1190 3112 non
1214 3052 1368 3129 rugaeque

306 3135 385 3217 Bag.
425 3136 630 3204 Nihilominus
648 3146 750 3196 tamen
770 3146 874 3217 potem
893 3136 981 3217 longe
1000 3136 1138 3217 plurimis
1160 3137 1192 3194 in
1213 3133 1283 3194 loeis
1299 3129 1367 3207 yin

306 3230 425 3283 vetusta
443 3221 638 3301 scriptioneg
653 3218 840 3299 significare3
860 3241 917 3300 pro
938 3216 1063 3301 φλέγιια
1084 3216 1255 3279 scribebant
1254 3214 1363 3299 stem

305 3304 387 3382 quod
404 3306 458 3385 ipsi
481 3302 603 3383 quidem
620 3312 737 3362 veteres
754 3302 917 3387 utflcgma
934 3303 1194 3385 pronuntiabant,
1211 3297 1365 3359 recentiora

305 3395 419 3463 autem,
437 3388 533 3467 ignari
550 3388 661 3445 veteris
684 3384 936 3467 orthographiae,
958 3405 1085 3467 eamque
1104 3406 1138 3445 ex
1157 3402 1242 3443 more
1259 3379 1299 3439 sui
1312 3372 1363 3435 aevi

304 3474 517 3544 aestimantes,
546 3468 626 3528 istud
642 3492 669 3547 y
687 3479 722 3527 ut
742 3471 756 3527 ι’
777 3472 1034 3549 pronuntiarunt,
1052 3467 1171 3553 fluym.
1212 3466 1260 3525 sic
1277 3459 1363 3537 uagae

303 3546 446 3631 phlegma
461 3550 625 3634 appellant.
671 3551 795 3611 Veteres
815 3572 871 3633 pro
895 3552 1033 3633 Lugdrmo
1056 3550 1219 3610 exarabant
1230 3564 1307 3607 more
1321 3557 1364 3633 sut

304 3630 498 3709 Luydunum,
520 3632 600 3715 quod
624 3634 773 3694 scribendi
794 3646 936 3713 matrim,
963 3656 1027 3693 non
1046 3644 1149 3694 autem
1175 3620 1362 3715 pronuntiant

303 3715 421 3774 ratione
438 3716 546 3779 differt.
590 3718 624 3777 ld
650 3718 737 3778 novis
765 3716 930 3797 imposuit,
963 3727 999 3776 ut
1019 3716 1090 3777 inde
1108 3718 1238 3799 primum
1262 3706 1362 3784 laudm

304 3795 430 3895 (Liiden)
451 3808 480 3857 et
496 3800 605 3861 deinde
628 3800 740 3861 Leiden
763 3800 925 3867 efficerent.
967 3799 1030 3861 Pro
1054 3804 1197 3881 morguam
1219 3790 1362 3858 scribebant

301 3890 442 4037 mill?
452 3884 587 4039 ⁹Beullendll:
609 3894 721 4039 liridi?
729 3882 1074 4047 ubibllqulldehaliditirlc.
1101 3884 1183 4047 (litai
1191 3872 1359 4024 ,Zfflss
1440 3997 1441 4040 γ

302 4043 343 4127 gli
356 4066 412 4125 pro
431 4044 488 4114 bor
507 4046 680 4109 scribebant
698 4050 772 4131 bog5
790 4050 855 4109 vid.
875 4050 927 4109 Du
953 4049 1057 4132 Gange
1073 4070 1105 4111 v.
1130 4050 1254 4128 Gilbog,
1281 4037 1359 4099 lusam

300 4130 526 4210 praestationis,
548 4127 724 4208 solutionis,
758 4154 815 4215 pro
842 4152 904 4213 quo
930 4144 1013 4192 certa
1039 4144 1127 4207 taxa,
1154 4132 1248 4212 gille,
1279 4116 1357 4186 aad,

301 4212 502 4293 Entgeldung,
525 4210 616 4273 debet
628 4218 788 4295 praestari.
811 4216 873 4277 Sed
886 4215 1048 4297 satiarem,
1071 4235 1128 4276 nos
1149 4237 1184 4275 ex
1203 4212 1247 4274 his
1262 4218 1356 4288 etymt·
1440 4233 1441 4240 ¹
