2975 4892
149 307 208 376 sn
230 308 455 378 comatur.
490 308 640 376 rosan.
669 311 725 375 ns
753 311 891 376 curru
919 313 995 378 un.
1022 317 1064 378 ιι.
1094 285 1180 374 6ι3

88 488 228 543 mnam,
250 479 305 532 aut
326 479 408 529 certe
425 464 538 550 oppido
555 485 644 540 raro,
665 470 712 540 (nt
732 468 772 530 ad
792 467 960 544 balneum,
992 469 1074 552 quod
1095 469 1180 534 band

88 550 251 634 vulgarem
272 553 500 612 sanctimoniam
525 547 683 610 utentibus
702 551 847 630 adderet,
877 564 908 614 ct
938 552 1179 618 benedictionem

86 657 110 718 p
216 638 378 716 'tutamque
397 633 582 717 largiretur,
612 646 798 715 quapropter
828 637 918 696 etiam
938 635 1019 696 inira
1048 658 1081 719 p.
1106 638 1177 701 διο.

86 719 131 780 A.
170 711 230 778 .τό
255 709 343 796 ἅγιον
361 716 487 793 insinua
507 712 708 797 appellatur,)
729 717 864 778 adibant.
909 717 1047 796 Quodsi
1069 719 1176 798 fieret,

87 801 273 882 quibuscum
288 799 468 860 ceremoniis
490 797 600 874 limet,
628 797 678 858 bic
707 803 877 880 exponitur.
922 802 972 864 De
991 801 1100 864 balneo
1120 805 1179 868 isto

86 883 301 946 Blachernensi
333 881 466 960 vid-,si
493 882 571 941 tanti
601 891 656 957 est,
671 883 766 964 inepti
786 881 926 944 Graeculi
952 897 1178 966 commentum,

83 965 172 1049 qnod
190 965 304 1027 babent
323 975 414 1026 notae
435 961 598 1026 Alemanni
616 965 656 1024 ad
676 965 859 1046 Procopium
872 989 903 1050 p.
913 965 967 1028 85.
990 967 1069 1028 Nam
1089 990 1177 1051 prae-

83 1061 136 1110 ter
156 1051 250 1131 ipsius
273 1050 318 1109 rei
341 1047 558 1108 absurditatem
579 1047 719 1129 impingit
738 1049 830 1110 homo
852 1071 973 1134 quoque
992 1051 1025 1111 in
1046 1049 1178 1114 ολιιοιιο·

84 1132 199 1214 logicas
218 1133 361 1192 rationes.
401 1129 548 1191 Balaam
569 1127 645 1190 illud
666 1129 886 1196 blachemense
914 1133 967 1194 diu
997 1143 1066 1218 post
1086 1135 1177 1198 lusti·

84 1235 164 1276 num
183 1213 242 1276 luit
262 1214 431 1276 conditum.
476 1218 480 1228 “

148 1299 222 1379 5ι9.
238 1297 274 1356 Β.
291 1295 323 1358 8.
336 1295 427 1380 [555,
441 1293 491 1379 s.]
512 1291 549 1357 sd
570 1289 633 1358 dni
656 1296 882 1380 ταωνοιιτέρων
901 1287 1053 1379 (iccillum.
1093 1300 1177 1368 Inter

81 1382 288 1441 instrumnta
308 1400 393 1440 sacra
410 1390 476 1439 erat
488 1377 803 1463 qnoqueJlabellum,
824 1403 842 1441 e
862 1379 1004 1442 tenuibus
1021 1383 1177 1447 membra·

81 1467 150 1537 nis,
176 1465 248 1524 item
270 1462 417 1539 sindone,
442 1465 550 1544 pennis
583 1483 705 1546 quoque
724 1465 884 1546 pavoninis
913 1463 1048 1546 lactum,
1082 1469 1174 1548 (unde

80 1542 227 1627 ῥηίδιον
244 1540 459 1623 ταωνόιιτερον
478 1555 510 1605 et
530 1539 642 1616 κύκλος
662 1538 876 1628 ταωνόιιιερος
896 1543 1092 1631 appellatum)
1111 1573 1174 1636 qun

80 1629 232 1688 dianonus
259 1637 312 1688 aut
342 1647 422 1688 unus
448 1627 570 1690 adstans
601 1637 654 1688 aut
673 1625 735 1688 duo
754 1629 793 1688 ad
813 1629 914 1690 altaris
940 1631 1058 1714 singula
1079 1631 1201 1698 latera.

78 1709 703 1874 sustenementum
717 1710 1174 1876 inusitata:

78 1899 169 1938 mens
190 1876 318 1938 Constit.
340 1876 480 1957 Apostol.
503 1875 593 1937 Vlll.
619 1895 692 1938 rm:
715 1869 774 1936 tto
802 1870 941 1938 διάκονοι
960 1877 993 1952 ἔξ
1013 1871 1173 1961 ἑκατέρων

76 1959 146 2022 τῶν
175 1961 283 2040 μερῶν
315 1959 373 2020 τοῦ
403 1957 637 2039 &scampina
664 1957 948 2064 sntexirnnavd}
976 1956 1102 2040 ὑμένων
1121 1966 1173 2024 la*

78 2042 170 2103 πτοῖν
192 2038 353 2122 diuidiae,
373 2031 394 2122 ἢ
414 2036 525 2122 πτερὸν
544 2039 686 2117 ταῶνας,
715 2030 737 2120 ἢ
760 2033 896 2122 ὀθόνης,
922 2066 941 2126 ῃ
969 2037 1072 2124 ἠρέμα
1093 2039 1173 2106 dno-

79 2121 279 2202 nnsses'snocs
298 2119 337 2186 cd
359 2119 458 2204 μικρὰ
479 2123 543 2185 τῶν
555 2118 735 2200 insapiens
755 2121 857 2201 ζώων,
880 2120 924 2198 ὣς
940 2117 981 2186 ἂν
999 2121 1044 2205 μή
1067 2125 1173 2230 {yppol-

78 2228 228 2268 πτωνται
247 2203 293 2281 εἰς
310 2200 351 2267 sd
373 2199 523 2266 κύπελλα.
566 2204 746 2268 Pontificale
769 2205 896 2268 Habcrti
909 2229 940 2290 p.
959 2229 1027 2268 ιιι.
1038 2207 1092 2271 C.:
1108 2212 1167 2272 αλ-

77 2292 132 2350 λοι
153 2284 213 2350 dn'o
233 2289 296 2352 reis
318 2285 472 2351 διακόνων
493 2282 642 2368 λαβόντες
662 2281 789 2368 ῥιπιλλια
802 2289 943 2352 ἵστανται
965 2289 999 2366 ἐξ
1019 2282 1169 2392 ixnripou

76 2371 202 2452 μέρους
222 2373 279 2452 τῆς
299 2369 391 2452 ἁγίας
410 2370 567 2513 rpoendtpc
585 2370 622 2434 ἐν
644 2371 786 2470 πλαζιλνν
799 2367 1050 2468 salmuriensis
1064 2373 1170 2438 ἐπανω

76 2454 145 2517 τῶν
163 2450 262 2534 ἁγίων
281 2452 361 2531 μετὰ
383 2449 486 2534 πάσης
505 2474 521 2513 a
544 2453 685 2533 λαβειλις,
707 2474 789 2514 nora
818 2476 863 2533 μη
886 2455 1051 2534 καθῆσθαι
1069 2463 1175 2536 μυῖαν

73 2529 95 2618 ἦ
117 2558 154 2599 τι
172 2535 312 2598 τοιοῦτον
330 2533 394 2599 τῶν
415 2535 561 2612 Cnidius.
602 2537 685 2613 Quia
707 2538 804 2618 igitur
825 2537 1023 2619 imperatores
1045 2561 1117 2602 cum
1137 2544 1169 2603 in

75 2623 211 2691 Graeca.
233 2632 298 2681 tum
312 2623 346 2680 in
366 2621 475 2680 Latina
490 2617 612 2680 ecclesia
625 2617 801 2699 qualitatem
812 2619 1008 2682 diaconorum
1022 2633 1076 2685 aut
1094 2625 1170 2686 sub-

73 2705 279 2766 diaconorum
298 2704 467 2788 gerebants
489 2713 675 2845 quapropter
695 2705 786 2762 etiam
802 2701 862 2764 illis
882 2703 991 2764 licebat
1005 2707 1038 2766 in
1052 2707 1168 2768 Tribu-

74 2809 153 2848 nam
171 2789 305 2863 intrare,
327 2785 485 2868 epistolam
507 2807 550 2868 pu
572 2786 629 2846 line
650 2783 843 2868 praelegere,
873 2787 1033 2848 instratum
1065 2787 1169 2852 altaris

74 2883 201 2932 mutare
220 2881 252 2931 et
269 2869 330 2930 alia
349 2869 421 2930 talia
439 2869 518 2931 laico
539 2889 602 2929 non
617 2869 763 2950 permissa
782 2889 945 2951 peragere,
966 2881 1001 2932 ut
1023 2869 1083 2932 alio
1101 2873 1168 2936 loco

75 2955 320 3016 demonstratum
339 2950 418 3013 fuit:
440 2951 551 3014 licebat
564 2955 636 3034 ipsis
650 2971 790 3033 quoque,
812 2963 843 3012 ιιι
863 2962 967 3012 nostro
989 2953 1047 3018 hoc
1068 2956 1168 3018 eloco

73 3049 179 3118 patet,
203 3035 357 3097 ilabellum
382 3047 505 3116 tenere,
524 3057 623 3118 eoque
642 3055 760 3096 sacram
780 3055 915 3096 mensam
934 3057 1084 3122 prugare3
1100 3040 1165 3101 vid.

72 3123 127 3182 Du
152 3121 256 3202 Gange
275 3141 307 3180 v.
317 3115 485 3194 Ῥιπιίλιον,
508 3129 539 3179 et
559 3117 598 3180 ad
619 3115 761 3178 Alexiad.
776 3139 845 3202 pag.
869 3118 961 3198 546„
990 3119 1094 3184 Vales.
1126 3123 1167 3185 ad
1240 3155 1246 3164 ·

74 3203 235 3264 Ammian.
261 3200 397 3262 Marcell.
427 3222 460 3283 p.
484 3199 575 3284 578„
603 3199 763 3262 Mobillon.
788 3206 819 3262 in
840 3203 948 3264 Museo
970 3203 1074 3267 ltalico
1095 3227 1166 3288 pag.

73 3286 212 3346 XLVll.
254 3285 459 3345 Emendemus
478 3284 535 3345 bac
556 3287 712 3346 occasione
734 3285 835 3345 locum
850 3286 1003 3348 Anastasii
1022 3289 1055 3349 in
1073 3285 1167 3350 Nico·

73 3368 123 3429 lao
138 3369 171 3446 l.
210 3377 334 3430 .2?ro.:
367 3382 397 3428 et
414 3369 528 3451 ripriirir
549 3369 608 3429 dno
629 3367 687 3451 [sic
707 3363 767 3450 leg.
783 3388 839 3449 pro
860 3369 982 3450 vulgato
1002 3385 1032 3432 et
1054 3372 1168 3454 repidis

73 3389 208 3535 ambul
222 3453 255 3511 in
272 3465 343 3535 typo
357 3473 512 3534 paeonum
534 3449 581 3534 [id
599 3462 644 3512 est
674 3449 754 3531 picta
764 3497 772 3526 ,
800 3461 836 3510 ut
859 3451 972 3513 caudae
998 3475 1168 3535 pavoninae

73 3538 173 3596 instar
197 3533 360 3616 referrent]
389 3555 455 3595 cum
480 3538 566 3594 snitu
586 3534 631 3618 [id
652 3543 696 3593 est
729 3532 869 3610 tabulis,
893 3539 1014 3598 tesseris
1042 3539 1167 3620 pretiosi

73 3617 192 3679 metalli
214 3618 370 3698 quadratis
390 3627 444 3677 aut
464 3614 684 3699 rhomboideis]
704 3629 734 3676 et
751 3615 877 3676 diuersa
892 3617 1042 3700 lapidibus
1054 3623 1167 3704 pretio·

72 3703 123 3760 sis.
170 3701 225 3761 Ab
245 3701 293 3761 bis
311 3700 438 3762 flabellis
459 3711 531 3760 nata
549 3722 633 3775 esse,
654 3699 764 3781 quibus
779 3698 956 3762 domicellae
970 3713 1089 3765 nostrae
1101 3725 1164 3766 sese

73 3796 186 3864 parant
206 3795 237 3845 et
259 3783 389 3858 ludunt,
411 3781 519 3865 liquet.
564 3783 725 3844 Habebunt
748 3782 948 3865 Imperatores
962 3787 1070 3858 Graeci
1089 3789 1165 3850 assi-

73 3870 180 3928 dentes
200 3867 259 3928 sibi
279 3865 499 3928 dormientibus
513 3866 653 3948 puellas,
687 3885 766 3947 quae
796 3878 922 3927 ventum
955 3871 1104 3952 agitarent
1133 3881 1165 3931 et

72 3969 194 4012 muscas
219 3948 397 4031 abigerent,
426 3949 510 4032 quod
530 3971 566 4010 ex
588 3948 733 4009 Alexiade
753 3969 822 4030 pag.
840 3949 911 4028 254.
928 3951 962 4012 C.
976 3964 1080 4036 patet:
1109 3947 1166 4030 τήν

71 4031 244 4112 παιδίσκην
250 4027 446 4110 θεασάμενον
455 4026 513 4113 τήν
529 4027 583 4093 τὸν
595 4030 677 4112 dina
688 4025 965 4114 dvnp'p‘tanovonv
986 4032 1041 4098 sal
1051 4032 1167 4119 ndp’p’m

72 4133 129 4174 zos
143 4109 217 4187 τούς
231 4109 384 4186 κώνωπας
398 4110 629 4194 dammandum
642 4113 700 4176 τοῦ
718 4116 782 4176 τῶν
803 4115 959 4192 βασιλέων
976 4114 1111 4197 χρωτός.

159 4197 195 4261 C.
208 4198 240 4258 ὅ.
256 4197 343 4283 [553,
355 4195 403 4280 8.]
425 4193 622 4280 μηιιιτιόριο.
665 4197 711 4260 lta
741 4197 840 4260 solent
870 4203 943 4264 nori
968 4203 1080 4278 Graeci
1110 4219 1165 4284 pro
1297 4243 1303 4264 .
