2975 4892
205 305 263 368 sn
292 301 762 368 consummamus
788 303 926 370 maru.
953 309 1030 372 ιιι.
1060 312 1100 374 ιι.
1144 309 1224 405 ⁷¹7

137 470 201 520 tam
231 457 280 520 vel
309 457 507 542 aurifrisiam]
536 453 664 540 εύρὴοει
691 459 825 522 πλοῦτον
850 457 949 522 πολύν
977 460 1143 524 ούλλειιτον
1172 461 1227 524 (lui

139 537 176 604 τύ
206 543 263 604 τοῦ
290 541 425 619 χιτῶνος
446 535 677 602 πολοσύνακτον
697 541 732 602 ἐκ
752 539 882 623 βελόνης
902 538 1004 625 ἔργον.
1048 545 1114 606 Αέτ
1142 546 1228 622 deni7

140 647 202 706 que
226 628 258 684 in
276 623 343 685 loco
364 623 462 686 Basilii
487 635 531 686 est
561 636 767 706 segmentum,
792 619 956 706 σκιάδιον,
986 627 1118 709 collare,
1153 631 1229 692 vesti

138 710 223 770 eirca
244 707 360 768 collum
381 717 534 780 assutum,
558 709 607 767 ein
627 708 760 790 Krngen.

225 792 261 852 Β.
284 792 315 852 5.
340 789 422 874 [607‚
442 789 509 888 r,6.]
528 785 690 886 θριάμβου
711 789 881 854 ἐπινικίων.
921 791 988 854 Vox
1002 791 1161 872 θρίαμβος
1179 794 1230 855 hic

20 920 21 923 ,
138 873 482 957 significatnpoaymyqr
501 893 579 950 μετα
603 874 728 954 πομπῆς
747 871 803 936 καί
817 875 1003 956 φαντασίαις,
1024 879 1056 936 in
1070 876 1230 941 hominum

138 960 300 1040 frequente
340 959 485 1016 comitatu
519 955 749 1038 productionem
790 967 821 1018 et
854 962 1095 1020 ostentationem.
1150 961 1231 1022 Hinc

20 1090 42 1134 ‘.
136 1041 303 1120 θρίαμβος
331 1039 393 1100 τοῖν
413 1037 573 1100 ἐπινικίων
594 1050 638 1099 est
658 1039 817 1120 productio
838 1053 870 1102 et
889 1043 1050 1109 ostentatio
1069 1064 1231 1122 argumen-

135 1135 241 1186 torum
262 1122 405 1182 iictoriac
431 1121 471 1182 ab
491 1121 628 1218 hostibus
658 1134 786 1204 partae,
814 1124 917 1215 qualia
942 1137 1014 1186 suut
1044 1124 1143 1186 hostes
1171 1129 1227 1208 ipsi

135 1219 169 1268 et
194 1227 299 1266 eorum
321 1216 429 1306 vestes.
453 1225 557 1276 arma,
580 1216 733 1308 iumenta,
768 1209 898 1308 tentoria
923 1218 1100 1290 caeteraque
1118 1210 1227 1306 spolia.

131 1289 335 1370 Theophanes
349 1311 381 1370 p.
398 1288 468 1348 085.
487 1289 523 1348 C.
540 1308 581 1348 aa
604 1287 819 1370 εθριαμβεοοε
839 1312 878 1350 τα
903 1287 1038 1352 ἐπινίκια
1058 1288 1111 1352 ἐπί
1131 1313 1226 1353 rano·
1265 1335 1274 1349 ,

19 1389 24 1398 ’
135 1370 290 1452 ύρομίας,
321 1372 451 1452 insignia
484 1373 627 1432 victoriae
654 1373 687 1432 in
711 1371 781 1432 ludo
809 1371 959 1448 circensi,
988 1395 1089 1436 coram
1115 1377 1228 1459 poprdo

26 1465 27 1470 ’
133 1457 171 1515 in
203 1455 288 1515 Cimo
305 1467 497 1536 congregato,
529 1454 680 1537 produxit
704 1467 734 1514 et
753 1457 937 1516 mansuevit.
979 1456 1086 1519 Noster
1105 1481 1136 1539 p.
1157 1462 1224 1537 193.

19 1551 22 1568 ‘
133 1537 232 1598 habet
260 1532 300 1598 τὰ
322 1529 402 1598 ὄντα
425 1535 583 1596 ἐπινικίων
611 1535 920 1620 θριαμβευομένων,
956 1554 1024 1601 acta
1051 1562 1103 1600 seu
1123 1528 1226 1602 ίαιιιίαι

19 1665 21 1670 -
130 1636 198 1684 tum
221 1620 337 1699 dr'otas,
361 1641 449 1704 ριοοπ
479 1623 648 1704 pompatice
678 1619 899 1680 trndroeeremur
926 1637 1036 1704 partae
1065 1625 1150 1704 signa
1176 1627 1226 1683 οἱ·

132 1705 267 1782 ctoriae,
291 1713 322 1763 et
350 1706 382 1763 in
410 1701 470 1764 illis
490 1703 563 1783 ipsis
592 1703 679 1762 Actis
704 1701 784 1762 hauc
805 1701 977 1764 formulam:
1000 1697 1077 1776 ύύξα
1098 1707 1142 1787 τρῖ
1160 1706 1227 1790 θεῷ

133 1786 183 1870 τῷ
203 1780 458 1863 θριαμβεύσαντι
478 1779 551 1856 τούς
569 1774 758 1866 τῆςἍγαρ.
796 1785 1059 1867 GeorgMonach.
1072 1788 1227 1868 inscript.
1253 1819 1257 1826 ·

131 1881 207 1954 post
227 1869 406 1952 Theophan.
428 1890 458 1950 p.
477 1866 548 1930 535.
564 1868 602 1929 A.
616 1865 647 1928 8.
672 1862 879 1947 θριαμβεύειν
900 1889 930 1928 τι
950 1863 1031 1946 μετὰ
1051 1867 1224 1948 ἐπινικίων,

20 1993 28 2024 ¹-
129 1975 203 2014 σιιια
224 1952 399 2036 triumphali
426 1963 576 2035 apparatu
605 1951 803 2028 cimsmserre'
824 1949 939 2032 aliquid
967 1951 1053 2012 dixit.
1094 1952 1169 2012 Nam
1194 1963 1227 2013 et

129 2035 214 2098 aliae
235 2037 423 2116 pompaticae
443 2037 665 2116 processiones,
688 2034 805 2094 etiamsi
817 2033 859 2094 ob
879 2035 1036 2095 victoriam
1056 2055 1119 2096 non
1139 2035 1225 2096 insti-

20 2108 25 2181 s
128 2129 219 2181 tutae
239 2137 338 2201 neque
359 2128 537 2198 argumenta
558 2118 622 2178 eius
642 2126 850 2195 ostentantes,
879 2112 1034 2197 θρίαμβοι
1062 2128 1092 2179 et
1119 2120 1225 2177 triant-

125 2203 190 2288 phi
209 2201 291 2282 apud
312 2204 462 2283 aequiores
484 2200 605 2260 Latinos
626 2199 822 2274 dicebantur,
858 2210 888 2260 et
911 2200 1057 2300 tpiumphi
1078 2221 1130 2260 seu
1151 2222 1224 2282 pro·

20 2337 21 2344 ,
129 2285 287 2347 cessiones
307 2283 492 2366 pompaticae
513 2281 680 2343 victoriales
700 2282 804 2344 addita
826 2303 900 2344 voce
921 2281 1070 2354 τπινίκιος
1083 2287 1225 2346 atrium-

155 2369 203 2430 his
231 2366 307 2428 alius
327 2367 445 2448 generis
474 2365 600 2430 sollicite
628 2365 910 2448 distinguebantur,
941 2375 977 2424 ut
1008 2366 1090 2447 apud
1109 2369 1223 2428 Zonar.

126 2390 175 2512 [ἐζ
191 2449 230 2510 ll.
246 2471 278 2531 p.
299 2471 367 2533 ¹97·
385 2451 469 2544 1331.
492 2459 537 2510 est
567 2447 717 2520 inretitam
746 2446 917 2528 θρίαμβος.
955 2449 1071 2508 Vocem
1102 2449 1224 2529 θρίαμ-

20 2606 22 2610 .
127 2535 192 2614 βος
213 2553 268 2614 pro
296 2534 480 2612 προελεοοει
508 2529 559 2592 vel
580 2529 770 2614 processione
801 2533 960 2630 usurpapit
988 2531 1032 2590 lo.
1056 2531 1224 2594 Cinnamus

127 2617 178 2680 V.
193 2616 225 2678 6.
250 2637 282 2697 p.
301 2636 367 2676 rao.
390 2615 430 2674 A.
459 2635 513 2697 9.=
537 2609 553 2672 ὁ
574 2605 725 2690 βασιλεύς
747 2610 791 2672 rai
809 2634 873 2672 των
893 2609 1122 2692 εοτμχημάτων
1143 2613 1222 2700 ὄγκρ

130 2691 395 2782 φιλοτιμούμενος
421 2691 585 2776 θριάμβου
606 2693 640 2770 ἐξ
664 2669 978 2791 αύιρςιοῖκροπόλιως
996 2690 1052 2755 ἐπί
1068 2695 1223 2775 τὸνπερι-

19 2800 23 2807 ’
126 2779 429 2860 semronmaron
450 2779 528 2840 θεοῦ
549 2773 666 2860 σοφίας
686 2797 767 2838 νεων
796 2771 965 2857 ἐποιήσατο
992 2777 1051 2854 μὲν
1076 2777 1223 2858 ἐμπαρα-

25 2880 26 2884 ’
126 2857 268 2943 σκευὴν,
289 2861 339 2946 ἐφ’
357 2851 381 2948 ᾧ
399 2855 464 2922 σύν
481 2859 587 2946 ἐκείνρι
597 2859 708 3004 pltitigj
724 2857 868 2935 Arsiana,
884 2861 1020 2940 principe
1034 2859 1219 2944 Selgjuhrda]

128 2947 333 3024 nepaesinae,
364 2935 402 3006 ού
424 2939 488 3024 μὴν
511 2941 557 3015 εἰς
578 2945 666 3014 τλος
691 2937 787 3024 ἤγαγε
807 2937 842 3002 τὸ
866 2940 1034 3022 βοοληθέν.
1085 2945 1220 3005 Patriae·

127 3029 194 3091 cha
213 3031 294 3090 enirn
314 3027 470 3100 obstabat,
496 3047 608 3108 negans
630 3025 719 3088 licere
746 3024 787 3085 δι’
808 3019 946 3086 ἐπίπλων
966 3026 1063 3086 θείων
1085 3025 1222 3087 διελθεῖν

131 3101 256 3190 ἄνδρας
295 3109 432 3188 α’σεβεῖς.
482 3109 581 3170 Hodie
609 3107 761 3170 conversis
787 3107 905 3170 vicibus
933 3109 1037 3169 eadem
1066 3109 1105 3169 de
1132 3131 1222 3170 eausa

129 3196 198 3257 suis
218 3215 235 3256 a
254 3193 403 3256 Moscheis
423 3203 526 3254 arcent
546 3193 664 3253 Turcae
685 3191 891 3268 Christianos,
925 3214 985 3274 qua
1007 3192 1039 3252 hi
1059 3191 1133 3252 olim
1154 3191 1221 3254 illos

126 3277 289 3340 arcebant.
331 3277 431 3337 Latini
452 3296 573 3359 quoque
593 3278 740 3352 seriores,
762 3286 796 3335 ut
815 3274 907 3335 modo
927 3275 1064 3336 dicebam
1073 3313 1092 3348 ,-
1113 3277 1220 3336 tristis-

122 3362 227 3447 plum
255 3380 312 3444 pro
340 3361 447 3442 quavis
477 3361 646 3442 pompatica
672 3356 860 3440 processione
891 3379 962 3418 cum
992 3355 1131 3418 laudibus
1165 3379 1219 3419 serr

129 3444 240 3504 faustis
276 3441 540 3504 acclamationibus
571 3442 733 3511 coniuncta
764 3441 964 3522 usurpabant.
1019 3440 1157 3524 *[Benno
1186 3443 1219 3501 in

127 3527 206 3588 Vita
229 3523 428 3587 Hildebrandi
451 3525 571 3607 Papae:
615 3524 765 3587 Hemicas
790 3523 841 3583 Im
879 3532 965 3584 rator
982 3525 1045 3583 solo
1072 3520 1220 3584 οοὶιιειιιιιι

126 3609 376 3692 ινιὶιπιοίιοβιιὶι,
410 3631 498 3692 ριωηι
522 3604 632 3668 Romae
658 3608 770 3668 habuit.
814 3545 994 3688 ,pufmp'm
1022 3603 1065 3666 'est
1083 3607 1219 3690 apphus·

125 3715 180 3754 sus
206 3693 259 3752 ille
289 3695 463 3772 imaginato
492 3691 690 3752 aectasnatus:
732 3687 868 3755 Henrtoo
885 3687 1017 3770 Augusto
1040 3711 1061 3750 a
1080 3688 1148 3750 Deo
1169 3711 1219 3749 co-

126 3788 255 3848 ronato,
280 3787 433 3856 magnast
445 3774 572 3858 pacfico
593 3771 642 3834 Im
666 3815 674 3834 .
693 3773 780 3834 llam.
792 3806 833 3816 —
844 3773 908 3831 vita
924 3786 956 3832 et
971 3773 1114 3834 victorias
1135 3771 1218 3854 aptrd

128 3857 270 3920 Goldast.
293 3855 333 3918 ad
352 3855 551 3939 Eginhardp.
569 3795 686 3940 spoli*
728 3853 913 3914 Luculenter
943 3854 1086 3916 describit
1114 3855 1221 3919 Noster

127 3949 238 4002 auctor
256 3937 657 4021 triumphalesceremonias
678 3949 713 3998 ut
733 3937 835 4000 nullus
855 3936 942 3998 alius.
983 3939 1118 4011 Menetur
1147 3958 1218 4020 ergo

126 4022 251 4106 elegans
281 4022 331 4084 bic
364 4021 448 4083 locus
484 4021 714 4096 illustrationem
745 4030 776 4080 et
801 4021 1061 4082 confirmationem
1086 4022 1126 4082 ab
1151 4019 1218 4081 aliis

127 4105 321 4252 pramplis.alt
331 4103 540 4251 Ολιιοινιιπιιὲρ
562 4103 611 4164 hic
647 4103 800 4248 duffiloem
818 4105 1032 4249 triumplnml,
1060 4103 1219 4245 unum-,ein
1256 4082 1263 4103 ⁸

141 4210 252 4272 orum,
294 4209 408 4264 ¹erum
439 4211 473 4254 us
533 4207 638 4250 rreum.
724 4209 770 4250 rus
797 4200 996 4258 ceremonias,
1032 4209 1068 4249 oc
1098 4207 1165 4274 capr
1206 4227 1218 4261 ,
