2975 4892
257 230 345 347 376
460 260 516 332 ιο.
551 260 632 331 mc.
661 262 808 331 ausui
836 262 1125 331 comesuram

256 425 287 473 et
300 413 462 497 pmerlaru
480 415 519 477 ds
530 415 630 501 αλίφιιο
642 414 839 499 praedicare,
860 426 890 476 et
908 414 1111 497 Theophanes
1133 436 1165 497 p.
1181 412 1236 493 48.
1250 414 1291 475 Α.
1305 436 1336 499 7.

259 506 290 557 et
317 494 370 575 64.
391 496 429 559 C.
449 520 499 581 9.:
520 504 695 579 μαρτυρεῖν
725 518 796 559 τινα
824 495 871 569 εἷς
900 491 1083 577 massonis,
1111 498 1337 573 conmendare,

259 579 385 639 laridum
406 582 536 665 alripnem
556 594 588 641 ut
613 594 715 665 spirim
738 583 928 665 episcopatui.
970 580 1053 641 Boni
1071 591 1102 641 et
1121 583 1198 641 muli
1214 584 1342 643 testim-

258 662 305 721 nii
317 673 389 723 sunt
409 663 440 722 in
453 674 515 725 vet.
535 662 646 723 chartis
664 663 746 746 apud
766 664 817 722 Du
839 664 941 745 Gange
960 662 1174 744 ertocsvagi,
1198 676 1270 725 snut
1284 665 1342 725 ho-

258 746 355 805 mines
375 744 468 807 bonae
488 756 540 807 aut
551 746 650 807 malae
660 750 780 826 semaa.
801 746 993 826 Μαρτυρεῑν
1012 766 1070 827 pm
1078 746 1225 807 celebrum
1242 758 1288 808 est
1308 749 1341 809 in

260 829 356 888 veteri
376 829 568 910 inscriptione
582 829 664 911 apud
677 831 830 890 Murator.
840 849 872 911 p.
896 828 1045 889 Mxxvl.
1068 828 1120 889 5.=
1140 828 1252 907 γέγονα
1266 822 1342 891 Ἀλ-

259 910 366 989 ιιῆσεις
397 910 497 993 ἐκείνη
539 907 559 991 ἡ
587 908 686 972 πάλαι
708 909 897 996 φιλανδρος,
929 906 969 992 ἢν
988 909 1044 971 καὶ
1060 910 1133 972 θοοὶ
1162 906 1220 971 καί
1236 910 1346 994 βροτοὶ

258 984 480 1138 ἐμαρτύρησαν
498 986 704 1077 σωφροσύνης
732 994 833 1056 ἓνεκα.
1196 1050 1203 1057 .
1373 996 1376 1000 ’

343 1077 378 1135 Β.
416 1074 532 1161 ,[390,
557 1075 595 1159 n]
616 1078 688 1159 παρ’
710 1073 804 1159 αὐτῇ.
846 1075 941 1139 idest
960 1074 1035 1156 παρ’
1054 1068 1175 1155 ον’τῆν,
1195 1086 1231 1137 nt
1250 1078 1342 1137 diem

260 1154 361 1220 Latini
372 1162 524 1243 aequiores
534 1162 715 1223 mendacem
729 1180 814 1259 φησι
836 1159 919 1257 apud
933 1161 1058 1222 altenen
1074 1180 1130 1240 pro
1148 1160 1340 1219 adulterum.

345 1242 378 1304 B.
392 1240 423 1302 8.
448 1240 595 1327 [spen]
626 1242 730 1305 καίτοι
758 1261 860 1320 exem
889 1240 951 1322 ηδή
979 1233 1036 1320 την
1058 1241 1237 1321 στρατείαν.
1278 1242 1343 1301 lam
1447 1288 1453 1299 .

262 1321 344 1385 enim
373 1324 584 1387 investituram
612 1327 651 1389 ab
678 1324 862 1407 Imperatore
889 1334 1054 1405 acceperat
1101 1324 1192 1385 Patet
1219 1346 1254 1385 ex
1284 1324 1343 1385 hoc

262 1400 330 1465 loco
360 1416 391 1468 et
414 1409 610 1490 praecedente
644 1409 750 1469 κοινοῦ
771 1406 821 1491 [Β.
848 1404 898 1489 m]
913 1418 945 1468 et
964 1404 1100 1487 exemplo
1121 1409 1264 1488 patriciae
1284 1408 1345 1467 Zo-

262 1496 345 1567 rtae,
378 1511 442 1552 non
469 1489 587 1553 licuisse
610 1491 767 1573 Augustae
785 1488 918 1573 aliquem
939 1488 1144 1571 autaliquem
1163 1491 1196 1553 in
1215 1492 1343 1553 comite·

261 1577 329 1629 tum
349 1582 379 1633 et
398 1574 536 1635 militiam
555 1596 642 1637 suam
665 1594 836 1651 assumere,
850 1593 942 1654 quem
962 1572 1129 1653 Imperator
1148 1594 1211 1633 non
1231 1594 1343 1656 eppin-

187 1680 190 1685 ·
266 1648 368 1715 basset
389 1666 419 1717 et
433 1667 557 1719 assensu
577 1658 736 1741 edictoque
755 1677 811 1717 suo
831 1656 1049 1717 confirmasset.

346 1738 382 1798 C.
398 1740 430 1800 5.
451 1738 538 1824 [39⁰⁵
554 1739 600 1824 9.]
629 1740 685 1820 τῆς
713 1736 805 1810 θείας
824 1734 883 1818 τὴν
903 1740 1002 1820 λῆξιν.
1042 1738 1208 1799 Foemr'nae
1220 1737 1346 1798 dioneae

261 1818 448 1883 conditione.
488 1824 635 1885 Recurret
655 1824 685 1883 in
708 1820 903 1904 sequentibus
936 1823 1054 1903 saepius
1074 1818 1167 1883 dictio
1186 1820 1226 1880 de
1246 1820 1346 1901 lmpe·

262 1898 453 1965 tatoribus&
479 1906 535 1986 τῆς
561 1900 651 1976 θείας
678 1899 805 1985 λη’ξεοις.
849 1904 1044 1984 Expediendn
1065 1903 1156 1985 igitur
1175 1906 1239 1964 eius
1259 1906 1345 1985 origo

260 1996 292 2047 et
308 1986 500 2069 significatio.
542 1989 729 2051 Alemaunus
747 1986 787 2051 ed
807 1988 992 2068 Procopium
1016 2008 1050 2069 p.
1077 1987 1124 2049 ιδ.
1143 1986 1346 2069 premortuus

261 2073 366 2129 vertit.
409 2070 543 2137 Gretser.
560 2074 592 2131 in
601 2070 718 2131 Codino
738 2092 771 2152 p.
795 2068 861 2130 183.
882 2080 913 2131 et
924 2068 1081 2131 Combefis.
1102 2069 1256 2150 inScript.
1277 2081 1348 2149 post

262 2150 445 2232 Theophen.
473 2150 574 2235 p-d8.
595 2154 635 2213 Α.
657 2174 688 2217 a.
708 2152 840 2214 reddnnt
861 2154 935 2235 piae
966 2163 1019 2213 ant
1039 2152 1141 2215 beatae
1169 2153 1341 2213 eremorine.

263 2230 314 2293 sic
334 2234 406 2295 satis
425 2234 502 2295 bene
524 2235 708 2310 adsensum,
728 2235 782 2297 sed
802 2238 866 2295 vim
887 2236 971 2295 vocis
989 2256 1052 2296 nnn
1066 2236 1246 2316 exprimunt.
1284 2234 1348 2296 Do-

263 2316 403 2377 rivnrunt
425 2316 469 2379 illi
489 2318 567 2380 forte
587 2341 605 2379 a
625 2317 722 2400 λη’γω,
744 2320 866 2392 descire,
881 2318 934 2379 sed
963 2329 1008 2379 est
1028 2340 1047 2379 a
1066 2311 1224 2397 λαγχάνον.
1267 2317 1347 2378 Pro·

264 2395 370 2460 barem
399 2410 523 2480 tamen,
550 2404 575 2463 si
609 2413 759 2463 constaret
781 2401 861 2463 solos
888 2400 1046 2463 defunctos
1079 2420 1115 2461 ee
1148 2398 1349 2481 appellatione

183 2513 188 2527 x
265 2478 386 2559 donari,
407 2486 543 2547 viventes
563 2504 625 2545 non
646 2485 730 2546 item.
772 2485 820 2546 De
832 2504 893 2566 quo
913 2486 946 2545 in
967 2494 1107 2547 neutrum
1121 2493 1238 2565 portem
1259 2487 1348 2565 equi-

264 2563 335 2627 dem
358 2566 519 2629 decernere
539 2568 638 2629 adhue
657 2567 766 2643 valeo,
790 2588 885 2649 quum
905 2564 1061 2649 explorare
1079 2565 1271 2649 neglexerim.
1313 2567 1348 2629 si

265 2647 336 2709 solis
356 2651 419 2711 vite
441 2650 549 2715 functis
568 2663 774 2733 competeret,
793 2649 972 2732 significaret
998 2672 1073 2726 eos,
1092 2653 1146 2731 qui
1165 2648 1205 2710 ed
1225 2649 1274 2711 dei
1295 2670 1349 2730 pe-

266 2730 381 2795 culium
409 2736 582 2815 pertinent,
605 2737 657 2817 qui
678 2738 761 2797 omni
780 2756 813 2795 se
832 2755 904 2794 eum
923 2732 1014 2795 rebus
1034 2732 1176 2793 humanis
1195 2732 1349 2794 consortio

266 2827 424 2878 exuerunt.
481 2817 561 2879 Saue
588 2818 644 2900 τῆς
665 2806 732 2881 εἶναι
759 2811 875 2896 λήξεως
900 2812 1075 2897 α’ξιωθῆναι
1103 2814 1179 2875 dixit
1197 2815 1352 2879 &desum

266 2915 297 2977 p·
320 2895 391 2979 519.
425 2899 459 2959 C.
477 2897 507 2978 4.
536 2922 592 2982 pro
621 2902 757 2963 coelimm
787 2913 863 2961 sorte
883 2896 933 2959 vei
954 2899 1119 2959 oorrdteone
1145 2898 1248 2973 beari3
1268 2893 1350 2975 πρὸς
1406 2939 1413 2954 .

266 2971 326 3057 τήν
346 2978 466 3042 ἐκεῖθεν
495 2980 584 3060 λῆξιν
609 2982 826 3060 μεθίστασθαι
855 2981 931 3043 dixit
959 2984 1124 3043 Cinnamus
1153 3002 1186 3063 p.
1215 2982 1261 3049 15.
1290 2981 1351 3041 fine

270 3058 327 3141 (ite
348 3060 460 3123 ferente
480 3063 599 3125 saeculo
617 3086 675 3147 pro
694 3064 805 3143 ἐκεῖθι)
828 3085 885 3147 pro
905 3065 978 3125 illue
998 3067 1062 3141 ire,
1091 3063 1130 3125 ad
1151 3063 1242 3125 deum
1263 3084 1350 3125 nem·

266 3162 327 3224 pe,
350 3144 440 3207 rebus
471 3146 611 3209 humanis
632 3148 784 3210 excedere.
840 3148 953 3209 imitati
981 3147 1039 3209 hae
1067 3150 1100 3207 in
1133 3167 1168 3210 re
1188 3146 1354 3209 Christiani

264 3225 391 3307 gentiles
410 3228 546 3309 luerint,
579 3233 632 3312 qui
655 3253 712 3314 pro
733 3234 812 3291 mori
827 3230 968 3293 dicebant
986 3225 1066 3309 πρὸς
1085 3222 1142 3310 την
1161 3225 1277 3289 καλλίω
1297 3227 1355 3290 καλ

268 3308 516 3393 θεοφιλεστέραν
543 3312 630 3393 λῆξιν
660 3314 869 3395 μεταστῆναι,
899 3313 965 3375 vid.
992 3311 1119 3373 Aristid.
1140 3311 1181 3371 Τ.
1202 3311 1227 3371 l.
1244 3333 1276 3394 p.
1299 3332 1353 3396 po.

268 3412 297 3452 c.
309 3390 373 3470 fin,
394 3394 448 3456 ubi
462 3394 549 3477 λῆξις
558 3408 612 3461 aut
631 3418 693 3458 sors
706 3395 757 3458 vel
765 3396 894 3459 condrio
914 3405 977 3470 est,
998 3406 1052 3456 aut
1072 3388 1230 3473 διατριβὴ,
1247 3390 1352 3476 χώρα,

267 3464 799 3625 αιλααολιιιαι
812 3480 1077 3624 serere
1091 3478 1160 3620 :t-
1175 3471 1354 3639 λ’...ιιε

267 3659 321 3700 σιν
342 3637 430 3725 αὐτῷ
450 3640 490 3704 τὰ
511 3636 640 3724 ὄμματα
660 3643 714 3715 καὶ
730 3646 786 3726 τῆς
804 3641 1016 3725 ι’ὰιλιςληξεως
1032 3633 1232 3703 &nonenim
1250 3636 1353 3741 πηρὸν

268 3712 368 3783 αὐτὸν
389 3716 527 3807 ἀφίησιν.
552 3730 672 3791 Nicetes
690 3751 722 3811 p.
733 3726 785 3806 54.
809 3750 836 3789 e.
848 3730 920 3795 lina
937 3725 994 3788 τοῦ
1015 3719 1112 3808 ρηγὸς
1131 3722 1176 3797 εἰς
1194 3717 1251 3805 την
1272 3718 1280 3739 “

268 3803 355 3883 λῆξιν
382 3804 549 3885 διαβάντος
569 3824 650 3894 etp.
670 3834 739 3897 ¹99·
755 3812 820 3873 D.:
842 3800 904 3892 ἤδη
926 3806 945 3889 ἦ
966 3800 1030 3894 ἑῴα
1050 3804 1106 3868 καί
1123 3798 1269 3887 ἑσπέριος
1288 3800 1351 3867 ond

263 3880 449 3962 ‘Peperine
468 3891 602 3957 τελοῦσα
623 3895 708 3976 λῆξις
729 3890 819 3979 αὐτῷ
830 3885 1065 3974 προσεχώρησε.
1104 3888 1224 3951 Pariter
1244 3889 1354 3971 siquis

267 3969 385 4051 θθφῖας
406 3972 492 4053 λῆξις
513 3972 701 4058 appelletur,
723 3988 759 4038 ut
778 3976 892 4038 fectum
912 3976 969 4035 finit
987 3971 1151 4033 Theodoro
1171 3972 1356 4035 Metoclritae

270 4050 315 4131 (v.
335 4052 495 4140 DuCnnge
516 4078 547 4119 v.
570 4055 720 4137 Σκιάδιν),
742 4060 870 4122 dubium
890 4069 946 4131 est,
968 4060 1045 4118 sitne
1065 4054 1135 4129 ille,
1157 4056 1210 4139 qui
1235 4057 1358 4140 sepien-

267 4138 328 4201 tiae
347 4141 379 4205 in
401 4141 553 4224 pensitam
575 4147 683 4223 cessit,
714 4155 768 4210 ent
787 4138 985 4223 λνδιαιληαα,
1005 4141 1169 4223 sapiendae
1189 4137 1357 4205 diuni-
