2975 4892
355 206 428 301 366
541 220 600 289 ro.
630 220 1207 291 murmurmurmur
1323 222 1329 227 ·

345 408 406 455 m
434 382 545 461 dabat,
581 382 671 444 senili
695 402 819 467 pmmss
848 379 1018 445 montane
1045 380 1305 465 pomnsnmihns
1329 400 1421 461 μ.

340 466 445 539 Procul
469 464 566 529 dubio
596 486 718 549 quoque
737 466 865 525 loannes
885 466 1055 526 comnenus
1077 484 1114 524 ex
1132 468 1269 545 antiquo
1290 466 1418 524 inuitato

338 566 366 617 et
391 570 476 611 more
504 550 563 611 sibi
588 553 649 610 iam
673 570 692 609 a
712 547 815 609 multis
833 550 922 610 annis
940 546 1080 609 familiari
1099 544 1153 607 illo
1172 546 1341 608 Paschatis
1356 546 1417 619 ὢν,

334 654 423 719 quem
443 630 589 695 ultimum
609 629 779 693 celebrabat
799 652 906 714 aeger,
941 629 1037 712 pridie
1055 650 1147 711 quarn
1166 632 1363 712 exspiraret,
1381 626 1418 689 si

332 712 557 862 {stiffi
571 709 1224 867 lttlt'tt't'ttsttlt‘ittttt
1247 713 1420 857 rm

331 821 518 1027 stillicidiali?
533 816 784 962 nupnrpoyoidat
805 878 926 942 Nicetas
952 878 1113 941 Choniates
1139 898 1171 961 p.
1197 878 1281 939 231.
1315 878 1359 941 E.
1375 878 1421 939 Es

415 1048 454 1107 D.
469 962 666 1127 sintep.[740,
684 1044 729 1125 9.]
751 1036 989 1126 κλητορούονται
1006 1032 1123 1121 ὄγδοον.
1153 1041 1193 1103 ld
1212 1046 1334 1105 esttin
1347 1063 1422 1104 rnen·

331 1150 377 1206 sa,
400 1130 448 1190 cui
463 1128 614 1205 assident,
636 1137 708 1187 sunt
725 1128 826 1187 ocmri
846 1138 899 1188 aut
918 1126 991 1189 noni
1009 1125 1051 1187 ab
1070 1126 1156 1187 initio
1170 1126 1271 1202 inde,
1297 1125 1350 1188 vd
1362 1137 1422 1187 sunl

330 1210 383 1273 fini
413 1232 507 1293 quam
534 1209 684 1293 principio
714 1228 835 1271 mensae
860 1214 1027 1293 propiores.
1072 1209 1153 1271 Nam
1189 1232 1299 1293 quum
1333 1215 1423 1270 minm

330 1292 509 1357 solennibus
529 1314 604 1369 seu,
627 1303 665 1353 nt
687 1303 790 1355 noster
811 1290 907 1371 dicit,
947 1298 1014 1363 τοῖς
1039 1299 1155 1363 κοινοῖς
1173 1295 1338 1357 conviviis
1355 1314 1424 1376 pau·

329 1377 426 1438 aiones
447 1378 699 1449 convivarentur,
723 1386 754 1435 et
773 1376 930 1456 panciores
946 1394 1068 1437 mensae
1088 1376 1263 1450 servirent,
1293 1398 1424 1438 neomu-

329 1464 377 1521 rio
390 1460 483 1523 altius
496 1458 641 1521 sedebant
660 1456 694 1519 bi
714 1458 805 1539 legati
826 1461 931 1520 exteri.
973 1459 1010 1518 ln
1029 1457 1209 1519 solennrbus
1233 1472 1345 1521 antem
1358 1480 1424 1520 om-

328 1543 419 1605 viriis
452 1541 704 1605 numerosissimis
726 1542 817 1602 XIX.
844 1542 1057 1614 accubituum,
1087 1551 1176 1601 aucto
1200 1564 1341 1604 numero
1358 1564 1424 1604 cun·

329 1626 494 1704 vivarum,
516 1647 578 1687 non
600 1635 741 1709 poterant
761 1644 823 1684 non
843 1624 882 1685 ad
901 1626 1072 1685 inferiorem
1093 1622 1197 1684 locum
1218 1625 1361 1687 detrudi·

413 1709 453 1773 D.
479 1707 535 1769 ult.
560 1709 713 1793 [740,1o.]
738 1700 905 1787 Φρᾶγγων.
945 1707 1034 1767 Patet
1051 1728 1088 1767 ex
1107 1706 1167 1767 hoc
1187 1704 1288 1784 loco,
1322 1730 1424 1771 semn-

329 1790 406 1853 dnm
432 1791 634 1853 ceremoniale
655 1788 857 1873 Byzantinum
878 1789 961 1851 hunc
982 1790 1118 1851 ordinem
1142 1803 1293 1872 respectu
1315 1792 1424 1876 legato·

330 1896 401 1935 rum
420 1886 592 1937 exterorum
611 1874 703 1935 luisse
726 1872 883 1949 habitum,
906 1884 942 1933 nt
961 1876 1090 1933 maxime
1110 1871 1349 1938 honorarentur
1366 1877 1423 1957 pri·

330 1978 442 2041 moque
465 1956 532 2021 loco
552 1957 738 2020 haberentur
757 1955 918 2033 Saraceni,
938 1954 1008 2017 dein
1028 1954 1172 2037 Bulgariz
1192 1965 1317 2041 (neque
1329 1960 1360 2019 id
1371 1962 1423 2018 mi·

329 2060 423 2121 rum,
454 2061 550 2125 quum
567 2040 675 2103 amhae
695 2051 797 2122 gates
818 2041 945 2120 proximi
966 2038 1010 2099 illi
1029 2040 1069 2099 ab
1087 2041 1207 2100 oriente
1228 2052 1262 2101 et
1281 2041 1423 2117 meridie,

298 2198 300 2203 Ι
329 2122 362 2183 hi
377 2124 417 2185 ab
437 2125 593 2185 occidente
613 2134 705 2206 atque
715 2122 916 2206 septentrione
926 2122 1162 2205 Byzantinorum
1184 2136 1298 2185 essent
1313 2127 1423 2200 viduis

328 2217 396 2265 tunr
416 2205 548 2289 denique
566 2206 692 2281 Franci,
703 2206 906 2283 remotiores,
927 2215 959 2266 et
978 2206 1118 2287 deinceps
1137 2210 1273 2283 oaetffl,
1300 2219 1339 2269 ut
1351 2210 1424 2270 ltus·

327 2288 374 2366 si,
398 2286 516 2367 Allani,
538 2288 666 2349 Armeni
692 2298 753 2349 eto.
794 2288 893 2349 causa
918 2308 992 2370 ergo
1019 2308 1084 2350 non
1103 2297 1181 2366 erat,
1202 2300 1242 2350 ut
1262 2300 1425 2374 mntoperc

325 2372 524 2453 quiritaretur
553 2381 586 2433 et
614 2371 825 2454 indignaretur
852 2370 1077 2453 Lnitprandus,
1112 2370 1338 2437 Cremonensis
1367 2376 1426 2457 epi·

326 2472 435 2533 scopus
443 2496 455 2533 ,
478 2450 596 2537 legatus
613 2453 736 2515 Otlonis
757 2456 784 2515 l.
805 2439 845 2515 ad
864 2454 1072 2597 Nicephorum
1083 2454 1218 2516 Phomm
1232 2457 1337 2538 lmp.‚
1358 2479 1425 2541 pro-

325 2544 431 2617 pterea
451 2538 535 2617 quod
555 2537 741 2621 postpositus
752 2535 916 2620 Balgancb
944 2540 1039 2619 egetis
1055 2537 1172 2598 finisset.
1214 2538 1329 2602 Edicit
1347 2541 1425 2624 typi·

326 2638 398 2679 cum
410 2630 562 2699 nostrum,
584 2620 785 2703 Bnlgarorum
792 2616 905 2701 legatos
914 2624 1016 2683 statim
1026 2631 1095 2703 post
1105 2621 1252 2702 patricios
1263 2622 1425 2687 debuere

324 2720 410 2763 saera
426 2722 530 2765 mensa
546 2701 707 2777 collocari,
730 2712 761 2763 et
774 2702 963 2765 Francorum
973 2702 1088 2781 legatos
1102 2725 1365 2790 unumquemque
1381 2728 1426 2768 se·

325 2784 462 2846 cundum
476 2781 676 2867 χειροτονίαν
692 2806 746 2847 sen
753 2778 986 2849 installationem
1006 2808 1114 2860 suam,
1140 2790 1220 2847 nael:
1242 2792 1351 2850 seim
1367 2792 1426 2851 Be·

323 2868 456 2949 stallung
465 2866 633 2929 undAmte.
657 2867 722 2929 lain
732 2867 1195 2953 eratLuitprandusepiscopus.
1217 2872 1425 2957 Atquisnprr

324 2967 346 3030 p
376 2948 452 3024 425.
464 2949 508 3010 D.
519 2972 591 3031 pen.
613 2950 759 3012 dicuntur
778 2951 908 3033 episcopi
918 2954 1028 3013 Graeci
1040 2955 1125 3035 sequi
1137 2955 1425 3037 protospatharium

323 3030 560 3093 sacellariumet
578 3033 760 3129 praecedere
773 3034 1033 3117 protospatharios
1053 3047 1210 3115 caeteros,
1235 3049 1270 3098 et
1289 3040 1330 3101 in
1349 3044 1425 3101 irne-

322 3112 393 3191 gine
415 3112 601 3179 Ravennatrs
623 3114 766 3178 ecclesiae
784 3118 985 3179 lastinianum
1003 3118 1163 3182 exhibente
1187 3119 1344 3202 poculum
1370 3144 1424 3185 au·

321 3212 411 3255 reum
420 3196 563 3259 ecclesiae
573 3197 763 3277 offerentem,
785 3201 867 3281 apud
879 3199 1086 3265 Alemannum
1097 3204 1138 3263 ad
1152 3204 1290 3287 Procop.
1311 3228 1349 3287 p.
1379 3227 1409 3266 ο.

321 3272 425 3338 clerici
439 3289 475 3340 ut
490 3280 647 3342 inferiores
666 3282 706 3342 ad
720 3284 800 3363 lmp.
820 3284 975 3347 nummu
993 3295 1095 3363 stant,
1117 3285 1267 3369 spatharii
1351 3229 1424 3349 jas

319 3364 421 3451 bam,
455 3372 492 3422 ut
511 3362 735 3425 honoratiores.
775 3366 860 3449 Ergo
890 3388 954 3429 non
981 3377 1102 3449 poterut
1127 3370 1343 3451 Lnitprandus
1376 3368 1422 3430 al·

319 3445 449 3521 borean,
476 3466 571 3527 quam
591 3446 672 3507 inter
690 3449 965 3530 protospatharios,
985 3450 1089 3512 locum
1106 3450 1305 3527 desiderare,
1327 3454 1422 3514 adeo·

319 3536 380 3597 que
402 3535 472 3603 post
493 3528 640 3611 bulgaros
659 3530 855 3593 collocandus
874 3543 954 3610 erat,
985 3536 1040 3615 qui
1060 3536 1141 3595 inter
1158 3537 1423 3618 protospatharios

318 3606 350 3655 et
367 3608 513 3697 patricios
533 3612 626 3673 medii
645 3622 744 3676 eant.
783 3614 956 3677 Audiamus
975 3617 1074 3697 ipsum
1099 3617 1164 3693 eins·
1187 3618 1305 3680 locum.
1346 3618 1425 3680 llln·

318 3680 431 3744 strabrt
464 3700 566 3753 totum
595 3693 653 3755 hoc
683 3699 852 3777 negotium.
895 3697 950 3758 Me
971 3700 1005 3759 in
1036 3701 1168 3762 monam
1194 3701 1341 3777 domm,
1378 3704 1422 3761 ait

315 3778 350 3838 P·
371 3760 448 3839 48¹·
470 3771 564 3854 fine,
610 3792 802 3861 raecepenmt
824 3778 946 3857 reduci,
983 3801 1153 3867 magnaque
1171 3784 1321 3845 armti
1348 3805 1422 3845 erur-

315 3840 376 3937 ἰθζα
389 3864 481 3929 usque
501 3855 535 3913 r'n
557 3796 740 3922 eductorum
756 3860 969 3946 Apostolorum
985 3865 1132 3947 ντὶιζίοοιο
1145 3869 1256 3928 umm's
1275 3868 1422 3928 wasa

313 3920 409 3985 ἄνοον.
456 3932 527 4029 Qun
553 3941 722 4004 celebritate
748 3964 796 4004 me
821 3947 1068 4027 satisnegrotnm
1093 3950 1422 4031 manaen-rges

313 4023 579 4101 Memnonem,
605 4024 952 4108 quipntlreveuemm,
976 4028 1023 4089 ad
1042 4027 1343 4115 SandnsApostolos
1362 4033 1423 4091 suhi

311 4084 437 4149 oboram
457 4092 703 4187 [consumens
722 4108 889 4192 procedere
907 4114 943 4171 in
961 4113 1092 4194 omum,
1112 4115 1219 4177 venire
1237 4118 1272 4177 in
1288 4117 1420 4177 nomita-
