2975 4892
188 363 245 428 nn
276 357 533 426 mrnnnrcuu
562 362 636 426 uu
664 361 690 424 1.
723 303 1004 459 eremmon.
1086 334 1171 423 563

76 517 164 582 nobil
181 521 298 582 misisse
324 529 355 579 et
376 518 513 581 donasse.
535 515 671 599 Angelus
688 539 707 578 s
724 516 808 578 Nuce
825 519 858 578 in
875 519 1005 580 notisad
1018 515 1104 580 illurn
1124 519 1172 582 lo·

80 613 261 684 cumputat
285 603 327 662 ita
354 601 535 684 appellatam
566 601 658 664 fuisse
690 599 774 662 illam
798 600 909 675 taam,
946 603 1029 682 quod
1049 605 1173 684 trigenta

75 705 254 768 operarum,
283 685 441 762 liciorum,
468 684 616 771 filonem,
645 684 696 744 vel
728 686 850 765 ιη’ςὶιιια
875 687 1011 764 finasse
1040 688 1173 747 colorum

62 769 149 848 ficit.
194 769 303 829 Putem
315 769 415 850 potius
435 769 560 850 triginta
574 765 715 827 ulnarum
730 765 834 828 finisse.
876 767 1059 828 Adscribnm
1072 769 1174 830 locum
1283 769 1286 772 ’

77 850 140 911 alin
161 871 283 933 quoque
303 851 341 910 de
364 872 452 912 causa
470 849 709 910 memorabilem.
755 849 812 910 Ait
827 849 919 930 igitur
941 862 1057 911 auctor:
1097 849 1173 912 Ale·

81 936 150 996 xius
168 936 247 1016 lmp.
279 934 420 1009 CPtpnus
439 955 498 1016 per
523 934 669 994 Ioamtem
697 933 943 1017 Clzorupalasium
967 933 1015 1016 [id
1047 945 1092 993 est
1109 934 1175 994 Cu·

78 1015 262 1099 ropaletam]
282 1039 365 1078 araim
387 1018 547 1077 transmisit
560 1017 653 1076 Beato
670 1016 829 1078 Benedicta
845 1031 953 1076 restem
970 1016 1010 1078 de
1025 1016 1174 1078 domosuo

79 1103 141 1164 oxi
158 1101 349 1174 deauratam
367 1121 452 1184 quem
480 1101 606 1180 legatum
629 1098 800 1183 praedicans
817 1100 908 1159 abbas
930 1099 1089 1186 horronfice
1103 1100 1176 1160 satu

79 1186 222 1267 snsoepir,
253 1181 677 1268 eundemquelmperatorem
708 1185 887 1266 participem
914 1182 1075 1256 bononem,
1100 1203 1177 1266 quae

82 1271 118 1328 in
134 1267 241 1328 Casino
263 1279 438 1348 operantur,
468 1267 501 1325 in
517 1287 576 1350 per
611 1278 692 1326 tuam
714 1286 833 1324 marcere
853 1267 1009 1325 eorutituit.
1038 1299 1081 1312 —
1100 1267 1176 1326 Atia

82 1352 149 1410 vice
175 1349 267 1409 libras
288 1363 352 1410 octo
374 1349 539 1410 solr'clcrum
563 1287 795 1408 Ait-talama
814 1350 894 1408 mnu
908 1348 986 1408 idem
1007 1347 1178 1432 Imperator

83 1455 190 1492 caussa
203 1433 363 1492 noemoriae
386 1445 417 1492 et
439 1432 569 1516 pallium
589 1432 843 1492 triacontasa'mum
866 1451 926 1515 pro
946 1432 1042 1492 altari
1060 1445 1177 1492 norbae

84 1516 237 1576 ecclcsiae.
279 1514 381 1575 Aliam
397 1513 435 1575 de
452 1513 668 1596 significatione
689 1513 781 1574 buius
795 1516 878 1575 vocis
899 1516 1071 1595 opinionem
1089 1535 1177 1575 suam

86 1599 245 1680 proposuit
261 1597 311 1656 Du
331 1597 434 1679 Cnnge
451 1599 481 1656 in
499 1596 549 1657 Gl.
566 1599 602 1656 L.
624 1596 658 1658 b.
678 1618 726 1674 v.‚
752 1617 830 1680 quae
851 1607 952 1656 tamen
975 1617 1025 1656 me
1041 1595 1179 1657 nondum

88 1703 108 1741 a
132 1701 199 1740 mea
219 1679 374 1740 abstrahit.
427 1679 485 1739 Sed
513 1680 588 1761 quid
613 1677 664 1738 hic
686 1678 744 1740 loci
775 1680 920 1738 estvestis
939 1678 1084 1738 dedomo
1102 1686 1179 1740 raro?

86 1763 185 1824 Pulat
197 1762 332 1844 Angelus
348 1785 366 1822 a
386 1763 471 1823 Nuce
496 1763 655 1846 significari
688 1761 880 1843 chlamydem
897 1759 1082 1842 imperialem
1098 1783 1107 1840 ς
1125 1761 1179 1822 sed

86 1845 148 1928 leg.
186 1847 284 1927 potius
311 1845 350 1906 de
374 1844 580 1908 diarrbodino.
620 1843 680 1905 Sed
708 1844 799 1906 redeo
819 1843 858 1904 ad
883 1846 1084 1925 propositum.
1128 1843 1179 1903 Ad
1284 1918 1286 1923 Ι

86 1929 182 1992 bunc.
194 1929 317 1988 modum
340 1939 385 1989 est
400 1929 577 1990 (kruenaria
590 1949 678 1988 arcus
701 1940 823 1988 centum
848 1927 939 2009 pedes
962 1925 1096 2008 amplus,
1120 1947 1180 1987 un·

28 2043 29 2046 ’
88 2029 129 2088 de
149 2026 268 2088 Arabes
280 2048 368 2088 suum
380 2011 461 2110 ,Μ
487 2029 612 2100 Cantor,
630 2047 717 2110 pons,
742 2027 833 2087 etiam
851 2028 992 2109 Hispanis
1013 2036 1179 2102 servatum,

89 2137 297 2188 assumserunt
313 2147 323 2202 ς
342 2147 374 2187 v.
389 2126 439 2186 Du
449 2127 550 2209 Gange
567 2126 600 2188 h.
617 2147 647 2186 v.
662 2171 672 2204 ,
692 2128 744 2208 qni
758 2138 861 2187 tamen
882 2137 999 2187 rectum
1019 2146 1083 2187 non
1104 2126 1199 2188 feriit

174 2211 209 2269 Β.
226 2207 369 2292 434473,
386 2207 436 2292 7.]
458 2204 636 2286 μεταξωτὰ.
679 2208 801 2270 Fefellit
820 2227 870 2270 me
888 2211 1031 2270 formatio
1053 2230 1120 2269 ωτα
1147 2221 1183 2269 ut

90 2293 196 2354 durem
218 2290 249 2351 id
271 2291 352 2374 quod
376 2293 407 2353 in
429 2293 544 2353 Latinis
565 2303 619 2353 est.
662 2292 723 2354 Sed
743 2293 907 2353 debueram
922 2292 1099 2375 simpliciter
1112 2313 1183 2354 ver·

90 2387 157 2438 tere
179 2377 299 2436 sericos.
341 2373 418 2434 Nam
448 2369 627 2452 μεταξωτὸς
658 2377 731 2438 novi
753 2378 861 2436 Graeci
881 2375 988 2436 dicunt
1012 2395 1068 2457 pro
1090 2395 1185 2452 μετα-

90 2452 175 2534 ξινός
188 2503 198 2532 ,
221 2468 256 2517 ut
285 2468 440 2518 constate
470 2459 522 2518 Du
543 2459 647 2542 Cangii
671 2458 721 2519 Gl.
743 2460 796 2518 Gr.
819 2458 852 2518 b.
874 2480 906 2518 v.
947 2459 1048 2518 Forte
1062 2479 1185 2540 quoque

92 2539 258 2601 delendum
289 2553 436 2623 punctum
463 2551 530 2622 post
561 2534 773 2620 αἰγυπτιακὰ,
806 2553 837 2602 et
856 2539 1043 2622 intelligendi
1071 2543 1182 2623 panni,

136 2645 225 2683 orum
246 2624 340 2684 cruda
359 2627 495 2698 materia,
516 2626 654 2700 sericum,
677 2645 711 2683 ex
725 2623 865 2706 Aegypto
889 2623 985 2682 CPlin
1010 2623 1135 2683 advecta
1155 2633 1187 2682 et

91 2645 136 2768 illl
158 2709 191 2766 in
212 2705 285 2767 telas
306 2718 443 2767 contexta
466 2707 533 2766 fuit.
577 2705 646 2766 Non
668 2704 792 2789 quidem
805 2705 985 2766 nascebatur
1003 2707 1134 2765 sericum
1149 2708 1182 2764 iu

95 2791 258 2872 Aegypto,
281 2791 333 2851 sed
353 2790 425 2850 illuc
446 2811 500 2870 per
520 2810 605 2850 mare
625 2787 753 2848 rubrum
782 2809 817 2848 ex
839 2788 924 2848 lndia
949 2777 1185 2869 apporlnbatur3

92 2883 214 2955 poterat
233 2881 335 2934 tamen
355 2875 483 2933 sericum
506 2874 689 2956 Aegyptium
719 2870 883 2953 appellari,
927 2873 979 2930 uia
999 2893 1033 2930 ex
1056 2869 1188 2933 Alexan-

93 2956 164 3016 dria
173 2955 455 3037 Constantinopolin
476 2955 651 3016 mittebatur
668 2965 698 3014 et
719 2952 802 3014 illinc
823 2958 885 3037 peti
906 2893 1046 3014 debebat.
1069 2953 1187 3014 Omnes

93 3041 179 3100 enim
199 3059 312 3100 merces
332 3038 499 3099 arantolicae
518 3060 569 3099 sen
592 3037 752 3099 orientales
774 3040 827 3115 (ita
849 3036 1010 3120 legendum
1030 3034 1113 3117 apud
1126 3037 1189 3097 Vo-

95 3123 213 3205 piscum
240 3125 272 3181 in
294 3121 459 3182 Aureliano
487 3145 520 3204 p.
534 3119 619 3196 536„
642 3143 704 3181 non
732 3122 925 3198 meldicae,
955 3120 995 3181 de
1027 3141 1087 3202 qua
1114 3139 1190 3181 voce

93 3205 207 3266 summi
228 3205 286 3264 viri
315 3215 465 3287 quaerunt
485 3215 516 3265 et
538 3207 683 3282 rixantur)
714 3203 867 3266 debebant
887 3225 943 3286 per
971 3200 1189 3269 Alexandriam

96 3291 131 3347 in
153 3287 305 3368 Europam
336 3287 463 3360 invehi,
496 3299 526 3349 et
546 3287 665 3348 Nicetes
687 3287 851 3348 Choniates
880 3309 913 3369 p.
929 3285 1001 3365 odd.
1018 3286 1059 3345 A.
1079 3305 1105 3344 r.
1136 3283 1185 3346 ed.

96 3371 209 3430 Venet.
233 3367 346 3449 σηρικὰ
371 3367 530 3468 ἐνδύματα
551 3380 721 3441 memorat,
743 3363 824 3447 ἅπερ
857 3368 892 3430 ἐκ
915 3366 1030 3447 Θηβῶν
1049 3359 1188 3426 iurand·

98 3455 165 3514 λων
184 3453 315 3530 βασιλεῖ
329 3473 554 3534 κεχωρηγηται.
598 3455 704 3514 Pallia
716 3451 932 3514 Alexandrina
943 3453 1061 3530 saepius
1083 3445 1190 3530 legun-
1241 3479 1245 3487 ·
1301 3471 1312 3494 ·

99 3546 153 3596 tur
173 3534 253 3618 apud
263 3535 312 3594 Du
330 3537 478 3620 Congium
499 3557 531 3596 v.
545 3537 680 3598 Pallium
701 3549 731 3596 et
742 3537 910 3616 Pigaciwn.
929 3534 976 3593 De
997 3531 1117 3590 lubricis
1136 3530 1191 3610 τῆς

95 3615 234 3698 μετᾰξης
253 3638 270 3678 e
294 3619 404 3700 Beryto
423 3630 453 3678 et
473 3619 557 3701 Tyro
590 3629 734 3702 regnante
756 3619 922 3680 Iustiniano
945 3613 1041 3674 CPlin
1062 3612 1192 3674 transla-

98 3701 140 3760 tis
162 3699 245 3760 locus
267 3701 389 3782 insignis
410 3713 455 3762 est
473 3702 555 3784 apud
574 3701 759 3784 Procopium
783 3699 934 3761 Anecdot.
972 3739 980 3756 .
1000 3717 1068 3757 ιιι.
1089 3717 1116 3756 c.
1134 3696 1190 3758 lin.

101 3780 162 3852 Vel
183 3786 272 3844 etiarn
294 3796 364 3846 sunt
392 3788 504 3846 sericae
535 3787 568 3845 in
590 3785 729 3868 Aegypto
762 3787 886 3855 textae,
909 3803 924 3841 s
996 3781 1069 3854 hic,
1101 3779 1188 3855 CPli,

98 3867 746 4034 {illiti⁰{l0in-5²l{33‡.l?“;uil¹⁸;
760 3867 838 4030 ni
891 3873 1060 4029 ‚liiii
1073 3862 1193 4007 ἷῗῖῗὲῧ

99 4045 246 4128 illontia.
272 4051 366 4131 Atqui
389 4052 488 4124 Dinis,
511 4051 623 4128 Tenis,
636 4049 729 4110 Tanis
749 4066 845 4126 ww
858 4047 931 4107 olim
954 4040 1066 4106 Tum‘c
1079 4055 1110 4104 et
1125 4045 1196 4104 Ter·

101 4141 192 4223 νιὰς,
214 4149 286 4207 item
308 4143 499 4227 Διονυσιὰς,
537 4143 598 4210 α’πό
620 4149 679 4209 τοῦ
699 4139 879 4222 Διονύσου,
906 4132 990 4223 vulfi
1014 4133 1058 4220 ,ὁ
1094 4143 1193 4216 dicte,

100 4253 148 4306 est
172 4242 300 4307 celebris
330 4247 404 4310 urbs
426 4249 579 4332 Aegypti,
609 4248 673 4314 vid.
693 4269 771 4331 quiae
791 4246 831 4308 ad
859 4243 945 4308 illum
964 4244 1065 4306 locum
1085 4239 1196 4303 dicam.
