2975 4892
304 255 384 369 176
528 278 1182 352 10.1ic.ns1suicom1mraa11

301 459 336 498 ea
366 435 484 502 saecula
511 436 636 499 ridicule
660 426 796 497 affectata
823 446 853 496 et
876 429 1031 516 φορτικᾶ,
1064 436 1147 518 quod
1174 432 1308 497 eCaroli
1326 437 1372 498 Μ.

301 521 436 603 exemplo
455 520 620 603 intelligas,
652 539 741 600 quem
757 516 896 600 perhibet
924 519 1121 598 Anastasius,
1146 541 1245 580 omnm
1265 519 1377 600 pucha

300 607 452 684 sigillatim
471 606 666 664 sanctissimae
688 603 727 660 B.
751 603 837 662 Petri
855 601 991 661 ecclesiae
1010 603 1204 662 deosculatam
1208 604 1326 682 finire,
1347 614 1380 661 et

214 725 223 744 .
299 690 346 747 ita
360 690 528 771 peruenisse
549 687 592 746 ad
639 685 802 769 ontficem,
832 685 886 767 qm
904 685 937 744 in
962 688 1040 745 ατνίο
1060 707 1148 768 super
1163 684 1274 766 gradus
1294 683 1382 766 apud

288 773 379 850 ι[ονιέ
406 773 539 831 ecclesiae
567 790 580 828 s
628 781 671 826 at.
713 764 798 826 Nihil
819 768 911 846 igitur
930 765 1022 828 habet
1054 767 1195 850 captate,
1227 767 1309 848 quod
1328 766 1378 826 of-

301 851 420 931 fendat,
442 851 537 914 solum
554 853 580 912 si
597 871 716 910 sensum
733 861 857 930 spectes.
901 848 1012 908 Putem
1038 861 1139 910 tamen
1162 843 1301 910 nuntias
1325 869 1377 908 re-

299 945 383 996 ctum
405 956 480 996 esse.
522 933 645 993 Certum
666 942 729 1006 est,
752 952 774 991 a
789 933 904 992 Graeco
919 930 1013 992 verbo
1032 925 1140 1009 udam,
1161 934 1293 1015 arripio,
1315 953 1375 990 un-

301 1017 339 1078 de
357 1021 441 1100 capio
459 1026 586 1099 etcapto
609 1026 786 1096 manarunt,
808 1034 914 1075 vocem
928 1015 1049 1098 capulus
1060 1017 1183 1093 venire,
1203 1035 1281 1095 quae
1291 1035 1376 1074 mere

301 1097 413 1158 Graeca
431 1109 486 1158 est.
528 1098 557 1157 A
576 1091 661 1177 κώπη
684 1101 785 1172 enim,
807 1117 899 1175 arasa,
922 1098 1024 1173 omni,
1046 1097 1128 1178 quod
1149 1097 1215 1179 capi
1235 1097 1377 1157 manibus

163 1189 330 1246 lidbtoet
356 1181 451 1242 teneri
479 1191 595 1261 potest,
632 1173 808 1241 κωπύλλιον
827 1177 951 1240 formari
977 1183 1087 1260 potuit.
1129 1179 1159 1239 A
1180 1182 1300 1262 capulam
1328 1179 1376 1238 fa·

299 1275 381 1324 ctum
403 1264 461 1323 fuit
476 1262 604 1324 verbum
625 1263 784 1347 capulare,
816 1274 846 1323 et
862 1273 1013 1323 contracte
1031 1263 1171 1346 caplare,
1202 1273 1237 1322 ut
1259 1264 1377 1322 Graece

299 1365 419 1427 quoque
437 1346 495 1406 dici
509 1350 608 1428 potuit
623 1341 806 1405 κωπύλλειν.
845 1344 924 1406 Sane
937 1347 1054 1429 capiam
1067 1345 1206 1406 dixerunt
1220 1366 1276 1426 pro
1289 1345 1377 1423 fune,

299 1450 317 1487 a
338 1429 504 1508 capiend03
538 1429 618 1490 unde
638 1425 735 1509 Belgis
753 1424 904 1508 reliquum
924 1428 1037 1489 factum
1058 1427 1240 1489 vocabulum
1265 1428 1377 1502 Cabel,

297 1530 354 1591 pro
373 1511 444 1572 sune
459 1514 591 1572 nautico.
634 1511 788 1571 Isidorus:
812 1511 1033 1593 &phaefiiais
1053 1511 1226 1593 acapzeudo
1247 1511 1377 1583 dietim

299 1604 334 1652 ut
361 1591 511 1656 σκαπλίον
537 1595 643 1654 Graeci
669 1591 810 1653 dicebant
832 1613 888 1675 pro
922 1591 1150 1654 accuratiora
1172 1595 1311 1678 scapula,
1343 1603 1378 1652 et

297 1675 428 1754 ταβλίον
447 1697 504 1757 pro
528 1675 714 1756 eudochias,
736 1699 755 1736 a
774 1675 885 1736 tabula
927 1675 1010 1759 Ergo
1030 1695 1151 1757 quoque
1173 1668 1314 1736 καπλάτε
1332 1675 1376 1734 di-

299 1779 366 1818 cere
386 1770 551 1840 potuerunt
572 1779 627 1842 pro
655 1752 833 1818 xanovta'n
854 1770 884 1819 et
901 1758 960 1818 hoc
977 1779 1033 1839 pro
1056 1751 1242 1821 κωπόλλετε.
1283 1757 1377 1820 Dice-

298 1841 374 1902 bant
392 1864 452 1923 quo
497 1865 513 1904 e
537 1845 636 1904 Latini
655 1841 755 1902 medio
779 1860 854 1900 aevo
881 1842 1021 1923 capidare
1043 1861 1099 1922 pro
1125 1843 1288 1920 stringere,
1319 1861 1376 1900 seu

299 1925 451 2005 apprehen
474 1948 546 2002 ere,
577 1924 626 1984 vel
640 1923 782 1983 mulcere.
826 1922 945 2006 Siquis
965 1925 1083 1984 nucleari
1100 1924 1264 1982 mamiliam
1282 1941 1379 2004 oopu-

299 2009 422 2082 laverit,
444 2009 512 2066 rtem
523 2027 657 2080 saaraim,
676 2005 839 2078 brachium,
861 2005 998 2082 amman,
1019 2009 1110 2066 estin
1127 2004 1241 2086 legibus
1255 2003 1375 2064 Salicis.

299 2089 339 2148 V.
363 2088 414 2148 Du
435 2090 535 2168 Cangc
557 2109 588 2146 v.
610 2089 762 2167 stringere.
804 2088 856 2148 Ab
875 2086 928 2147 illo
950 2087 1067 2162 officio,
1098 2087 1181 2169 quod
1201 2089 1274 2148 olim
1293 2085 1379 2146 mili-

296 2181 363 2229 tum
385 2173 643 2250 piaetorianorum
664 2180 746 2246 erat,
768 2170 839 2231 dicti
860 2171 917 2250 ipsi
936 2168 1059 2231 fuerunt
1077 2163 1269 2247 δεξιόλαβοι,
1291 2171 1379 2250 quod

298 2251 416 2312 dextras
436 2273 543 2313 eorum
564 2251 842 2333 apprehenderent,
863 2253 959 2333 iisque
978 2274 1009 2313 se
1026 2252 1167 2314 fulcirent
1186 2251 1378 2312 ambulantes

297 2333 507 2413 Imperatores.
549 2333 642 2395 Unde
663 2345 762 2415 patet,
784 2337 928 2398 Latinum
946 2336 1138 2418 interpretem
1155 2338 1187 2394 in
1198 2334 1284 2395 Actis
1295 2335 1379 2416 Apo

297 2417 444 2477 stolorum
469 2439 498 2478 c.
525 2417 638 2478 XXIII.
667 2419 718 2479 23.
742 2429 824 2479 recte
849 2417 1014 2479 reddidisse
1035 2437 1141 2479 vocem
1175 2411 1380 2495 δεξιολάβους

319 2519 353 2560 er
374 2501 549 2562 lancearios.
592 2497 667 2562 Nam
691 2512 876 2582 protectores
891 2503 1061 2583 principum
1079 2510 1166 2562 eram
1183 2503 1313 2576 scutati,
1348 2513 1381 2561 et

296 2521 447 2658 inassati,
470 2584 608 2665 quamvis
628 2584 776 2666 spondere
790 2605 851 2644 non
874 2587 988 2657 ausim,
1012 2588 1073 2644 iam
1091 2583 1144 2643 illa
1162 2583 1263 2643 Lucae
1278 2595 1379 2644 aetate

297 2665 337 2726 ad
357 2665 466 2728 milites
485 2669 689 2748 praetorianos
704 2670 884 2748 pertinuisse
900 2665 1050 2744 officium,
1072 2667 1207 2726 dextram
1221 2665 1379 2728 ambuiaa-

296 2748 378 2808 tibus
395 2749 630 2830 imperatoribus
648 2769 703 2831 pro
726 2747 822 2810 fulcro
843 2747 1026 2833 praebendi,
1057 2760 1193 2809 nuttam
1214 2747 1380 2810 insolentes

297 2841 327 2890 et
346 2829 496 2892 affectatos
513 2833 574 2890 iam
594 2843 660 2891 tum
684 2831 774 2891 inisse
795 2833 1010 2912 Imperatores,
1044 2843 1079 2891 ut
1093 2831 1213 2904 alerent
1233 2829 1378 2892 homines

296 2909 481 2992 peculiares,
501 2933 631 2993 quorum
646 2913 786 2974 manibus
808 2913 892 2974 velut
904 2913 1024 2993 pueruli
1045 2915 1237 2974 ducerentur.
1282 2915 1379 2990 Quod

295 2993 390 3052 nolim
409 3005 510 3053 tamen
531 2997 574 3054 ita
596 2997 711 3076 accipi,
745 3018 780 3056 ac
803 3001 828 3056 si
849 2997 1020 3077 antiquitati
1046 2997 1193 3058 Actorum
1212 2995 1380 3076 Apostolo-

294 3098 364 3136 rum
387 3081 620 3138 controversiam
647 3077 744 3138 iacere
768 3079 889 3140 vellem.
932 3081 1024 3156 Quod
1044 3091 1145 3140 autem
1175 3078 1279 3159 paullo
1306 3092 1381 3140 ante

295 3159 450 3235 dicebam,
474 3160 685 3221 Ccrcmoniarii
706 3181 768 3220 non
784 3162 915 3235 nudam,
937 3163 989 3222 sed
1010 3161 1140 3223 velatam
1174 3183 1298 3221 manum
1338 3163 1379 3222 ab

295 3241 480 3324 Imperatore
516 3243 732 3324 apprehensam
764 3243 874 3321 luisse,
911 3245 1036 3305 debetur
1065 3246 1186 3307 invidae
1216 3246 1380 3306 ambitioni

293 3327 464 3408 principum
488 3325 630 3403 illorum,
667 3328 720 3408 qui
740 3329 923 3389 maiestatem
945 3349 1029 3388 suam
1056 3328 1165 3388 violari
1187 3327 1380 3406 credebant,

295 3408 319 3467 si
336 3419 388 3468 aut
406 3407 521 3468 nudam
541 3407 663 3470 alterius
687 3429 810 3469 manum
834 3413 890 3491 ipsi
908 3411 1185 3490 apprehenderent,
1218 3421 1272 3469 aut
1291 3413 1377 3470 sine-

294 3500 380 3567 rent,
402 3489 441 3551 ab
464 3490 522 3551 alio
537 3512 622 3552 suam
643 3492 757 3552 nirdam
776 3493 970 3574 apprehendi.
1017 3493 1091 3553 Inde
1105 3505 1171 3571 est,
1192 3492 1274 3572 quod
1289 3493 1378 3573 apud

293 3570 495 3632 Wilhelmum
508 3575 635 3654 Tyrium
648 3575 731 3635 XIX.
757 3573 805 3635 18.
829 3575 978 3658 legimus,
1001 3575 1149 3636 Chaliiam
1161 3575 1291 3657 Aegypti
1302 3595 1379 3635 cum

294 3650 447 3714 Almcrico
468 3655 548 3736 Rege
571 3657 797 3740 Hierosolymae
816 3676 871 3740 per
890 3658 1001 3738 legatos
1024 3660 1088 3718 eius
1118 3670 1241 3740 pactum
1264 3660 1379 3718 ineun-

292 3745 375 3814 tcm,
412 3758 506 3816 quum
535 3751 711 3818 urgeretur,
746 3742 836 3801 iidem
865 3761 951 3801 suam
981 3752 1119 3821 porrecta
1147 3761 1257 3818 manu,
1287 3759 1381 3800 more

292 3815 469 3898 Principum
488 3819 737 3901 Europaeorum,
766 3824 856 3899 dare,
878 3843 975 3903 neque
998 3835 1098 3904 posset
1119 3824 1269 3904 effugere,
1296 3825 1379 3903 quin

293 3897 423 3976 faceret,
445 3905 583 3981 quamvis
607 3904 735 3964 multum
758 3905 980 3979 obluctantem,
1003 3909 1074 3986 quia
1093 3904 1300 3966 Orientalibus
1313 3905 1379 3964 boc

292 4001 349 4060 pro
368 3981 496 4043 laesione
521 3995 550 4042 et
573 3983 783 4048 humiliatione
804 3991 967 4049 maiestatis
986 3988 1169 4061 habebatur,
1192 3987 1315 4047 tandem
1336 4009 1377 4046 eo

293 4067 485 4138 ooncessisse,
521 4078 556 4126 ut
580 4089 704 4134 manum
736 4069 866 4131 velatam
894 4075 1069 4154 porrigeret.
1118 4071 1251 4130 Tandem
1277 4091 1376 4144 ciero,

296 4147 407 4226 (verba
430 4147 589 4212 Wilhehni
608 4157 695 4235 sumt)
713 4168 782 4237 post
797 4156 919 4216 miliaro
939 4154 1177 4216 deliberationem
1197 4167 1226 4214 et
1245 4149 1382 4213 Soldani
