2975 4892
167 187 228 252 Ao
257 189 483 254 cousrsu'r.
512 189 661 256 roura.
691 193 747 255 na
775 192 913 257 ceam.
942 193 1017 258 ma.
1050 197 1091 258 tl.
1118 163 1204 279 839

94 355 195 428 quet.
240 347 336 408 Forte
356 345 402 410 illi
424 347 549 410 luerunt
568 347 651 429 qnod
666 347 754 410 nobis
774 347 866 410 hodie
879 361 949 411 sunt
963 353 1007 412 sic
1027 351 1098 412 dicti
1112 351 1202 412 Lau-

94 441 242 501 ἱειιαιιιι,
265 428 297 490 hi
318 441 418 490 autem
430 430 520 514 quod
540 431 629 494 nobis
655 431 810 514 Cappruls.
863 432 1008 514 Centurio
1033 433 1202 515 spatharii»

96 531 180 571 rum
200 516 323 596 strategi
353 514 462 590 docet,
490 524 655 596 strategum
675 535 826 598 quemque
846 520 1012 577 centuriam
1032 516 1202 598 spathario·

97 612 182 654 rum
208 616 311 657 secum
340 596 460 658 duxisse
496 618 548 658 seu
582 597 714 657 militum
747 600 990 680 pompaticomm
1031 610 1061 660 et
1098 610 1202 680 prote-

99 687 231 737 ctorum
251 679 374 741 natione
393 680 621 754 Romanorum,
647 683 701 762 qni
723 683 823 763 ipsum
841 683 1055 762 procedentem
1075 693 1128 743 aut
1148 703 1203 764 pe·

56 777 61 783 ’
100 758 190 820 dites
209 762 361 843 peditem,
397 773 451 824 aut
475 766 589 844 equites
612 765 763 844 equitem,
797 775 933 844 gerentes
957 765 1050 824 fultas
1069 764 1203 826 humeris

101 843 210 902 nudas
229 844 446 926 rhomphaeas,
468 847 629 928 stipabant.
673 847 740 907 Hoc
760 851 862 930 gentis
881 847 1073 929 gestaminis,
1098 847 1202 909 rhom-

102 923 278 1007 phaearum
297 940 391 1009 puta,
412 927 585 990 discrimine
606 927 646 987 ab
666 929 762 990 altero
782 941 990 1011 protectorum
1010 950 1119 1014 genere
1139 952 1203 992 sese

103 1007 356 1090 distinguebant,
389 1009 502 1072 scilicet
521 1011 561 1072 ab
584 1011 724 1072 lletaeria
753 1013 803 1074 vel
832 1013 990 1086 flameris,
1031 1013 1084 1096 qui
1117 1025 1204 1080 mut

106 1087 300 1173 alienigenae
327 1104 371 1162 ‚et
401 1115 519 1155 secures
549 1092 646 1155 aliave
673 1116 779 1169 arma,
818 1098 947 1179 quisque
976 1096 1098 1179 gentilia
1125 1095 1203 1173 sibi,

103 1175 282 1256 gestabant.
349 1176 643 1238 Protocancellarius
674 1188 739 1238 erat
777 1179 921 1260 magister
951 1178 1205 1240 cancellariorum

108 1276 164 1316 seu
188 1259 379 1320 ostiariorum
406 1259 455 1321 vel
485 1259 754 1322 admissionalium.
798 1261 926 1324 Stabant
950 1264 1032 1324 enim
1059 1262 1100 1322 ad
1129 1282 1203 1322 cau-

109 1337 206 1435 cellos
226 1352 257 1402 et
277 1339 363 1420 vela,
388 1336 471 1484 ‘quae
497 1342 690 1411 admittendis
720 1343 759 1404 ad
779 1354 943 1426 strategum
975 1357 1006 1406 et
1026 1346 1203 1443 ⁸emittendis

111 1422 1204 1590 ililibi'sstsshiiiiii.iiiiiiffiffiiim.{illidii}

110 1598 206 1650 strate
226 1591 236 1649 i
256 1590 295 1652 ad
308 1591 542 1672 imperatorem,
562 1604 592 1654 et
604 1594 735 1674 imperiis
744 1592 783 1652 ad
798 1593 945 1675 legionem
960 1593 1094 1675 deputati
1104 1603 1203 1654 eraut.

198 1613 235 1734 d.
257 1671 288 1752 4.
313 1672 481 1758 [716,18.]
502 1675 688 1756 προέξημος.
730 1677 844 1736 Procul
858 1675 952 1736 dubio
973 1697 1036 1736 non
1053 1676 1130 1737 alius
1144 1687 1200 1748 est,

113 1775 207 1836 quam
227 1758 402 1838 proximns3
423 1761 577 1838 proximus
597 1780 616 1818 a
636 1759 732 1840 gradu
752 1760 1005 1838 domesticorum,
1026 1779 1132 1820 eorum
1156 1761 1202 1822 ri·

114 1840 214 1900 carius
231 1850 262 1900 et
283 1843 507 1924 praesumtirus
524 1862 686 1902 successor.

198 1922 234 1982 C.
255 1920 285 1983 5.
310 1922 395 2024 [7¹6.
415 1921 475 2006 19.]
504 1914 728 2006 εὖτοχοφόροι.
771 1911 1083 2002 Ρτοεῦτοχιοῳὸροι,
1106 1934 1140 1982 ut
1153 1925 1204 1984 in·

114 2002 162 2064 lra
180 2002 391 2086 δεηοογραφοι
418 2028 474 2088 pro
509 2004 754 2088 δεησιογράφοις
777 2007 840 2075 rid,
861 2007 940 2066 dicta
961 2005 999 2065 ad
1020 2027 1050 2086 p.
1072 2005 1142 2072 55².
1160 2006 1202 2066 Ι).

116 2108 149 2170 7.
189 2087 288 2150 Erant
308 2107 381 2170 ergo
399 2090 484 2172 signa
509 2089 654 2151 victoriae
678 2101 709 2152 et
728 2101 848 2172 sceptra
874 2087 1029 2151 scholariis
1055 2090 1201 2170 propria,

116 2170 261 2230 dracones
280 2182 401 2250 autem,
433 2171 516 2233 aliud
537 2171 637 2233 vexilli
658 2195 751 2255 genus
779 2177 850 2234 satis
880 2185 1004 2244 notum,
1047 2171 1205 2230 excubito-

116 2253 213 2331 ribus,
234 2254 479 2336 quandoquidem
499 2255 591 2338 paulo
609 2268 676 2338 post
700 2256 734 2317 h.
757 2255 781 2318 l.
797 2257 830 2317 in
850 2255 950 2316 officio
969 2254 1125 2316 domestici
1151 2275 1205 2314 ex-

116 2336 288 2397 cubitorum
311 2337 482 2412 draconarii
503 2351 721 2400 memorantur.

198 2419 232 2479 C.
253 2419 285 2480 6.
314 2419 486 2504 [716,19.]
510 2416 730 2499 ἀξιωματικοί.
773 2423 907 2499 Quinam
933 2419 965 2479 hi
988 2422 1050 2480 sint
1070 2419 1204 2500 pecudia·

117 2505 191 2562 riter
200 2504 242 2562 ita
262 2503 346 2577 dicti,
362 2524 424 2566 non
446 2506 529 2564 noui.
574 2505 653 2565 Nam
672 2524 778 2564 omnes
797 2523 979 2586 quocunque
997 2501 1207 2564 tandem‘offi·

119 2588 166 2646 cio
177 2596 229 2644 aut
241 2585 388 2667 dignitate
407 2589 499 2647 macti
513 2597 600 2646 erant
622 2585 831 2664 ἀξιωματικοί
846 2596 899 2646 aut
918 2587 1083 2645 ltonorarr'r'.
1108 2587 1205 2646 Sunt-

118 2689 158 2728 ne
176 2669 268 2750 igitur
294 2669 344 2729 hic
364 2669 423 2730 loci
445 2669 590 2751 designati
611 2668 703 2728 iidem
726 2689 797 2728 cum
820 2673 886 2738 τοῖς
906 2663 961 2728 dns*
980 2667 1043 2726 τῶν
1064 2663 1213 2742 α’ξιωμᾷ-

119 2771 190 2823 των,
212 2762 248 2810 nt
266 2773 298 2832 p.
307 2752 379 2827 420.
398 2751 436 2816 A.
450 2751 507 2812 ult.
522 2751 724 2834 appellantur,
740 2750 812 2830 illis,
829 2754 1029 2836 quipra'esuut
1041 2750 1205 2810 naamati-

120 2833 198 2892 bus?
222 2835 300 2894 Sunt
314 2846 415 2896 autem
437 2832 602 2912 ἀξιώματα
625 2834 671 2894 ibi
692 2834 750 2894 loci
771 2831 937 2916 sportulae,
959 2832 1208 2904 consuetudines,

120 2936 195 2998 quae
214 2938 233 2976 a
255 2939 359 2978 recens
400 2918 524 2979 romotis
543 2917 592 2978 vel
611 2918 767 2978 honoratis
787 2939 822 2977 ex
842 2929 911 2978 taxa
923 2915 1143 2996 pendebantur,
1169 2925 1207 2976 ut

120 2997 269 3098 colligitur
288 3021 306 3061 e
325 2941 426 3062 verbis
447 3001 618 3062 immediate
638 2999 834 3082 sequentihus
854 2997 887 3060 οἳ
902 2995 958 3058 καί
971 2990 1144 3074 συνάγουσι
1161 2993 1208 3056 rai

120 3077 281 3159 ἅξιωματα
301 3079 388 3164 nopai
409 3083 472 3144 τῶν
498 3076 722 3162 λαμβανόντων
749 3077 806 3154 τὰς
833 3079 933 3157 ἀξίας.
986 3077 1076 3140 Nulla
1102 3090 1208 3141 tamen

119 3166 195 3224 ratio
214 3176 316 3246 patet,
342 3187 438 3248 quare
457 3166 490 3226 hi
512 3167 552 3227 ad
574 3166 729 3227 domestici
751 3165 924 3228 scholarum
944 3161 1077 3224 officium
1099 3164 1205 3244 magis,

120 3267 209 3329 quam
229 3248 352 3310 alterius
372 3251 583 3331 pertinuerint.
1163 3257 1167 3272 '

199 3331 240 3390 D.
262 3329 294 3410 4.
317 3330 404 3415 [717,
418 3330 467 3416 6.]
487 3327 690 3414 σκευοφόροι.
733 3328 841 3393 Monui
864 3329 903 3391 ad
926 3353 957 3412 p.
978 3329 1049 3390 532.
1076 3327 1121 3388 D.
1149 3348 1204 3389 an-

120 3423 190 3495 tep.‚
219 3415 295 3475 mihi
319 3416 416 3476 videri
445 3410 541 3495 σκεύη
568 3414 707 3496 generale
727 3435 839 3474 nomen
868 3413 1046 3474 vexillorum
1068 3410 1207 3472 omnium

121 3517 191 3558 esse.
236 3497 294 3558 Hic
321 3508 423 3559 tamen
450 3496 509 3559 loci
531 3507 562 3558 et
586 3497 661 3559 alibi
686 3496 770 3558 velut
790 3497 910 3557 diversa
929 3505 1084 3578 ponuntur
1108 3491 1206 3574 σκεύη

120 3589 151 3639 et
167 3573 256 3657 σι’γνα
277 3591 308 3641 et
325 3581 443 3663 rehqua
462 3602 571 3663 genera
592 3578 783 3643 vexillorum.
826 3581 911 3661 Ergo
932 3579 1043 3640 dehent
1055 3575 1208 3658 peculiare

120 3661 271 3744 quoddam
285 3686 391 3726 eorum
402 3686 498 3746 genus
507 3665 607 3726 fuisse.
639 3665 723 3741 Quid
741 3661 909 3745 siergohic
926 3661 1073 3744 designati
1093 3679 1205 3721 σκευο-

123 3737 212 3827 φόροι
233 3748 265 3806 in
286 3748 384 3809 contis
405 3749 551 3830 trophaea
574 3749 740 3828 gesserint,
771 3747 803 3806 id
824 3757 870 3806 est
894 3755 990 3805 totum
1013 3752 1205 3826 apparatum,

122 3822 176 3906 τήν
190 3821 266 3907 ὅλην
285 3825 411 3910 σκευήν,
434 3829 549 3891 militis.
573 3830 781 3913 EgQunidem
795 3827 899 3890 nullus
918 3827 1037 3899 dubito,
1062 3825 1207 3906 trophaea

122 3910 301 3994 intersigna
320 3913 462 3974 militaria
482 3935 604 3996 qnoque
623 3913 755 3994 praelata
777 3911 887 3987 fluisse,
917 3933 1012 3992 quum
1040 3906 1115 3970 nihil
1139 3929 1205 3968 ma·

122 3994 163 4075 gis
187 3996 310 4056 militem
330 3996 474 4074 deceret,
505 3997 582 4057 nihil
603 3997 810 4077 auspicatioris
831 3997 952 4142 mit
971 3993 1091 4064 ominis,
1113 4009 1206 4085 quam

121 4074 317 4160 trophaeum,
337 4079 522 4171 firmiterque
545 4079 619 4142 mihi
638 4099 815 4164 persuasum
942 4123 954 4159 ,
980 4080 1100 4160 signum
1125 4069 1206 4137 milr-
