2975 4892
297 293 383 398 584
500 316 556 387 ro.
587 317 668 388 uc.
696 318 844 385 nuum
873 315 1160 387 couuuuauu

375 475 669 564 13.u1t.[500‚1s.]
691 471 863 560 φακιῶλην.
902 477 1041 538 Manat-it
1063 475 1138 537 haec
1156 495 1217 537 vox
1240 497 1259 537 a
1267 476 1381 558 suait-

293 565 339 639 li,
361 560 454 641 velo,
482 584 544 644 quo
570 561 674 622 vultus
702 559 777 621 olim
803 559 899 622 velari
919 571 951 620 et
972 560 1102 640 abstergi
1126 559 1239 636 sudor,
1275 559 1378 644 laery-

293 667 381 723 mae,
414 645 517 706 sordes
545 643 692 704 solebant.
735 643 935 727 Dependebat
954 663 1046 724 super
1061 642 1229 717 luunems,
1252 642 1291 703 ad
1312 665 1380 702 me·

293 730 379 790 dium
398 729 460 790 lere
479 737 595 810 pectus.
637 727 794 808 Frequens
813 729 882 788 talis
902 726 998 809 ligura
1026 727 1057 784 in
1077 726 1209 806 antiquis
1237 727 1380 808 imagini·

292 811 375 889 bus,
396 823 431 872 ut
450 815 481 872 in
506 809 563 870 illis
582 811 698 870 Mariae
717 810 875 893 Virginis,
909 830 985 890 quas
1005 809 1056 867 Du
1070 808 1174 890 Gange
1190 808 1290 870 Gloss.
1312 810 1382 870 Lat.

293 892 334 955 T.
352 897 408 954 lll.
428 897 460 954 in
480 894 541 952 fine
559 892 623 952 tab.
641 893 694 955 lll.
713 903 744 952 ct
770 894 842 953 Vll.
866 892 961 953 dedit.
1002 891 1138 951 Facialia
1156 895 1251 966 hacc,
1281 904 1380 974 quum

293 978 434 1060 deinceps
454 976 541 1037 aliter
558 975 779 1055 formarentur,
805 987 835 1037 et
855 976 933 1035 cirea
953 973 1066 1057 pileum
1086 986 1208 1034 acutum
1239 987 1293 1035 aut
1322 973 1379 1034 lre'*

293 1061 525 1144 misphuericum
545 1058 800 1130 obvolverentur,
830 1069 993 1119 evaserunt
1012 1079 1047 1118 ex
1065 1077 1102 1117 eo
1121 1056 1240 1117 tulbani
1259 1079 1313 1118 seu
1332 1061 1379 1117 ci-

292 1143 401 1222 dares,
420 1141 524 1226 quales
538 1141 628 1202 hodie
641 1151 759 1223 gestant
770 1143 892 1203 'furcae
903 1142 1087 1202 Graecorum
1101 1139 1248 1222 exemplo.
1271 1143 1381 1219 Quan-

292 1225 333 1286 do
355 1245 420 1286 mos
441 1223 507 1284 illas
535 1225 651 1284 cidares
676 1225 811 1306 gestandi
831 1225 922 1284 fuerit
940 1227 1088 1298 invectus,
1110 1244 1173 1283 non
1195 1223 1300 1306 liquet.
1343 1222 1377 1282 Si

292 1329 392 1370 mores
412 1308 524 1368 vetusti
545 1304 656 1367 saeculi
677 1328 696 1367 e
715 1329 771 1368 suo
789 1329 910 1368 mensus
929 1329 992 1366 non
1013 1306 1071 1366 fuit
1085 1306 1166 1366 Geor
1187 1306 1233 1368 ‘us
1247 1306 1380 1368 Alexan-

293 1391 399 1452 drinus
419 1393 451 1451 iu
471 1393 536 1451 vita
555 1389 780 1472 Chrysostomi‚
804 1389 924 1452 saeculo
952 1392 1010 1450 iam
1031 1400 1139 1472 qrrarto
1165 1329 1293 1450 dierum
1310 1401 1380 1450 tur-

292 1471 366 1534 bani
389 1475 419 1534 in
444 1493 501 1534 usu
522 1473 603 1554 apud
626 1475 769 1535 Graecos.
812 1473 867 1534 Ait
887 1476 967 1534 enirn
987 1471 1206 1553 illeoap.41.=
1228 1469 1380 1550 ἐκρότουν

292 1551 387 1616 αὐτὸν
413 1553 571 1632 eluminat
598 1554 643 1627 εἰς
663 1551 718 1616 τὸν
738 1554 837 1638 ἀέρα,
862 1551 891 1616 oi
911 1557 971 1635 μὲν
991 1551 1049 1626 τὰς
1066 1553 1221 1632 χλανίδας
1240 1548 1376 1632 ἑαυτῶν,

293 1633 323 1697 oi
353 1637 388 1700 δὲ
414 1635 455 1700 τὰ
491 1634 643 1720 πτερύγια
671 1639 733 1700 τῶν
753 1635 969 1717 καυτζαύλων,
1002 1633 1103 1715 ἕτεραι
1122 1636 1158 1697 δὲ
1178 1637 1380 1717 ἑγχειρῶια,

292 1711 383 1782 ἄλλοι
412 1719 447 1782 δὲ
470 1716 508 1782 τὰ
543 1717 706 1804 postilio.
750 1721 810 1782 Sed
832 1723 892 1781 iam
914 1720 988 1782 olim
1015 1723 1123 1781 Graeci
1143 1722 1319 1802 gestabant,
1341 1731 1380 1781 ut

291 1803 1126 1967 {1{tallalt?‘lafttssa‘ll'll'tla
1139 1801 1381 1947 Pliffih'ii'i

559 1932 568 1964 ,
645 1930 655 1946 .
1254 1928 1263 1946 .

291 1981 380 2052 putat
400 1991 521 2052 quoque
541 1970 644 2030 multis
665 1969 703 2028 de
718 1969 898 2050 antiquitate
916 1971 1007 2030 huius
1025 1972 1195 2052 gestaminis
1209 1971 1260 2028 Du
1275 1971 1381 2052 Gange

292 2054 343 2114 Gl.
366 2057 420 2119 Gr.
443 2052 476 2112 h.
491 2073 541 2130 v.‚
567 2053 619 2133 qui
649 2051 780 2112 conferri
799 2065 945 2114 meretur.
987 2053 1082 2113 Fllrte
1108 2055 1261 2112 invectum
1282 2053 1342 2112 fuit
1359 2073 1380 2112 a

291 2135 422 2218 Scythis.
466 2135 545 2194 Nam
566 2135 597 2194 in
619 2133 760 2195 columna
773 2135 987 2198 Theodosiana
1006 2135 1087 2217 apud
1100 2135 1287 2196 Bandurinm
1302 2137 1382 2217 Scy-

291 2219 363 2361 thag
384 2217 529 2278 almucias
550 2227 698 2300 gestantes
727 2217 898 2302 frequentes
928 2220 1174 2303 conspiciuntur,
1205 2229 1241 2280 ut
1267 2218 1333 2279 tab.
1351 2218 1377 2278 l.

316 2346 323 2364 .
359 2347 366 2363 .
404 2311 555 2362 .1a.=etc.

276 2301 312 2408 ’4
376 2323 412 2444 d.
437 2405 463 2444 1.
491 2383 580 2465 1500,
614 2380 679 2467 rs]
710 2382 799 2466 δίκην
827 2381 1085 2466 πραπνλῶματας.
1127 2386 1315 2470 Pmpolomn
1335 2395 1382 2446 mt

292 2465 445 2528 modiolus
466 2487 518 2527 seu
551 2465 646 2527 infula
665 2471 796 2549 turrita,
828 2469 978 2548 rotunda,
1014 2473 1045 2530 in
1067 2472 1129 2530 imo
1150 2471 1325 2551 angustior,
1347 2470 1381 2528 in

292 2570 411 2610 summo
443 2549 549 2626 latior,
578 2548 759 2628 προπάλλον
788 2551 837 2612 vel
857 2553 958 2634 potius
982 2551 1116 2634 aliquid,
1150 2553 1233 2634 quod
1265 2551 1383 2612 sactum

291 2643 337 2694 est
357 2631 568 2713 upondllew,
588 2635 717 2704 eminere
736 2647 766 2695 et
783 2637 816 2695 ἰα
839 2637 937 2697 omlos
949 2639 1120 2715 inaurem,
1140 2633 1238 2717 qualis
1257 2635 1291 2694 in
1312 2637 1384 2695 Au·

291 2727 447 2798 gustarum
472 2716 705 2797 Byzantinarum
737 2719 921 2800 imaginibus
952 2719 1032 2800 apud
1052 2719 1296 2790 Rhamnusium,
1326 2719 1380 2778 Du

291 2801 440 2880 Congium
462 2811 533 2859 ante
554 2797 653 2860 Gloss.
678 2801 733 2860 Gr.
746 2800 812 2860 tab.
826 2801 867 2860 V.
883 2812 914 2862 et
933 2823 1012 2881 pone
1032 2801 1132 2862 Gloss.
1156 2803 1225 2862 Lat.
1242 2800 1307 2860 tab.
1319 2801 1379 2860 Vl.

290 2893 322 2942 et
343 2882 415 2942 Vll.
429 2883 667 2963 conspiciuntur.
710 2883 752 2944 V.
769 2884 850 2943 idem
871 2904 903 2944 v.
930 2883 1122 2961 Τνμαᾰνιαν.
1162 2885 1274 2944 Facete
1289 2883 1382 2944 Nice·

290 2975 336 3024 tas
360 2963 524 3025 Choniates
543 2986 574 3046 p.
594 2964 664 3025 282.
681 2965 723 3025 D.
743 2986 772 3027 ι.
792 2964 885 3027 talem
907 2964 1105 3048 galericulum
1126 2963 1284 3045 uddedpcr
1314 2966 1381 3042 α’μ-

290 3045 465 3128 φικέφαλον
485 3046 628 3128 appellat.
653 3049 778 3110 Veteres
800 3049 873 3110 talia
886 3043 1047 3132 στεφάνας
1068 3049 1272 3132 appellabant.
1296 3047 1379 3110 Nam

289 3122 431 3273 opleopotipq
452 3130 607 3276 diversrpm
628 3141 694 3274 erfit
716 3153 734 3192 a
754 3127 933 3276 σταφαόνέῒν,ῒ
950 3143 986 3275 pt
1011 3133 1090 3195 bene
1110 3135 1229 3276 pirormit
1247 3132 1383 3274 Capipub.

291 3231 308 3270 a
414 3233 462 3275 en.
506 3231 608 3273 ,sm
685 3235 823 3274 rcemm
932 3237 1001 3276 ous
1093 3239 1155 3276 nu
1191 3238 1208 3276 a
1268 3237 1286 3274 a
1322 3237 1358 3276 er

289 3235 692 3376 permodicaepaltitudinis,
717 3308 748 3358 at
768 3291 907 3380 στεφάνη
929 3311 975 3358 est
993 3229 1138 3380 pdedddrus
1156 3237 1301 3369 scirceirllua
1322 3261 1380 3358 ue3

288 3400 348 3459 que
370 3399 488 3460 semper
509 3380 643 3460 aequalis
663 3401 718 3462 per
739 3383 843 3442 omnia
865 3380 1094 3463 amplitudinis,
1115 3393 1151 3442 ut
1167 3384 1264 3464 specie
1277 3392 1381 3443 turres

287 3463 321 3521 in
343 3463 499 3523 moenibus
520 3474 667 3524 exstantes
688 3466 820 3542 referat,
841 3465 947 3525 itidem
969 3463 1127 3547 στεφάνας
1142 3466 1248 3526 dietas.
1288 3465 1381 3525 luvet

288 3543 394 3604 scitam
428 3545 497 3607 talis
526 3546 649 3607 modioli
676 3547 907 3628 descriptionem
937 3569 955 3608 e
988 3548 1140 3610 Busbekio
1169 3549 1302 3624 addere,
1325 3549 1380 3630 qui

286 3625 383 3706 Epist.
405 3627 432 3690 l.
455 3631 522 3706 ait,
546 3631 630 3691 sein
651 3631 816 3713 Bulgaricis
837 3630 975 3693 foeminis
996 3631 1088 3692 talem
1108 3633 1215 3714 capitis
1236 3643 1382 3693 ornatum

286 3706 408 3769 vidisse.
453 3711 560 3790 Nihil,
581 3716 643 3791 ait,
668 3728 731 3774 tam
767 3734 876 3774 novum
904 3715 1088 3806 occurrebat,
1116 3737 1209 3801 quam
1238 3715 1380 3776 mnium

284 3805 396 3873 captu,
417 3804 448 3852 et
464 3795 562 3874 galeri
584 3799 621 3874 (si
647 3799 689 3856 sie
705 3798 813 3856 vocari
888 3801 950 3872 test)
976 3800 1071 3882 plaste
1087 3800 1227 3859 musitata
1253 3797 1381 3876 joma.

284 3872 344 3934 Est
365 3874 417 3932 ille
436 3896 479 3936 ex
502 3881 643 3940 stramine
668 3881 788 3940 inducto
809 3817 889 3953 taff,
900 3880 1010 3964 figura
1028 3882 1123 3964 plane
1148 3881 1300 3941 contmmis
1328 3881 1379 3955 ei,

284 3977 345 4040 qua
363 3957 451 4040 apud
468 3981 521 4018 nos
549 3973 674 4022 utuntur
696 3965 865 4022 rustt'ttanae
887 3965 1035 4024 mrtlieres.
1077 3963 1142 4024 Hic
1165 3965 1245 4024 enim
1268 3964 1302 4023 ἰα
1320 3963 1382 4021 ha-

285 4059 383 4101 meros
403 4039 569 4102 demittitur
599 4059 629 4105 et
654 4067 716 4130 qua
737 4045 859 4129 infimus
878 4044 925 4129 [id
945 4057 991 4107 est
1011 4047 1103 4129 capiti
1126 4043 1292 4128 proximus]
1314 4058 1379 4122 est,

284 4119 329 4180 ibi
349 4121 509 4183 Ιατίαείνηατ
534 4139 592 4202 est,
632 4127 740 4189 deinde
774 4130 808 4189 in
827 4129 1023 4211 pyramidem
1040 4131 1245 4211 saso'giatm
1272 4141 1381 4189 eonon

285 4201 339 4266 itta
358 4205 467 4292 infima
478 4222 572 4290 parte
590 4224 633 4273 est
656 4213 909 4292 augmentans,
931 4211 1040 4275 decade
1057 4233 1151 4298 sopm
1172 4225 1265 4297 oopus!
1285 4213 1383 4292 mrff't
