2975 4892
143 301 201 366 m
231 300 458 369 constater.
488 302 638 370 romu·
669 307 725 369 us
752 305 889 370 cmm.
918 309 991 372 cn.
1011 311 1052 372 n.
1080 279 1167 367 6αὸ

84 459 118 517 'et
139 459 213 518 talia
232 462 265 519 in
284 461 472 530 nominativo
492 459 629 533 efferre„
652 461 701 522 Sic
721 483 825 524 omnes
844 463 924 546 Lupi
945 477 1041 526 aetate
1061 463 1167 548 loque·

83 539 202 600 bantur
231 553 261 602 et
296 543 494 620 scribebant,
528 555 559 604 et
595 565 630 605 ex
674 547 797 626 antiqua
832 547 994 609 traditione
1035 547 1166 630 loquun-

83 626 139 682 lur
170 635 201 684 et
234 626 370 687 scribunt
412 627 510 688 adbuc
542 626 611 686 ltali
639 637 670 686 et
710 628 835 710 Hispani
868 629 982 704 Paulo,
1019 631 1164 705 Nedao,

82 707 241 788 Domingo
260 720 317 768 etc.
362 711 398 769 ln
419 709 522 770 tabula
540 709 660 769 XVlll.
682 715 758 771 tomi
779 714 804 770 Ι.
827 715 1094 774 Monumentorum
1114 735 1167 775 re-

83 800 188 850 terum
209 792 358 873 Ciampini
388 815 419 875 p.
441 795 493 856 35.
515 791 646 853 babetur
682 796 715 853 in
748 814 818 856 ama
840 795 893 857 2'5.
912 798 1014 880 imago
1035 796 1068 856 S.
1092 798 1167 856 ller-

969 919 973 926 -
1150 897 1168 932 0

81 940 252 1021 tholomei,
282 944 334 1026 qui
362 943 579 1026 strangulatur,
605 967 676 1006 cum
698 947 891 1028 inscriptione
931 941 950 1008 ὅ
978 949 1170 1028 Βαρθολομε

83 1024 280 1102 κρεμασθείς
299 1021 355 1086 ἐπὶ
373 1027 514 1106 σταυροῦ
541 1029 726 1092 τελειοῦται.
766 1029 809 1091 Et
829 1031 870 1090 sic
896 1031 952 1112 ipsi
972 1051 1094 1113 quoque
1115 1053 1168 1092 ve-

81 1119 165 1168 teres
183 1108 291 1169 Graeci
311 1108 395 1170 haud
414 1131 485 1169 raro
506 1131 522 1182 ς
541 1111 732 1190 omittebant,
751 1123 787 1173 ut
810 1133 845 1172 ex
866 1099 957 1195 ἄφνω
978 1135 1034 1194 pro
1057 1103 1169 1194 ἅφνως

81 1189 136 1250 vel
157 1187 289 1272 ἀφανῶς
308 1203 339 1252 et
357 1191 505 1252 similibus
525 1192 726 1266 concluditur,
759 1199 1000 1338 quorumpo'ssit
1028 1195 1168 1256 immanis

83 1272 175 1352 eopia
195 1274 327 1354 cogi,si
359 1275 418 1335 boc
449 1295 587 1358 agerem,
609 1276 672 1336 vid.
699 1279 738 1338 ad
758 1301 791 1360 p.
806 1277 877 1356 342.
920 1279 1008 1340 .ult.
1030 1277 1168 1339 dicenda.

84 1357 215 1416 Interim
236 1376 332 1418 unum
352 1357 698 1440 etalterumexemplum
718 1363 852 1422 omissis
868 1359 966 1422 linaiis
984 1363 1016 1422 in
1037 1361 1168 1440 antiquis

83 1439 289 1505 marmoribus
317 1439 499 1521 subiungam
532 1443 564 1501 in
592 1444 764 1524 specimen,
797 1442 948 1526 quomodo
968 1463 1037 1504 cum
1057 1443 1168 1503 talibus

82 1522 312 1602 procedendum
332 1527 383 1588 sit.
421 1525 460 1589 tn
478 1525 584 1585 Diario
603 1524 709 1586 ltalieo
729 1525 949 1588 Montfauconii
969 1547 998 1610 p.
1007 1524 1079 1606 425.
1094 1523 1168 1608 legi·

83 1615 139 1665 tur
161 1603 222 1665 boc
241 1605 391 1667 distichon
411 1628 484 1668 cum
503 1607 606 1668 multis
627 1607 713 1668 aliis:

215 1686 281 1749 rat
299 1687 379 1760 Διὸς
398 1685 572 1770 Ἀλκμήνης
585 1709 619 1785 νε
638 1680 730 1788 γόνον
750 1694 892 1770 τιμαῖσιν
911 1689 993 1763 α’ἐξω

227 1763 321 1842 aide
340 1771 657 1852 Λασθννένςστησεν
676 1777 805 1851 cycleae
824 1766 908 1834 τόδε.
1162 1829 1166 1836 .

83 1852 123 1912 ln
144 1854 245 1933 primo
264 1853 374 1915 borum
394 1875 484 1914 versu
503 1853 602 1915 littera
630 1853 738 1916 ultima
758 1877 818 1916 non
840 1859 915 1916 vitro
937 1853 1095 1938 lapidarii,
1117 1851 1170 1914 sed

84 1939 122 1994 eri
143 1956 227 1996 more
246 1947 368 1998 vetusto
394 1937 490 2014 abest,
510 1937 615 1998 lectori
635 1940 750 1998 Graece
772 1937 890 2000 callenti
908 1939 1079 2019 suppletum
1100 1937 1170 1996 reli-

83 2030 145 2091 cta.
187 2017 224 2078 ld
245 2018 325 2080 idem
345 2020 527 2082 censendum
546 2021 585 2082 de
605 2023 799 2102 inscriptione
820 2021 950 2082 Herodis
971 2020 1088 2095 Attici,
1110 2040 1172 2100 qua

83 2101 249 2182 Triopium
283 2103 448 2179 dedicavit,
481 2105 514 2163 in
534 2126 594 2186 qua
613 2107 791 2166 nominum
810 2105 892 2168 viros
911 2102 1015 2164 doctos
1034 2105 1066 2162 in
1086 2122 1170 2164 erro-

82 2205 152 2243 rem
173 2184 347 2282 implicuit,
377 2192 413 2245 ut
432 2208 464 2289 r.
484 2187 517 2247 6.
528 2209 543 2282 a,
721 2267 730 2290 ‚
809 2263 816 2286 Ι
939 2194 948 2256 ζ

82 2349 134 2408 lta
154 2263 884 2432 mssopggntazsttffieflffltgtbffldpffizffi
902 2263 1091 2414 dbdlddtldde
1110 2309 1173 2410 stae

86 2443 163 2492 tuae
193 2432 327 2514 Regillae
355 2457 386 2495 v.
412 2433 463 2514 34.
486 2423 611 2495 ἄνασσα
631 2433 741 2515 legitur
772 2457 828 2516 pro
850 2425 991 2495 ἄνασσαν
1022 2445 1052 2494 et
1073 2451 1103 2492 v.
1117 2432 1170 2511 43.

83 2515 130 2591 μὲ
151 2536 209 2595 pro
225 2517 305 2593 μὲν,
342 2517 397 2578 ubi
420 2537 440 2577 ν
467 2519 611 2578 omissum
639 2517 800 2578 dexteritas
820 2529 850 2578 et
870 2517 1030 2598 prudentia
1050 2515 1173 2598 legentis

82 2597 180 2657 tacite
199 2598 339 2680 supplere
358 2600 468 2678 debet,
492 2621 554 2660 non
574 2599 755 2682 lapidas-ium
777 2601 956 2675 criminari,
976 2609 1011 2658 ut
1029 2618 1127 2680 neque
1141 2597 1173 2658 li·

83 2679 246 2764 brarium,
269 2685 323 2764 qui
353 2683 502 2744 Anchiale
531 2684 663 2742 vastavit
688 2704 743 2763 pro
775 2683 944 2743 Anchialeia
959 2681 1102 2740 exaravit.
1128 2679 1171 2739 V.

83 2765 199 2845 Script.
220 2765 298 2824 Hist.
321 2765 401 2846 Aug.
417 2767 456 2826 Τ.
473 2766 499 2826 l.
518 2785 550 2847 p.
561 2764 633 2843 848.
657 2765 692 2823 B.
716 2777 748 2826 et
768 2767 808 2824 ll.
831 2765 902 2848 577.
915 2765 1042 2824 Rectum
1063 2761 1094 2820 id
1115 2771 1172 2836 est,

82 2850 155 2908 sire
174 2845 299 2908 librario
317 2849 448 2924 tribuas,
469 2849 522 2930 qui
540 2848 714 2908 Palatinum
734 2849 867 2908 codicem
888 2845 1038 2914 exaravit,
1062 2842 1174 2904 lineam

82 2941 295 2990 menevensem
312 2953 334 2992 α
354 2933 570 3014 significantem
600 2933 763 3004 emittenti,
794 2931 856 2990 sive
876 2927 1004 2988 dialecto
1025 2923 1171 3010 plebeiae,

83 3033 170 3094 quae
194 3015 227 3072 in
262 3016 324 3094 ipsa
352 3014 596 3095 pronuntiatione
630 3035 652 3072 α
676 3024 706 3074 et
725 3036 756 3074 m
776 3023 840 3074 ets
871 3008 973 3072 finalia
1002 3007 1172 3070 omittebat.

82 3099 213 3158 Scatent
231 3095 342 3156 talibus
361 3099 567 3180 inscriptiones
581 3105 612 3156 et
630 3095 734 3157 tabula
748 3097 990 3178 Peutingeriana.
1010 3091 1064 3153 Ad
1076 3091 1175 3173 Capsu

82 3179 206 3240 lulum
213 3179 323 3258 proed
334 3177 462 3264 Capram
471 3179 500 3245 I.
512 3179 842 3263 Conistlio,Epriiaur-o,
851 3179 950 3253 Pirae,
961 3195 1037 3257 quae
1048 3173 1175 3255 perinde

84 3260 203 3324 saeculi
222 3261 425 3324 Theodosiani
437 3274 528 3344 atque
548 3261 657 3323 decimi
676 3263 775 3338 tertii,
796 3283 858 3344 quo
879 3279 984 3320 revera
1004 3255 1175 3338 exemplum

84 3343 168 3406 illud
192 3343 472 3421 membranaceum,
493 3345 576 3428 quod
596 3343 695 3406 adbuc
715 3343 804 3406 ltodie
825 3351 985 3425 superest,
1006 3337 1175 3427 Colmariae

85 3451 126 3489 ex
154 3429 218 3488 anti
263 3430 325 3489 ‘ore
356 3427 460 3490 codice
491 3427 682 3489 efformatum
715 3428 797 3504 fuit,
823 3446 886 3488 esse
911 3431 1055 3520 possunt..
1099 3419 1175 3479 Nam

84 3512 205 3570 flustra
294 3517 342 3572 rat
361 3513 401 3574 V.
414 3513 456 3571 D.
479 3512 697 3587 demonstrare,
717 3509 921 3572 Theodosiani
947 3501 1058 3565 saecub
1079 3523 1175 3562 mern·

84 3595 205 3657 bmnas
224 3604 256 3654 et
273 3593 390 3656 litteras
408 3615 471 3657 esse
493 3590 581 3672 illas,
601 3615 619 3656 e
639 3591 751 3677 quibus
773 3589 876 3653 tabula
896 3587 1009 3670 prodiit
1029 3587 1173 3666 primum,

85 3679 458 3820 {egmfflapupmme
477 3677 613 3775 Viennae
632 3678 834 3818 Austriacec.o
841 3667 1176 3816 ffidlseitwdufflgsm

298 3781 397 3821 osmm
422 3780 526 3822 ausae
608 3781 683 3822 usa
730 3779 814 3819 mens
835 3777 850 3815 r
1164 3785 1175 3826 φ

87 3854 122 3903 at
143 3841 222 3901 illud
248 3842 423 3926 :exemplum
452 3772 800 3925 absquldoncontrogllersia
832 3849 876 3900 est
898 3837 1072 3911 recentius;
1093 3831 1177 3914 quod

86 3927 156 4006 ipsa
175 3924 282 3996 faciesv
302 3925 469 3989 litterarum
490 3936 658 3998 monstrat,
691 3935 794 3996 exacte
815 3919 920 3982 similis
939 3915 1002 3988 illi,
1026 3933 1086 3996 qua
1109 3935 1176 3976 mo·

87 4007 182 4068 naebi
204 4019 274 4068 ante
289 4008 364 4070 baec
384 4021 515 4092 quatuor
535 4008 653 4070 saecula
673 4029 742 4070 suas
770 4003 960 4066 membranas
981 3999 1155 4061 exarabant.

152 4090 227 4150 ὅσα.
241 4091 284 4150 A.
301 4093 331 4155 5.
352 4091 439 4176 [554,
453 4090 498 4174 6.]
519 4088 560 4152 τὰ
581 4090 691 4173 χρυσᾶ
711 4087 828 4150 λέντια.
872 4086 950 4146 Sunt
969 4103 1043 4167 quas
1062 4084 1178 4142 vetere's

86 4173 189 4231 baem
210 4176 407 4256 paragaudas
426 4175 630 4258 appellabant.
672 4173 770 4236 Notus
790 4170 874 4240 locus
896 4167 1015 4234 Codicis
1035 4161 1178 4238 Tbeodd⁶

123 4283 475 4361 commonemur.
503 4287 613 4346 ναιν.
946 4279 981 4351 l·
