2975 4892
305 276 365 391 94
498 300 565 367 ἰο.
593 303 673 369 sse.
706 304 853 367 aursnn
880 302 1162 369 cormmrsnn

307 458 492 538 ὑιςνεεευνί,
510 460 613 531 aiunt,
622 458 711 537 foris
731 476 819 516 arma
841 456 1030 541 relinquimus
1050 458 1190 541 stuprum
1207 454 1393 517 etianedia-⁴

309 541 398 601 mma
414 540 596 624 deponimus.
639 542 704 598 lam
723 550 859 620 tempore
876 539 1037 620 Augustini
1059 561 1123 599 mos
1143 538 1193 599 ille
1206 538 1388 615 obtinebat,

309 634 347 683 ut
378 623 547 705 Imperator
568 622 713 702 templum
750 623 881 695 intrans,
904 633 957 682 aut
976 624 1152 683 memoriam
1170 622 1271 681 Sancti
1290 626 1394 683 vene'-

309 726 382 766 rans
396 706 534 767 diadema
553 705 726 787 deponeret.
769 704 957 787 Augustinus
967 706 1081 765 Psalm.
1102 702 1175 765 65.=
1197 705 1305 764 Melan
1326 718 1390 781 est,

312 804 356 865 ut,
375 790 499 850 Romam
519 810 605 873 quum·
624 791 742 850 uerrerr't
753 788 934 872 Imperator,
949 788 1079 871 deposito
1097 788 1266 847 dendemme
1285 788 1396 870 ploret

311 874 357 933 ad
371 874 541 934 memoriam
550 874 707 954 precatores
714 916 724 947 ,
747 892 836 956 qnam
848 886 880 933 ut
890 874 1023 955 piscator
1038 872 1139 955 ploret
1154 870 1200 929 ad
1211 871 1391 929 neenwriam

310 955 514 1038 Imperatoris.
557 954 635 1013 Satis
651 954 867 1035 episcopaliter.
911 955 991 1014 Ante
1007 954 1172 1035 ingressum
1189 952 1246 1011 Nai
1262 954 1293 1011 in
1311 952 1392 1011 Nar-

310 1037 398 1099 tbece
417 1037 606 1117 deponebant
622 1037 719 1119 lmpp.
732 1037 847 1097 CPtani
864 1058 933 1097 suas
951 1036 1072 1096 infulas.
1115 1035 1308 1116 Quapropter
1318 1046 1392 1095 tan-

311 1140 403 1202 quam
420 1141 485 1179 rem
503 1119 681 1181 insolentem
707 1130 811 1215 narrat
836 1121 899 1179 Leo
923 1120 1143 1217 Grammaticus
1163 1117 1361 1219 in'Micbaele
1374 1162 1389 1192 ‚

311 1202 1071 1366 titi?‘ttdtdttittti‘ltttttit
1094 1198 1393 1357 tttrttl‘tttl

310 1365 440 1445 εἰσῆλθε
457 1366 555 1447 μέχρι
573 1369 636 1428 τῶν
656 1360 753 1446 dytbrr
771 1368 893 1446 θνρῶν.
931 1365 1117 1450 *[Coronam
1138 1364 1287 1445 deponere
1306 1363 1391 1424 sole-

312 1448 366 1509 bat
382 1450 550 1530 lmperator
568 1461 638 1510 ante
661 1443 719 1521 τὰς
746 1442 838 1528 ἁγίας
863 1439 974 1522 πύλας.
1016 1450 1127 1530 Georg.
1145 1446 1289 1509 Monach.
1311 1468 1388 1529 pag.

311 1530 386 1673 533.
427 1533 611 1593 Iustinianus
636 1542 762 1593 storum
782 1533 872 1615 capiti
898 1552 953 1615 per
974 1533 1027 1609 40.
1050 1531 1113 1591 dies
1139 1550 1201 1589 non
1224 1530 1391 1611 imposuit,

311 1633 327 1673 e
387 1613 499 1696 absque
520 1636 631 1676 corona
652 1618 744 1676 sacris
767 1614 878 1675 Christi
899 1615 1041 1675 natalitiis
1058 1612 1097 1673 ad
1114 1612 1267 1673 ecclesiam
1286 1632 1391 1672 accoe-

310 1697 362 1757 sit.
403 1698 584 1779 Theophan.
614 1718 645 1780 p.
670 1695 784 1781 196.]*
825 1697 969 1758 Faciebat
995 1697 1054 1756 hoc
1079 1696 1261 1756 Iustinianus
1286 1692 1391 1757 tuctus

311 1789 344 1839 et
357 1782 544 1842 contritionis
565 1781 815 1842 demonstrandae
833 1802 922 1841 causa
940 1780 980 1840 ob
997 1781 1113 1840 tristem
1136 1798 1257 1851 casum,
1287 1788 1392 1840 terrae

310 1874 429 1923 motum
447 1864 652 1936 horrendum,
685 1865 737 1945 qui
756 1864 850 1923 CPlin
871 1863 1026 1923 afflixerat.
1068 1862 1263 1921 Reverentiae
1285 1870 1390 1922 autern

311 1966 384 2027 ergo
400 1946 508 2024 tiebat,
529 1957 566 2007 ut
589 1948 687 2026 lmpp.
714 1956 785 2005 ante
802 1956 918 2027 portam
940 1947 1053 2026 regiam
1074 1942 1185 2004 infulas
1209 1942 1387 2021 demerent;

312 2029 567 2107 quemadmodum
583 2032 673 2087 etiam
689 2027 840 2089 faciebant
852 2038 922 2089 ante
932 2027 1091 2089 lectionem
1103 2025 1272 2108 Evangelii.
1293 2026 1388 2087 conf.

311 2109 415 2169 Vales.
434 2111 473 2170 ad
493 2111 597 2170 Amm.
621 2109 758 2171 Marcell.
777 2133 809 2195 p.
827 2112 899 2194 3¹9·
921 2112 955 2172 b.
998 2108 1057 2171 sed
1074 2120 1178 2171 totone
1194 2119 1327 2191 tempore
1337 2130 1391 2169 sa-

312 2195 357 2252 cri
372 2191 463 2253 officii
479 2194 596 2254 nudum
615 2194 768 2255 babebaut
786 2200 901 2276 caput?
942 2193 1089 2255 Videatur
1102 2193 1163 2253 fere
1180 2212 1214 2251 ex
1229 2212 1282 2264 eo,
1304 2192 1391 2273 quod

312 2274 508 2337 Patriarchae
533 2276 672 2338 dicantur
694 2276 754 2337 illis
780 2298 814 2337 ex
843 2277 966 2338 ecclesia
989 2276 1114 2336 domum
1141 2274 1333 2336 redeuntibus
1355 2286 1391 2336 et
1446 2334 1447 2353 ,

311 2355 561 2420 valedicentibus
574 2362 607 2420 in
622 2358 785 2445 propylaeo
796 2358 906 2420 infulas
918 2380 1023 2420 rursus
1034 2378 1196 2440 reponere,
1218 2358 1249 2416 in
1267 2357 1391 2439 signum

312 2442 390 2502 liniti
401 2442 490 2504 officii
509 2443 616 2505 divini.
659 2445 853 2504 Contrarium
868 2454 970 2503 tamen
991 2440 1143 2525 colligitur
1163 2462 1197 2501 ex
1217 2460 1272 2513 eo,
1302 2440 1390 2521 quod

311 2527 425 2608 passim
453 2526 593 2587 dicantur
614 2528 810 2609 Imperatores
832 2525 1049 2587 adlectionem
1077 2521 1233 2604 Evangelii
1252 2542 1270 2582 e
1288 2524 1391 2582 Meta-

311 2610 391 2669 torio
405 2610 587 2692 prodeuntes
610 2609 736 2670 infulam
752 2610 890 2686 demere,
913 2620 943 2668 et
958 2607 1040 2689 quod
1058 2606 1147 2667 bodie
1167 2606 1275 2664 Graeci
1294 2606 1391 2666 sacris

312 2702 417 2773 operto
440 2694 537 2775 capite
560 2694 716 2766 intersint,
738 2704 815 2754 teste
835 2694 881 2752 La
902 2691 1043 2768 Croixio,
1073 2686 1283 2750 tantummodo
1306 2687 1395 2769 apud

311 2776 473 2835 ransitum
487 2796 642 2836 sacrorum
663 2774 772 2837 infulas
792 2774 968 2852 dementes,
994 2772 1077 2856 quod
1098 2773 1187 2833 etiam
1208 2768 1281 2831 olim
1297 2768 1393 2831 sacia

312 2854 389 2914 bant
416 2858 448 2915 in
472 2857 596 2917 ecclesia
621 2860 751 2935 Latina,
783 2868 820 2917 ut
847 2856 985 2938 pluribus
1008 2856 1193 2916 demonstrat
1214 2853 1393 2934 Ciampinus

311 2935 403 2996 Tom.
428 2937 454 2997 l.
479 2940 620 2998 Manum.
639 2940 761 2999 Vetust.
781 2961 814 3021 p.
839 2961 906 3021 117.
931 2938 999 2999 118.
1021 2939 1107 2998 Ordo
1130 2938 1279 2998 Romam:
1301 2936 1394 2995 Post-

312 3020 900 3165 cernennentes
908 3022 1101 3188 'iiiiii
1112 3016 1319 3163 {tltttl
1340 3038 1395 3162 ⁸2}

602 3149 611 3178 Ὶ
1319 3144 1329 3175 5
1385 3174 1389 3181 ,

313 3190 347 3247 t‘n
368 3188 434 3271 apsa
450 3188 527 3246 bora
548 3208 641 3271 neqroe
661 3208 773 3247 corona
788 3209 880 3272 neque
899 3188 987 3247 aluid
1005 3188 1212 3271 operimentum
1233 3204 1319 3267 saper
1336 3203 1394 3243 ca-

237 3321 239 3324 .
309 3270 377 3354 pr'ta
391 3290 491 3331 cortun
505 3270 637 3331 lamna.
681 3268 773 3346 Quod
781 3272 968 3353 praepositus
982 3269 1158 3352 Imperatori
1173 3266 1395 3347 CPtanoprae·

313 3350 412 3413 stabat
430 3351 563 3413 officium
586 3352 619 3412 in
636 3350 802 3432 demenda,
828 3352 959 3413 tenenda
981 3362 1011 3412 et
1029 3350 1202 3433 reponenda
1220 3347 1335 3423 insula,
1359 3348 1395 3411 id

314 3434 492 3495 occidentali
517 3435 688 3516 praestabat
707 3434 814 3495 Comes
834 3434 942 3495 Palatii
965 3434 1185 3495 Lateranensis.
1228 3432 1273 3491 lta
1287 3429 1395 3490 Ludo-

313 3518 400 3577 vicus
420 3518 482 3579 IV.
509 3518 541 3577 in
565 3517 667 3591 bulla,
701 3540 762 3600 qua
792 3519 1017 3589 Castruccium‚
1051 3519 1190 3577 comitem
1212 3516 1391 3587 Lucanum,

314 3600 455 3659 comitem
472 3598 577 3679 palatii
593 3602 802 3661 Lateranensis
826 3611 924 3678 creat,
955 3598 1062 3660 tribuit
1082 3601 1139 3682 ipsi
1161 3600 1205 3657 ira
1225 3595 1348 3656 mandi
1363 3610 1397 3656 et

314 3681 436 3744 nmndi
460 3682 617 3765 imperiale
642 3683 782 3743 dudem
801 3682 839 3743 de
866 3697 963 3744 nosne
991 3680 1109 3765 [verba
1129 3678 1229 3740 bullae
1249 3674 1341 3761 sunt]
1363 3690 1396 3739 et

315 3784 508 3825 successorum
525 3777 688 3824 nostrorum
710 3766 908 3827 Romanorum
921 3767 1092 3851 princzprun
1110 3765 1223 3847 capite,
1244 3775 1392 3845 tempore,

313 3866 372 3931 qrro
393 3847 556 3931 imperiala
572 3850 769 3908 mronarionu
788 3850 919 3910 solennia
939 3848 1137 3920 celebrantem,
1160 3857 1189 3905 et
1210 3846 1301 3904 ettam
1338 3863 1394 3901 no·

314 3952 427 4014 aureque
450 3930 512 3989 alto
532 3943 677 4013 tempore,
699 3934 810 4015 qrmties
825 3932 942 4017 publice
965 3934 1060 4016 ipsum
1077 3926 1217 3989 Mena
1234 3865 1394 4011 expediam·

315 4015 360 4073 rit
376 4013 491 4072 eleum
505 4011 545 4072 de
565 4014 661 4096 capr'te
679 4027 777 4073 nostro
800 4026 829 4073 et
845 4036 1038 4075 snccessomun
1060 4012 1259 4076 Romanorum
1275 4008 1395 4107 punci-

313 4114 388 4181 pum
406 4107 436 4155 et
454 4097 569 4178 reponi.
614 4095 696 4177 Ipsos
717 4116 838 4179 quoque
856 4097 1023 4157 sacerdotes
1043 4096 1074 4156 in
1097 4113 1182 4157 sacro
1205 4090 1303 4153 officio
1324 4110 1396 4172 per*

317 4176 433 4263 agendo
446 4176 626 4240 camelaucia
645 4176 797 4261 deponere
808 4181 996 4243 consuevisse
1010 4176 1158 4239 concludo
1174 4175 1271 4237 eloco
1284 4173 1395 4253 lenaei,
