2975 4892
100 393 398 472 inconsutili.
432 405 582 472 nonen.
611 405 666 469 nn
695 399 833 472 cnam
861 391 1002 474 un.11.
1032 381 1119 494 675

50 557 173 626 annun
190 565 267 625 iuter
281 563 395 648 pedites
426 563 525 644 aigi-os
548 574 578 622 et
589 561 823 626 Alcumenam·
841 565 908 654 [seu
931 562 1118 648 Cyrenaeos]

48 650 190 731 stultisque
218 661 248 707 nt
272 647 279 661 '
317 671 352 706 ue
375 649 478 720 caesas,
509 646 629 706 tanclem
646 649 729 726 nigri
760 671 775 707 r
829 652 922 709 nores
944 647 1120 709 evadebant.

49 729 287 792 Etdbulfedea
329 731 414 790 Ann.
438 727 509 790 255.
548 726 638 811 [Chr.
659 729 748 812 869]
800 753 817 792 e
852 753 924 792 casu
943 732 973 792 al
993 733 1120 791 Motazei

48 813 172 873 Chalilae
185 833 319 887 narrans,
335 811 540 872 lresdiversos
555 811 677 873 ordines
696 823 903 894 protectorum
923 835 975 876 seu
996 814 1122 875 militiae

50 896 188 976 palatinae
207 897 239 956 in
260 893 331 956 nula
353 893 521 976 Bagdndica
542 893 597 956 bos
618 907 779 976 recenset,
802 897 833 958 nl
853 895 1039 982 Magnrebalr
1066 918 1120 957 seu

48 979 249 1072 lllagrabinos,
270 978 320 1039 vel
341 975 560 1053 occidentales,
590 977 703 1056 Afros,
724 981 913 1040 Mauritanos
935 991 964 1040 et
983 981 1119 1056 Turres,

46 1077 243 1156 Farganenses
254 1097 362 1158 nempe
374 1087 404 1137 et
419 1077 639 1150 Transoxanos,
662 1083 692 1137 et
718 1061 894 1140 Pbarnones
913 1065 1011 1161 “ml
1036 1061 1120 1171 (fil

41 1161 133 1265 fult
170 1163 243 1268 (ιῑὸ
280 1165 350 1265 ,Aa
392 1161 529 1260 aaut,
567 1161 1120 1262 b,ttlt,D0A1nwgmaaetAt-

49 1263 231 1339 mogawaris,
253 1281 361 1343 genere
381 1259 506 1320 militiae
526 1260 614 1320 etiam
634 1259 751 1320 Latinis
770 1270 801 1321 et
814 1261 1035 1322 Graecismedii
1055 1261 1122 1324 nevi

48 1346 102 1402 iron
121 1347 242 1426 ignoto,
264 1342 370 1440 appendi
393 1341 443 1403 hin
462 1343 547 1403 locus
568 1357 629 1403 non
650 1353 704 1402 est.

117 1425 152 1486 B.
171 1446 199 1485 r.
224 1423 313 1518 [576‚
329 1419 378 1508 a]
400 1417 569 1504 Χαζάρων.
611 1423 729 1487 Nomen
743 1425 945 1487 &namium
966 1427 1118 1488 notumin

46 1505 160 1570 historia
173 1508 359 1590 Byzantina,
383 1515 481 1590 deque
494 1507 592 1568 habeo
609 1507 691 1589 quod
711 1507 750 1567 de
770 1510 807 1569 iis
827 1510 950 1587 addam,
971 1513 1028 1570 nisi
1048 1510 1118 1587 hoc,

45 1593 118 1672 apud
146 1591 266 1652 Arabes
299 1601 330 1652 et
357 1590 516 1652 orientales
543 1600 676 1650 caeteros
702 1588 886 1670 inolevisse,
917 1604 952 1652 ut
974 1593 1121 1654 Cluentus

46 1695 94 1753 per
112 1694 130 1734 o
148 1675 357 1756 pronuntient.
402 1673 481 1734 Hine
503 1671 621 1734 celeber
641 1671 692 1734 ille
712 1672 815 1747 liber,
838 1695 856 1734 a
876 1675 1029 1736 Burtorlio
1051 1673 1120 1735 vul·

47 1769 134 1838 gatus,
160 1757 249 1818 Cosri
268 1755 317 1818 vel
338 1755 453 1829 Cosani,
476 1756 562 1840 quasi
582 1755 664 1816 dicas
685 1754 847 1838 disputatio
867 1755 1018 1818 Cosnrica.
1058 1756 1122 1818 Ve⁴

47 1843 89 1899 nit
106 1840 229 1901 tandem
248 1861 359 1901 nomen
384 1839 475 1900 huius
494 1839 591 1922 gentis
606 1837 679 1899 olim
699 1858 718 1897 a
738 1839 915 1899 fortitudine
948 1839 1065 1900 celebre
1089 1841 1121 1900 in

45 1917 263 1984 latrociniorum
278 1923 453 2002 infamiam,
475 1931 509 1981 ut
529 1919 659 1982 latrones
680 1931 710 1981 et
741 1922 841 1982 sicarii
862 1918 1035 2001 Χοσιᾰριοι
1057 1921 1122 1982 lire-

45 2006 98 2065 rint
117 2004 283 2088 appellati,
305 2007 329 2066 si
351 2005 441 2066 modo
464 2019 573 2065 nomen
595 2003 653 2065 hoe
674 2003 847 2064 aChoznris
866 2007 1121 2088 recterepetitur,

45 2113 70 2162 et
92 2125 151 2164 non
170 2105 275 2187 potius
294 2099 334 2164 ab
355 2091 464 2191 ,lu-5,
483 2101 665 2178 denudatoi,
684 2103 846 2188 spoliator,
869 2117 1008 2178 amantor,
1030 2114 1083 2168 aut
1103 2124 1123 2163 a

44 2195 136 2298 ((33,
148 2205 305 2370 derepente
318 2205 453 2304 opprime
468 2247 477 2280 ,
498 2201 694 2300 repetendum
715 2205 774 2278 sit3
797 2222 828 2300 u.
841 2203 893 2300 Dn
903 2203 1004 2285 Gange
1012 2226 1045 2264 v.
1054 2202 1123 2266 Xo-

44 2283 759 2430 lldlmfilllllll'labllllmffl
776 2285 929 2428 idm
946 2287 1122 2431 iiiiii}

676 2417 684 2434 .
842 2389 946 2450 quoqu
1011 2392 1028 2431 a

43 2451 193 2514 allichow
216 2451 414 2514 deSnrm'ntia
434 2461 561 2532 utraque
583 2471 614 2532 p.
628 2447 715 2534 457„
736 2453 788 2532 qui
809 2451 935 2532 insignis
958 2463 1003 2512 eet
1022 2453 1118 2525 locus,

45 2531 70 2592 lu
89 2536 184 2616 speeie
204 2538 252 2596 nit
268 2555 363 2596 novos
373 2535 502 2595 Graecos
522 2555 572 2594 eas
592 2545 695 2615 gentes
713 2531 885 2614 Abgawna
906 2544 937 2593 et
957 2534 1121 2614 Atgazeloe

44 2638 200 2714 nominare.
248 2633 380 2694 Soranzo
399 2655 431 2714 p.
445 2631 497 2712 34.
527 2631 577 2694 ed.
600 2633 774 2714 Conringii,
790 2601 858 2719 »3,
875 2637 954 2718 5⁵³³
973 2643 1018 2692 est
1037 2638 1122 2695 mare'

44 2713 189 2799 Caspium,
213 2716 306 2779 hodie
325 2715 348 2776 il
368 2717 484 2777 mardi
504 2717 614 2776 bacon.
638 2712 857 2799 ExAddemt]

118 2801 154 2861 B.
171 2801 204 2861 3.
228 2799 317 2884 [576.
339 2797 399 2883 ro]
411 2796 546 2860 σωλέαν.
569 2799 651 2880 Ergo
672 2800 763 2857 etium
782 2809 866 2858 extra
886 2795 1041 2858 eeclesiam
1056 2809 1122 2858 erat

43 2879 137 2957 solea,
158 2881 410 2966 quandoquidem
438 2881 488 2942 hic
513 2880 571 2942 loci
592 2881 673 2942 solea
692 2879 816 2942 triclinii
834 2881 1019 2963 Magnanrne
1037 2901 1122 2942 oom-

41 2974 233 3105 ssplmoratur.
284 2967 333 3028 De
363 2963 445 3026 soles
475 2963 570 3026 lirsius
599 2966 644 3047 egi
674 2963 714 3023 ad
747 2975 838 3046 caput
872 2965 1004 3047 primurn
1029 2962 1121 3024 liuius

92 3069 154 3108 icis.
178 3107 181 3114 ,
614 3111 616 3119 ,
734 3105 739 3114 .
872 3108 875 3114 ,

115 3131 147 3196 Β.
163 3116 196 3210 4.
221 3127 310 3214 [576,
330 3125 392 3213 ιι.]
427 3126 686 3210 πρασίνορόδινα.
728 3121 835 3190 Vestes
852 3131 896 3190 sie
916 3128 1011 3189 dictas
1033 3151 1049 3188 a
1070 3150 1121 3210 ge-

41 3212 114 3273 mino
134 3213 254 3292 colore,
268 3215 389 3295 prasino
403 3223 434 3272 et
453 3230 552 3289 roseo,
567 3223 698 3288 constnt;
718 3211 871 3294 quomodo
885 3224 986 3273 autem
1007 3210 1039 3271 bi
1060 3211 1122 3272 dud

41 3291 147 3358 colores
179 3296 269 3358 mixti
302 3308 356 3356 sut
376 3295 513 3377 dispositi
545 3295 657 3356 suerint
686 3296 716 3354 ln
744 3294 798 3355 teli
818 3317 939 3376 panno,
965 3315 1026 3355 non
1047 3297 1121 3354 item

43 3391 161 3440 coastat.
206 3380 381 3440 Potuerunt
414 3381 494 3439 enirn
514 3379 599 3438 mixti
620 3391 650 3438 et
671 3379 701 3438 in
721 3379 867 3456 maculis,
888 3378 974 3452 talis,
995 3377 1122 3438 orbibus

43 3457 136 3524 aliisve
156 3461 267 3547 liguris
298 3464 392 3546 sparsi
415 3483 469 3543 per
487 3471 587 3522 totum·
617 3481 750 3543 pannum
769 3461 880 3533 fnisse,
902 3472 939 3520 ut
959 3459 1070 3520 fundus
1091 3481 1121 3520 e.

43 3556 65 3600 t·
85 3565 204 3620 roseus,
227 3544 368 3607 maculae
386 3555 487 3606 autem
507 3544 619 3605 virides
638 3555 755 3617 essent,
777 3554 830 3604 aut
849 3554 1013 3626 potuerunt
1033 3544 1124 3604 striae

43 3641 134 3689 roseae
163 3639 196 3690 et
226 3629 366 3711 prasinae
389 3649 450 3710 ¹per
474 3629 556 3688 vices
576 3627 669 3688 ductu
698 3624 842 3708 parallelo
863 3647 923 3686 una
944 3625 1024 3706 apud
1046 3626 1122 3686 alte-

43 3725 100 3770 ram
118 3711 314 3788 decurrisse3
343 3712 396 3772 ant
424 3707 554 3792 denique
583 3714 682 3792 potuit
704 3731 765 3770 una
795 3709 920 3772 dimidia
943 3710 1034 3769 vestis
1044 3712 1124 3791 'pars

43 3797 97 3850 tota
117 3815 204 3856 rosea
228 3792 332 3856 colore
354 3815 416 3854 non
436 3797 554 3866 mixto,
577 3805 608 3854 et
629 3793 723 3854 altera
743 3794 814 3853 item
836 3801 900 3853 tota
930 3793 1051 3873 prasina
1073 3793 1122 3851 ln-

43 3869 110 3955 bse3
140 3875 406 3960 quemadmodum
436 3875 526 3937 hodie
555 3899 583 3937 e.
615 3897 642 3936 c.
677 3873 806 3958 orphani
830 3879 860 3936 in
882 3874 1009 3935 urbibus
1029 3873 1123 3955 Belgii

42 3971 94 4016 una
114 3961 246 4022 dimidia
268 3961 403 4041 eorporis
425 3971 510 4040 perte
530 3957 658 4040 pullati,
683 3957 778 4019 altera
798 3958 936 4040 pyrrhati
955 3957 1005 4018 vel
1036 3956 1123 4017 rubri

42 4044 225 4117 procedunt,
254 4046 361 4104 autin
382 4041 562 4125 quibusdam
584 4040 712 4102 urbibus
732 4041 933 4116 Germaniae,
954 4041 1035 4122 quod
1059 4043 1125 4122 ipse'

43 4123 116 4201 vidi,
149 4146 321 4209 praecones
341 4127 373 4184 in
393 4125 605 4186 certaminibus
625 4121 841 4184 arcubalistiois
864 4123 1124 4204 (Vogebelriersen)

42 4204 155 4279 pallium
177 4218 294 4291 gerunt
316 4229 377 4268 nnn
398 4219 482 4290 parte
508 4207 631 4269 dimidia
653 4205 785 4284 brunei,
809 4205 904 4266 altera
922 4208 1019 4266 crocei
1039 4203 1126 4263 colo-⁴

41 4288 85 4348 risa
125 4293 237 4355 Vestes
263 4289 339 4352 tales
355 4293 486 4375 pastitae
508 4301 539 4352 et
558 4291 673 4352 diuisor
694 4291 746 4374 (ita
768 4287 980 4374 appellabant),
1001 4288 1059 4349 hoe
1078 4274 1127 4346 eal
