<?xml version="1.0" encoding="UTF-8"?>
<!DOCTYPE html PUBLIC "-//W3C//DTD XHTML 1.0 Transitional//EN"
    "http://www.w3.org/TR/xhtml1/DTD/xhtml1-transitional.dtd">
<html xmlns="http://www.w3.org/1999/xhtml" xml:lang="en" lang="en">
 <head>
  <title>
</title>
<meta http-equiv="Content-Type" content="text/html;charset=utf-8" />
  <meta name='ocr-system' content='tesseract 3.04.00' />
  <meta name='ocr-capabilities' content='ocr_page ocr_carea ocr_par ocr_line ocrx_word'/>
</head>
<body>
  <div class='ocr_page' id='page_1' title='image "./corpusscriptoru45theogoog_0120.png"; bbox 0 0 2975 4892; ppageno 0'>
   <div class='ocr_carea' id='block_1_1' title="bbox 164 343 1188 414">
    <p class='ocr_par' dir='ltr' id='par_1_1' title="bbox 164 343 1188 414">
     <span class='ocr_line' id='line_1_1' title="bbox 164 343 1188 414; baseline -0.005 -2"><span class='ocrx_word' id='word_1_1' title='bbox 164 347 225 412; x_wconf 80' lang='grc' dir='ltr'><strong>ΑΙ)</strong></span> <span class='ocrx_word' id='word_1_2' title='bbox 253 344 478 414; x_wconf 62' lang='lat' dir='ltr'><strong>cossim.</strong></span> <span class='ocrx_word' id='word_1_3' title='bbox 509 345 658 414; x_wconf 71' lang='lat' dir='ltr'><strong>tonan.</strong></span> <span class='ocrx_word' id='word_1_4' title='bbox 685 349 741 412; x_wconf 81' lang='lat' dir='ltr'><strong>DE</strong></span> <span class='ocrx_word' id='word_1_5' title='bbox 769 343 909 414; x_wconf 73' lang='lat' dir='ltr'><strong>cmm.</strong></span> <span class='ocrx_word' id='word_1_6' title='bbox 939 347 1015 414; x_wconf 73' lang='lat' dir='ltr'><strong>llil.</strong></span> <span class='ocrx_word' id='word_1_7' title='bbox 1042 351 1070 414; x_wconf 90' lang='grc' dir='ltr'><strong>Ι.</strong></span> <span class='ocrx_word' id='word_1_8' title='bbox 1113 353 1188 408; x_wconf 82' lang='lat' dir='ltr'><strong>tra</strong></span> 
     </span>
    </p>
   </div>
   <div class='ocr_carea' id='block_1_2' title="bbox 30 499 1198 1086">
    <p class='ocr_par' dir='ltr' id='par_1_2' title="bbox 185 499 1193 588">
     <span class='ocr_line' id='line_1_2' title="bbox 185 499 1193 588; baseline 0.006 -28"><span class='ocrx_word' id='word_1_9' title='bbox 185 501 287 562; x_wconf 82' lang='lat' dir='ltr'><strong>Forte</strong></span> <span class='ocrx_word' id='word_1_10' title='bbox 308 503 506 560; x_wconf 84' lang='lat' dir='ltr'><strong>mutatorium</strong></span> <span class='ocrx_word' id='word_1_11' title='bbox 530 499 704 584; x_wconf 82' lang='lat' dir='ltr'><strong>simpliciter</strong></span> <span class='ocrx_word' id='word_1_12' title='bbox 721 501 765 562; x_wconf 82' lang='lat' dir='ltr'><strong>aie</strong></span> <span class='ocrx_word' id='word_1_13' title='bbox 790 499 908 562; x_wconf 82' lang='lat' dir='ltr'><strong>dictum</strong></span> <span class='ocrx_word' id='word_1_14' title='bbox 928 513 993 563; x_wconf 80' lang='lat' dir='ltr'><strong>erat</strong></span> <span class='ocrx_word' id='word_1_15' title='bbox 1015 505 1046 564; x_wconf 92' lang='lat' dir='ltr'><strong>in</strong></span> <span class='ocrx_word' id='word_1_16' title='bbox 1066 501 1193 588; x_wconf 73' lang='lat' dir='ltr'><strong>cyolio,</strong></span> 
     </span>
    </p>

    <p class='ocr_par' dir='ltr' id='par_1_3' title="bbox 30 583 1198 1086">
     <span class='ocr_line' id='line_1_3' title="bbox 109 583 1196 668; baseline 0.005 -25"><span class='ocrx_word' id='word_1_17' title='bbox 109 603 156 643; x_wconf 85' lang='lat' dir='ltr'><strong>seu</strong></span> <span class='ocrx_word' id='word_1_18' title='bbox 176 587 302 644; x_wconf 87' lang='lat' dir='ltr'><strong>minore</strong></span> <span class='ocrx_word' id='word_1_19' title='bbox 323 584 439 644; x_wconf 84' lang='lat' dir='ltr'><strong>concha</strong></span> <span class='ocrx_word' id='word_1_20' title='bbox 462 583 579 666; x_wconf 84' lang='lat' dir='ltr'><strong>Apsidis</strong></span> <span class='ocrx_word' id='word_1_21' title='bbox 603 595 633 645; x_wconf 89' lang='lat' dir='ltr'><strong>et</strong></span> <span class='ocrx_word' id='word_1_22' title='bbox 654 583 801 660; x_wconf 79' lang='lat' dir='ltr'><strong>australi,</strong></span> <span class='ocrx_word' id='word_1_23' title='bbox 828 595 921 668; x_wconf 87' lang='lat' dir='ltr'><strong>atque</strong></span> <span class='ocrx_word' id='word_1_24' title='bbox 938 586 970 647; x_wconf 88' lang='lat' dir='ltr'><strong>id</strong></span> <span class='ocrx_word' id='word_1_25' title='bbox 991 587 1196 649; x_wconf 81' lang='lat' dir='ltr'><strong>sacerdotibus</strong></span> 
     </span>
     <span class='ocr_line' id='line_1_4' title="bbox 30 665 1196 753; baseline 0.005 -27"><span class='ocrx_word' id='word_1_26' title='bbox 30 689 31 700; x_wconf 57' lang='lat'>¹</span> <span class='ocrx_word' id='word_1_27' title='bbox 107 669 288 750; x_wconf 78' lang='lat' dir='ltr'><strong>proprium3</strong></span> <span class='ocrx_word' id='word_1_28' title='bbox 312 665 395 726; x_wconf 88' lang='lat' dir='ltr'><strong>aliud</strong></span> <span class='ocrx_word' id='word_1_29' title='bbox 420 667 612 728; x_wconf 83' lang='lat' dir='ltr'><strong>metatoriam</strong></span> <span class='ocrx_word' id='word_1_30' title='bbox 633 675 734 730; x_wconf 86' lang='lat' dir='ltr'><strong>antem</strong></span> <span class='ocrx_word' id='word_1_31' title='bbox 759 669 958 750; x_wconf 87' lang='lat' dir='ltr'><strong>imperatori,</strong></span> <span class='ocrx_word' id='word_1_32' title='bbox 980 681 1034 730; x_wconf 88' lang='lat' dir='ltr'><strong>aut</strong></span> <span class='ocrx_word' id='word_1_33' title='bbox 1049 682 1079 730; x_wconf 82' lang='lat' dir='ltr'><strong>et</strong></span> <span class='ocrx_word' id='word_1_34' title='bbox 1094 691 1196 753; x_wconf 74' lang='lat' dir='ltr'><strong>proco</strong></span> 
     </span>
     <span class='ocr_line' id='line_1_5' title="bbox 108 751 1194 832; baseline 0.005 -22"><span class='ocrx_word' id='word_1_35' title='bbox 108 752 187 810; x_wconf 85' lang='lat' dir='ltr'><strong>ribus</strong></span> <span class='ocrx_word' id='word_1_36' title='bbox 215 751 376 832; x_wconf 86' lang='lat' dir='ltr'><strong>proprium</strong></span> <span class='ocrx_word' id='word_1_37' title='bbox 404 771 494 832; x_wconf 73' lang='lat' dir='ltr'><strong>supra</strong></span> <span class='ocrx_word' id='word_1_38' title='bbox 520 751 709 812; x_wconf 87' lang='lat' dir='ltr'><strong>Nartheoem.</strong></span> <span class='ocrx_word' id='word_1_39' title='bbox 752 751 823 828; x_wconf 78' lang='lat' dir='ltr'><strong>Qua</strong></span> <span class='ocrx_word' id='word_1_40' title='bbox 850 751 890 812; x_wconf 91' lang='lat' dir='ltr'><strong>de</strong></span> <span class='ocrx_word' id='word_1_41' title='bbox 913 772 947 812; x_wconf 79' lang='lat' dir='ltr'><strong>re</strong></span> <span class='ocrx_word' id='word_1_42' title='bbox 970 753 1105 814; x_wconf 73' lang='lat' dir='ltr'><strong>viderint</strong></span> <span class='ocrx_word' id='word_1_43' title='bbox 1129 753 1194 815; x_wconf 85' lang='lat' dir='ltr'><strong>alii.</strong></span> 
     </span>
     <span class='ocr_line' id='line_1_6' title="bbox 108 833 1197 915; baseline 0.006 -22"><span class='ocrx_word' id='word_1_44' title='bbox 108 834 219 894; x_wconf 82' lang='lat' dir='ltr'>Debuit</span> <span class='ocrx_word' id='word_1_45' title='bbox 241 833 438 894; x_wconf 80' lang='lat' dir='ltr'><strong>bletatorium</strong></span> <span class='ocrx_word' id='word_1_46' title='bbox 456 833 609 915; x_wconf 85' lang='lat' dir='ltr'><strong>duplicem</strong></span> <span class='ocrx_word' id='word_1_47' title='bbox 627 834 743 894; x_wconf 87' lang='lat' dir='ltr'><strong>aditum</strong></span> <span class='ocrx_word' id='word_1_48' title='bbox 764 833 924 913; x_wconf 73' lang='lat' dir='ltr'><strong>babuisse3</strong></span> <span class='ocrx_word' id='word_1_49' title='bbox 944 857 1044 895; x_wconf 88' lang='lat' dir='ltr'><strong>nmrm</strong></span> <span class='ocrx_word' id='word_1_50' title='bbox 1064 837 1197 900; x_wconf 74' lang='lat' dir='ltr'><strong>orienta⁴</strong></span> 
     </span>
     <span class='ocr_line' id='line_1_7' title="bbox 107 915 1197 1002; baseline 0.007 -26"><span class='ocrx_word' id='word_1_51' title='bbox 107 915 180 992; x_wconf 85' lang='lat' dir='ltr'><strong>lem,</strong></span> <span class='ocrx_word' id='word_1_52' title='bbox 211 939 231 978; x_wconf 87' lang='lat' dir='ltr'><strong>e</strong></span> <span class='ocrx_word' id='word_1_53' title='bbox 250 915 376 998; x_wconf 84' lang='lat' dir='ltr'><strong>Cyelio‚</strong></span> <span class='ocrx_word' id='word_1_54' title='bbox 397 937 451 1000; x_wconf 92' lang='lat' dir='ltr'><strong>per</strong></span> <span class='ocrx_word' id='word_1_55' title='bbox 472 939 562 999; x_wconf 89' lang='lat' dir='ltr'><strong>quem</strong></span> <span class='ocrx_word' id='word_1_56' title='bbox 582 919 706 978; x_wconf 83' lang='lat' dir='ltr'><strong>veniens</strong></span> <span class='ocrx_word' id='word_1_57' title='bbox 726 939 743 980; x_wconf 91' lang='lat' dir='ltr'><strong>e</strong></span> <span class='ocrx_word' id='word_1_58' title='bbox 760 917 901 979; x_wconf 87' lang='lat' dir='ltr'><strong>Tribuna</strong></span> <span class='ocrx_word' id='word_1_59' title='bbox 920 919 1091 1002; x_wconf 77' lang='lat' dir='ltr'>Imperator</span> <span class='ocrx_word' id='word_1_60' title='bbox 1103 931 1197 984; x_wconf 72' lang='lat' dir='ltr'><strong>nans·</strong></span> 
     </span>
     <span class='ocr_line' id='line_1_8' title="bbox 105 999 1198 1086; baseline 0.005 -28"><span class='ocrx_word' id='word_1_61' title='bbox 105 1003 191 1060; x_wconf 82' lang='lat' dir='ltr'><strong>misso</strong></span> <span class='ocrx_word' id='word_1_62' title='bbox 212 999 322 1083; x_wconf 81' lang='lat' dir='ltr'><strong>Cyclio</strong></span> <span class='ocrx_word' id='word_1_63' title='bbox 339 1000 493 1080; x_wconf 81' lang='lat' dir='ltr'><strong>intrabat3</strong></span> <span class='ocrx_word' id='word_1_64' title='bbox 514 1000 643 1062; x_wconf 83' lang='lat' dir='ltr'><strong>alterurn</strong></span> <span class='ocrx_word' id='word_1_65' title='bbox 660 999 899 1076; x_wconf 84' lang='lat' dir='ltr'><strong>occidentalem,</strong></span> <span class='ocrx_word' id='word_1_66' title='bbox 989 1023 1081 1086; x_wconf 85' lang='lat' dir='ltr'><strong>quern</strong></span> <span class='ocrx_word' id='word_1_67' title='bbox 1096 1003 1198 1064; x_wconf 63' lang='lat' dir='ltr'><strong>ellan</strong></span> 
     </span>
    </p>
   </div>
   <div class='ocr_carea' id='block_1_3' title="bbox 107 1083 1200 3330">
    <p class='ocr_par' dir='ltr' id='par_1_4' title="bbox 107 1083 1200 3330">
     <span class='ocr_line' id='line_1_9' title="bbox 107 1083 1198 1148; baseline 0.005 -6"><span class='ocrx_word' id='word_1_68' title='bbox 107 1083 188 1144; x_wconf 76' lang='lat' dir='ltr'><strong>thece</strong></span> <span class='ocrx_word' id='word_1_69' title='bbox 211 1097 245 1144; x_wconf 86' lang='lat' dir='ltr'><strong>et</strong></span> <span class='ocrx_word' id='word_1_70' title='bbox 266 1083 334 1143; x_wconf 84' lang='lat' dir='ltr'><strong>Nau</strong></span> <span class='ocrx_word' id='word_1_71' title='bbox 354 1086 477 1145; x_wconf 78' lang='lat' dir='ltr'><strong>veniens</strong></span> <span class='ocrx_word' id='word_1_72' title='bbox 502 1084 645 1146; x_wconf 85' lang='lat' dir='ltr'><strong>intrabat.</strong></span> <span class='ocrx_word' id='word_1_73' title='bbox 688 1085 777 1146; x_wconf 88' lang='lat' dir='ltr'><strong>Patet</strong></span> <span class='ocrx_word' id='word_1_74' title='bbox 806 1107 842 1146; x_wconf 85' lang='lat' dir='ltr'><strong>ex</strong></span> <span class='ocrx_word' id='word_1_75' title='bbox 966 1107 1008 1146; x_wconf 88' lang='lat' dir='ltr'><strong>no</strong></span> <span class='ocrx_word' id='word_1_76' title='bbox 1039 1087 1070 1147; x_wconf 90' lang='lat' dir='ltr'><strong>in</strong></span> <span class='ocrx_word' id='word_1_77' title='bbox 1093 1087 1198 1148; x_wconf 80' lang='lat' dir='ltr'><strong>Leone</strong></span> 
     </span>
     <span class='ocr_line' id='line_1_10' title="bbox 108 1157 1198 1270; baseline 0.004 -44"><span class='ocrx_word' id='word_1_78' title='bbox 108 1165 306 1270; x_wconf 84' lang='lat' dir='ltr'><strong>Philosopbo:</strong></span> <span class='ocrx_word' id='word_1_79' title='bbox 329 1160 383 1226; x_wconf 78' lang='grc' dir='ltr'><strong>διὰ</strong></span> <span class='ocrx_word' id='word_1_80' title='bbox 402 1165 520 1246; x_wconf 78' lang='grc' dir='ltr'><strong><em>ταύτην</em></strong></span> <span class='ocrx_word' id='word_1_81' title='bbox 542 1157 599 1228; x_wconf 72' lang='grc' dir='ltr'><strong>οὖν</strong></span> <span class='ocrx_word' id='word_1_82' title='bbox 616 1161 674 1249; x_wconf 73' lang='grc' dir='ltr'><strong>τήν</strong></span> <span class='ocrx_word' id='word_1_83' title='bbox 690 1167 798 1230; x_wconf 76' lang='grc' dir='ltr'><strong><em>αἰτίαν</em></strong></span> <span class='ocrx_word' id='word_1_84' title='bbox 815 1159 832 1227; x_wconf 80' lang='grc' dir='ltr'>ὅ</span> <span class='ocrx_word' id='word_1_85' title='bbox 849 1162 969 1248; x_wconf 76' lang='grc' dir='ltr'><strong>πατριολ</strong></span> <span class='ocrx_word' id='word_1_86' title='bbox 989 1189 1052 1249; x_wconf 75' lang='grc' dir='ltr'><strong>χης</strong></span> <span class='ocrx_word' id='word_1_87' title='bbox 1074 1168 1121 1240; x_wconf 74' lang='grc' dir='ltr'><strong>εἰς</strong></span> <span class='ocrx_word' id='word_1_88' title='bbox 1136 1165 1198 1250; x_wconf 72' lang='grc' dir='ltr'><strong>τήν</strong></span> 
     </span>
     <span class='ocr_line' id='line_1_11' title="bbox 109 1245 1197 1330; baseline 0.004 -22"><span class='ocrx_word' id='word_1_89' title='bbox 109 1248 271 1330; x_wconf 65' lang='grc' dir='ltr'><strong>ἐικλιχσιιιν</strong></span> <span class='ocrx_word' id='word_1_90' title='bbox 302 1246 503 1326; x_wconf 75' lang='grc' dir='ltr'><strong><em>εἰσέρχεσθαι</em></strong></span> <span class='ocrx_word' id='word_1_91' title='bbox 535 1245 654 1312; x_wconf 75' lang='grc' dir='ltr'><strong>ἐκώλυε</strong></span> <span class='ocrx_word' id='word_1_92' title='bbox 673 1245 728 1311; x_wconf 77' lang='grc' dir='ltr'><strong>τὸν</strong></span> <span class='ocrx_word' id='word_1_93' title='bbox 754 1249 899 1330; x_wconf 77' lang='grc' dir='ltr'><strong>βασιλέα.</strong></span> <span class='ocrx_word' id='word_1_94' title='bbox 930 1245 946 1270; x_wconf 77' lang='grc'><strong>“’</strong></span> <span class='ocrx_word' id='word_1_95' title='bbox 1011 1273 1029 1312; x_wconf 85' lang='grc' dir='ltr'><em>ν</em></span> <span class='ocrx_word' id='word_1_96' title='bbox 1058 1247 1113 1312; x_wconf 77' lang='grc' dir='ltr'><strong>διὰ</strong></span> <span class='ocrx_word' id='word_1_97' title='bbox 1137 1251 1197 1312; x_wconf 77' lang='grc' dir='ltr'><strong>τοῦ</strong></span> 
     </span>
     <span class='ocr_line' id='line_1_12' title="bbox 109 1325 1196 1414; baseline 0.008 -25"><span class='ocrx_word' id='word_1_98' title='bbox 109 1333 206 1404; x_wconf 72' lang='grc' dir='ltr'><strong><em>δεξιοῦ</em></strong></span> <span class='ocrx_word' id='word_1_99' title='bbox 226 1330 352 1413; x_wconf 80' lang='grc' dir='ltr'><em>μέρους</em></span> <span class='ocrx_word' id='word_1_100' title='bbox 370 1325 517 1411; x_wconf 72' lang='grc' dir='ltr'><strong><em>διήρχετο</em></strong></span> <span class='ocrx_word' id='word_1_101' title='bbox 535 1332 580 1406; x_wconf 79' lang='grc' dir='ltr'><strong>εἰς</strong></span> <span class='ocrx_word' id='word_1_102' title='bbox 597 1327 634 1394; x_wconf 76' lang='grc' dir='ltr'><strong>τό</strong></span> <span class='ocrx_word' id='word_1_103' title='bbox 657 1329 894 1414; x_wconf 76' lang='grc' dir='ltr'><strong><em>Μηταεόρισο,</em></strong></span> <span class='ocrx_word' id='word_1_104' title='bbox 928 1333 1061 1395; x_wconf 81' lang='lat' dir='ltr'><strong>devitata</strong></span> <span class='ocrx_word' id='word_1_105' title='bbox 1081 1335 1196 1398; x_wconf 84' lang='lat' dir='ltr'><strong>Tribu-</strong></span> 
     </span>
     <span class='ocr_line' id='line_1_13' title="bbox 110 1415 1193 1502; baseline 0.004 -28"><span class='ocrx_word' id='word_1_106' title='bbox 110 1435 159 1487; x_wconf 87' lang='lat' dir='ltr'><strong>na,</strong></span> <span class='ocrx_word' id='word_1_107' title='bbox 180 1437 287 1498; x_wconf 85' lang='lat' dir='ltr'><strong>eaque</strong></span> <span class='ocrx_word' id='word_1_108' title='bbox 306 1415 509 1476; x_wconf 83' lang='lat' dir='ltr'><strong>non&#39;ealcata.</strong></span> <span class='ocrx_word' id='word_1_109' title='bbox 552 1417 588 1476; x_wconf 94' lang='lat' dir='ltr'><strong>ln</strong></span> <span class='ocrx_word' id='word_1_110' title='bbox 604 1417 767 1478; x_wconf 86' lang='lat' dir='ltr'><strong>Metatorio</strong></span> <span class='ocrx_word' id='word_1_111' title='bbox 788 1415 940 1478; x_wconf 82' lang='lat' dir='ltr'><strong>celebrata</strong></span> <span class='ocrx_word' id='word_1_112' title='bbox 954 1418 1047 1478; x_wconf 75' lang='lat' dir='ltr'><strong>fuisse</strong></span> <span class='ocrx_word' id='word_1_113' title='bbox 1063 1417 1104 1478; x_wconf 91' lang='lat' dir='ltr'><strong>ab</strong></span> <span class='ocrx_word' id='word_1_114' title='bbox 1115 1419 1193 1502; x_wconf 87' lang='lat' dir='ltr'><strong>lmp.</strong></span> 
     </span>
     <span class='ocr_line' id='line_1_14' title="bbox 109 1499 1195 1584; baseline 0.006 -27"><span class='ocrx_word' id='word_1_115' title='bbox 109 1501 241 1560; x_wconf 74' lang='lat' dir='ltr'><strong>mnrivia</strong></span> <span class='ocrx_word' id='word_1_116' title='bbox 271 1517 343 1558; x_wconf 87' lang='lat' dir='ltr'><strong>eum</strong></span> <span class='ocrx_word' id='word_1_117' title='bbox 363 1499 555 1578; x_wconf 83' lang='lat' dir='ltr'><strong>proceribus,</strong></span> <span class='ocrx_word' id='word_1_118' title='bbox 584 1499 734 1560; x_wconf 87' lang='lat' dir='ltr'><strong>eCodino</strong></span> <span class='ocrx_word' id='word_1_119' title='bbox 755 1509 857 1582; x_wconf 81' lang='lat' dir='ltr'><strong>patet,</strong></span> <span class='ocrx_word' id='word_1_120' title='bbox 886 1501 941 1584; x_wconf 88' lang='lat' dir='ltr'><strong>qui</strong></span> <span class='ocrx_word' id='word_1_121' title='bbox 960 1505 1156 1562; x_wconf 83' lang='lat' dir='ltr'><strong>metaton‘um</strong></span> <span class='ocrx_word' id='word_1_122' title='bbox 1173 1523 1195 1562; x_wconf 86' lang='lat' dir='ltr'><strong>a</strong></span> 
     </span>
     <span class='ocr_line' id='line_1_15' title="bbox 111 1579 1197 1668; baseline 0.006 -30"><span class='ocrx_word' id='word_1_123' title='bbox 111 1579 277 1642; x_wconf 84' lang='lat' dir='ltr'><strong>lastiniano</strong></span> <span class='ocrx_word' id='word_1_124' title='bbox 302 1581 460 1641; x_wconf 87' lang='lat' dir='ltr'><strong>excitatum</strong></span> <span class='ocrx_word' id='word_1_125' title='bbox 485 1583 612 1660; x_wconf 80' lang='lat' dir='ltr'>scribit,</span> <span class='ocrx_word' id='word_1_126' title='bbox 639 1579 811 1644; x_wconf 66' lang='lat' dir='ltr'><strong>froisclus</strong></span> <span class='ocrx_word' id='word_1_127' title='bbox 835 1582 1003 1668; x_wconf 71' lang='grc' dir='ltr'><strong>παραμένῃ</strong></span> <span class='ocrx_word' id='word_1_128' title='bbox 1030 1579 1110 1662; x_wconf 72' lang='grc' dir='ltr'><strong>μετὰ</strong></span> <span class='ocrx_word' id='word_1_129' title='bbox 1131 1583 1197 1646; x_wconf 72' lang='grc' dir='ltr'><strong>τῶν</strong></span> 
     </span>
     <span class='ocr_line' id='line_1_16' title="bbox 111 1659 1197 1749; baseline 0.007 -29"><span class='ocrx_word' id='word_1_130' title='bbox 111 1659 272 1742; x_wconf 56' lang='lat' dir='ltr'><strong>apponam</strong></span> <span class='ocrx_word' id='word_1_131' title='bbox 293 1659 472 1724; x_wconf 68' lang='grc' dir='ltr'><strong>αὐτοῦκαὶ</strong></span> <span class='ocrx_word' id='word_1_132' title='bbox 498 1660 649 1738; x_wconf 79' lang='grc' dir='ltr'><strong><em>πολλάκις</em></strong></span> <span class='ocrx_word' id='word_1_133' title='bbox 674 1660 778 1749; x_wconf 71' lang='grc' dir='ltr'><strong><em>ἐσθίῃ.</em></strong></span> <span class='ocrx_word' id='word_1_134' title='bbox 818 1665 900 1726; x_wconf 81' lang='lat' dir='ltr'><strong>Vide</strong></span> <span class='ocrx_word' id='word_1_135' title='bbox 990 1687 1008 1726; x_wconf 89' lang='lat' dir='ltr'><strong>e</strong></span> <span class='ocrx_word' id='word_1_136' title='bbox 1035 1666 1134 1728; x_wconf 86' lang='lat' dir='ltr'><strong>(licam</strong></span> <span class='ocrx_word' id='word_1_137' title='bbox 1156 1668 1197 1728; x_wconf 82' lang='lat' dir='ltr'><strong>ad</strong></span> 
     </span>
     <span class='ocr_line' id='line_1_17' title="bbox 114 1747 1198 1831; baseline 0.005 -24"><span class='ocrx_word' id='word_1_138' title='bbox 114 1747 260 1830; x_wconf 68' lang='lat' dir='ltr'><strong>stmp.</strong></span> <span class='ocrx_word' id='word_1_139' title='bbox 285 1768 334 1808; x_wconf 79' lang='lat' dir='ltr'><strong>rr.</strong></span> <span class='ocrx_word' id='word_1_140' title='bbox 356 1747 439 1808; x_wconf 90' lang='lat' dir='ltr'><strong>etad</strong></span> <span class='ocrx_word' id='word_1_141' title='bbox 455 1769 486 1831; x_wconf 92' lang='lat' dir='ltr'><strong>p.</strong></span> <span class='ocrx_word' id='word_1_142' title='bbox 505 1747 557 1826; x_wconf 73' lang='grc' dir='ltr'><strong>4ο.</strong></span> <span class='ocrx_word' id='word_1_143' title='bbox 581 1749 623 1808; x_wconf 91' lang='lat' dir='ltr'><strong>D.</strong></span> <span class='ocrx_word' id='word_1_144' title='bbox 647 1769 717 1822; x_wconf 84' lang='lat' dir='ltr'><strong>ro.‚</strong></span> <span class='ocrx_word' id='word_1_145' title='bbox 742 1747 797 1810; x_wconf 89' lang='lat' dir='ltr'><strong>ubi</strong></span> <span class='ocrx_word' id='word_1_146' title='bbox 813 1769 887 1808; x_wconf 87' lang='lat' dir='ltr'><strong>mon</strong></span> <span class='ocrx_word' id='word_1_147' title='bbox 999 1751 1088 1828; x_wconf 85' lang='lat' dir='ltr'><strong>,tria</strong></span> <span class='ocrx_word' id='word_1_148' title='bbox 1105 1749 1198 1812; x_wconf 82' lang='lat' dir='ltr'><strong>inisse</strong></span> 
     </span>
     <span class='ocr_line' id='line_1_18' title="bbox 112 1829 1198 1914; baseline 0.006 -26"><span class='ocrx_word' id='word_1_149' title='bbox 112 1829 286 1894; x_wconf 72' lang='lat' dir='ltr'><strong>ineeeleaia</strong></span> <span class='ocrx_word' id='word_1_150' title='bbox 304 1830 459 1907; x_wconf 84' lang='lat' dir='ltr'><strong>cubicula,</strong></span> <span class='ocrx_word' id='word_1_151' title='bbox 481 1831 585 1893; x_wconf 86' lang='lat' dir='ltr'><strong>usibus</strong></span> <span class='ocrx_word' id='word_1_152' title='bbox 606 1833 803 1914; x_wconf 86' lang='lat' dir='ltr'><strong>Imperatoris</strong></span> <span class='ocrx_word' id='word_1_153' title='bbox 825 1831 948 1906; x_wconf 77' lang='lat' dir='ltr'><strong>dinato,</strong></span> <span class='ocrx_word' id='word_1_154' title='bbox 979 1833 1142 1914; x_wconf 76' lang='lat' dir='ltr'><strong>contigua,</strong></span> <span class='ocrx_word' id='word_1_155' title='bbox 1166 1843 1198 1894; x_wconf 83' lang='lat' dir='ltr'><strong>et</strong></span> 
     </span>
     <span class='ocr_line' id='line_1_19' title="bbox 113 1913 1198 2000; baseline 0 -26"><span class='ocrx_word' id='word_1_156' title='bbox 113 1927 267 1995; x_wconf 83' lang='lat' dir='ltr'><strong>propterea</strong></span> <span class='ocrx_word' id='word_1_157' title='bbox 292 1935 379 2000; x_wconf 83' lang='lat' dir='ltr'>saepe</span> <span class='ocrx_word' id='word_1_158' title='bbox 401 1916 479 1975; x_wconf 89' lang='lat' dir='ltr'><strong>inter</strong></span> <span class='ocrx_word' id='word_1_159' title='bbox 500 1935 531 1976; x_wconf 88' lang='lat' dir='ltr'><strong>se</strong></span> <span class='ocrx_word' id='word_1_160' title='bbox 553 1915 700 1976; x_wconf 76' lang='lat' dir='ltr'><strong>confusa:</strong></span> <span class='ocrx_word' id='word_1_161' title='bbox 740 1914 765 1993; x_wconf 82' lang='lat' dir='ltr'><strong>r)</strong></span> <span class='ocrx_word' id='word_1_162' title='bbox 784 1913 973 1986; x_wconf 87' lang='lat' dir='ltr'><strong>triclinium,</strong></span> <span class='ocrx_word' id='word_1_163' title='bbox 1004 1915 1035 1974; x_wconf 92' lang='lat' dir='ltr'><strong>in</strong></span> <span class='ocrx_word' id='word_1_164' title='bbox 1054 1935 1116 1998; x_wconf 87' lang='lat' dir='ltr'><strong>quo</strong></span> <span class='ocrx_word' id='word_1_165' title='bbox 1135 1916 1198 1974; x_wconf 86' lang='lat' dir='ltr'><strong>lm·</strong></span> 
     </span>
     <span class='ocr_line' id='line_1_20' title="bbox 113 1997 1199 2082; baseline 0 -24"><span class='ocrx_word' id='word_1_166' title='bbox 113 2009 223 2075; x_wconf 82' lang='lat' dir='ltr'><strong>perator</strong></span> <span class='ocrx_word' id='word_1_167' title='bbox 252 2019 327 2058; x_wconf 84' lang='lat' dir='ltr'><strong>cum</strong></span> <span class='ocrx_word' id='word_1_168' title='bbox 360 1999 529 2082; x_wconf 86' lang='lat' dir='ltr'><strong>patriarcba</strong></span> <span class='ocrx_word' id='word_1_169' title='bbox 558 2009 589 2059; x_wconf 90' lang='lat' dir='ltr'><strong>et</strong></span> <span class='ocrx_word' id='word_1_170' title='bbox 617 1997 794 2080; x_wconf 78' lang='lat' dir='ltr'>proceribus</span> <span class='ocrx_word' id='word_1_171' title='bbox 817 1997 1060 2072; x_wconf 83' lang='lat' dir='ltr'><strong>convivabatur,</strong></span> <span class='ocrx_word' id='word_1_172' title='bbox 1097 2019 1116 2058; x_wconf 83' lang='lat' dir='ltr'><strong>e</strong></span> <span class='ocrx_word' id='word_1_173' title='bbox 1134 2019 1199 2080; x_wconf 78' lang='lat' dir='ltr'><strong>qm</strong></span> 
     </span>
     <span class='ocr_line' id='line_1_21' title="bbox 114 2081 1198 2160; baseline 0.001 -21"><span class='ocrx_word' id='word_1_174' title='bbox 114 2093 207 2142; x_wconf 81' lang='lat' dir='ltr'><strong>antes</strong></span> <span class='ocrx_word' id='word_1_175' title='bbox 226 2102 340 2142; x_wconf 80' lang='lat' dir='ltr'><strong>versus</strong></span> <span class='ocrx_word' id='word_1_176' title='bbox 367 2082 512 2142; x_wconf 79' lang='lat' dir='ltr'><strong>orientem</strong></span> <span class='ocrx_word' id='word_1_177' title='bbox 538 2081 692 2142; x_wconf 83' lang='lat' dir='ltr'><strong>intrabant</strong></span> <span class='ocrx_word' id='word_1_178' title='bbox 713 2083 744 2144; x_wconf 88' lang='lat' dir='ltr'><strong>in</strong></span> <span class='ocrx_word' id='word_1_179' title='bbox 761 2083 796 2158; x_wconf 65' lang='grc' dir='ltr'><strong>Δ)</strong></span> <span class='ocrx_word' id='word_1_180' title='bbox 816 2083 1032 2160; x_wconf 83' lang='lat' dir='ltr'><strong>metatoriam,</strong></span> <span class='ocrx_word' id='word_1_181' title='bbox 1061 2081 1117 2142; x_wconf 90' lang='lat' dir='ltr'><strong>nbi</strong></span> <span class='ocrx_word' id='word_1_182' title='bbox 1133 2081 1198 2141; x_wconf 78' lang='lat' dir='ltr'><strong>lm-</strong></span> 
     </span>
     <span class='ocr_line' id='line_1_22' title="bbox 114 2163 1198 2242; baseline 0 -16"><span class='ocrx_word' id='word_1_183' title='bbox 114 2177 255 2242; x_wconf 63' lang='lat' dir='ltr'><strong>pnetoroe</strong></span> <span class='ocrx_word' id='word_1_184' title='bbox 290 2165 441 2226; x_wconf 81' lang='lat' dir='ltr'><strong>vacabant</strong></span> <span class='ocrx_word' id='word_1_185' title='bbox 465 2175 519 2225; x_wconf 88' lang='lat' dir='ltr'><strong>aut</strong></span> <span class='ocrx_word' id='word_1_186' title='bbox 542 2163 729 2226; x_wconf 77' lang='lat' dir='ltr'><strong>meditationi</strong></span> <span class='ocrx_word' id='word_1_187' title='bbox 754 2163 925 2240; x_wconf 78' lang='lat' dir='ltr'><strong>solitariae,</strong></span> <span class='ocrx_word' id='word_1_188' title='bbox 958 2175 1013 2225; x_wconf 87' lang='lat' dir='ltr'><strong>aut</strong></span> <span class='ocrx_word' id='word_1_189' title='bbox 1031 2165 1198 2226; x_wconf 76' lang='lat' dir='ltr'><strong>audiebant</strong></span> 
     </span>
     <span class='ocr_line' id='line_1_23' title="bbox 114 2245 1199 2330; baseline 0.003 -23"><span class='ocrx_word' id='word_1_190' title='bbox 114 2245 283 2309; x_wconf 73' lang='lat' dir='ltr'><strong>didascalias</strong></span> <span class='ocrx_word' id='word_1_191' title='bbox 302 2247 441 2330; x_wconf 85' lang='lat' dir='ltr'><strong>publioas</strong></span> <span class='ocrx_word' id='word_1_192' title='bbox 461 2269 496 2308; x_wconf 88' lang='lat' dir='ltr'><strong>ex</strong></span> <span class='ocrx_word' id='word_1_193' title='bbox 517 2247 646 2310; x_wconf 90' lang='lat' dir='ltr'><strong>ambone</strong></span> <span class='ocrx_word' id='word_1_194' title='bbox 669 2251 830 2324; x_wconf 85' lang='lat' dir='ltr'><strong>recitatas,</strong></span> <span class='ocrx_word' id='word_1_195' title='bbox 863 2259 918 2310; x_wconf 90' lang='lat' dir='ltr'><strong>ant</strong></span> <span class='ocrx_word' id='word_1_196' title='bbox 943 2245 1065 2310; x_wconf 82' lang='lat' dir='ltr'><strong>leetioni</strong></span> <span class='ocrx_word' id='word_1_197' title='bbox 1094 2269 1199 2310; x_wconf 88' lang='lat' dir='ltr'><strong>sacro·</strong></span> 
     </span>
     <span class='ocr_line' id='line_1_24' title="bbox 117 2329 1198 2415; baseline 0.005 -26"><span class='ocrx_word' id='word_1_198' title='bbox 117 2347 176 2388; x_wconf 81' lang='lat' dir='ltr'><strong>run</strong></span> <span class='ocrx_word' id='word_1_199' title='bbox 192 2329 344 2391; x_wconf 85' lang='lat' dir='ltr'><strong>librorum</strong></span> <span class='ocrx_word' id='word_1_200' title='bbox 364 2351 451 2392; x_wconf 87' lang='lat' dir='ltr'><strong>aures</strong></span> <span class='ocrx_word' id='word_1_201' title='bbox 474 2331 598 2392; x_wconf 85' lang='lat' dir='ltr'><strong>dabant.</strong></span> <span class='ocrx_word' id='word_1_202' title='bbox 640 2333 687 2394; x_wconf 82' lang='lat' dir='ltr'><strong>Er</strong></span> <span class='ocrx_word' id='word_1_203' title='bbox 711 2332 770 2393; x_wconf 88' lang='lat' dir='ltr'><strong>hoc</strong></span> <span class='ocrx_word' id='word_1_204' title='bbox 790 2329 922 2415; x_wconf 82' lang='lat' dir='ltr'><strong>denique</strong></span> <span class='ocrx_word' id='word_1_205' title='bbox 937 2331 1068 2392; x_wconf 83' lang='lat' dir='ltr'><strong>ulterius</strong></span> <span class='ocrx_word' id='word_1_206' title='bbox 1089 2353 1198 2394; x_wconf 78' lang='lat' dir='ltr'><strong>austu</strong></span> 
     </span>
     <span class='ocr_line' id='line_1_25' title="bbox 122 2413 1198 2496; baseline 0.005 -23"><span class='ocrx_word' id='word_1_207' title='bbox 122 2413 250 2474; x_wconf 67' lang='lat' dir='ltr'><strong>odeabm</strong></span> <span class='ocrx_word' id='word_1_208' title='bbox 278 2413 470 2496; x_wconf 85' lang='lat' dir='ltr'><strong>procedendo</strong></span> <span class='ocrx_word' id='word_1_209' title='bbox 497 2415 598 2476; x_wconf 78' lang='lat' dir='ltr'><strong>ibatur</strong></span> <span class='ocrx_word' id='word_1_210' title='bbox 624 2416 654 2496; x_wconf 77' lang='lat'><strong>3)</strong></span> <span class='ocrx_word' id='word_1_211' title='bbox 676 2416 709 2476; x_wconf 92' lang='lat' dir='ltr'><strong>in</strong></span> <span class='ocrx_word' id='word_1_212' title='bbox 734 2416 920 2490; x_wconf 54' lang='lat' dir='ltr'><strong>Cononem,</strong></span> <span class='ocrx_word' id='word_1_213' title='bbox 953 2416 1009 2476; x_wconf 87' lang='lat' dir='ltr'><strong>nbi</strong></span> <span class='ocrx_word' id='word_1_214' title='bbox 1037 2414 1198 2496; x_wconf 78' lang='lat' dir='ltr'><strong>probabile</strong></span> 
     </span>
     <span class='ocr_line' id='line_1_26' title="bbox 122 2498 1199 2580; baseline 0.006 -28"><span class='ocrx_word' id='word_1_215' title='bbox 122 2505 176 2564; x_wconf 82' lang='lat' dir='ltr'><strong>est,</strong></span> <span class='ocrx_word' id='word_1_216' title='bbox 198 2499 414 2580; x_wconf 84' lang='lat' dir='ltr'><strong>imperatorem</strong></span> <span class='ocrx_word' id='word_1_217' title='bbox 435 2499 576 2558; x_wconf 84' lang='lat' dir='ltr'><strong>vestitum</strong></span> <span class='ocrx_word' id='word_1_218' title='bbox 592 2503 647 2559; x_wconf 87' lang='lat' dir='ltr'><strong>aut</strong></span> <span class='ocrx_word' id='word_1_219' title='bbox 665 2507 807 2580; x_wconf 88' lang='lat' dir='ltr'><strong>paratum</strong></span> <span class='ocrx_word' id='word_1_220' title='bbox 832 2498 945 2572; x_wconf 77' lang='lat' dir='ltr'><strong>fuisse,</strong></span> <span class='ocrx_word' id='word_1_221' title='bbox 967 2499 1128 2558; x_wconf 86' lang='lat' dir='ltr'><strong>autetiam</strong></span> <span class='ocrx_word' id='word_1_222' title='bbox 1144 2519 1199 2559; x_wconf 84' lang='lat' dir='ltr'><strong>eu·</strong></span> 
     </span>
     <span class='ocr_line' id='line_1_27' title="bbox 118 2573 1199 2666; baseline 0.004 -28"><span class='ocrx_word' id='word_1_223' title='bbox 118 2573 208 2653; x_wconf 79' lang='lat' dir='ltr'><strong>basse,</strong></span> <span class='ocrx_word' id='word_1_224' title='bbox 236 2585 263 2642; x_wconf 86' lang='lat' dir='ltr'><strong>si</strong></span> <span class='ocrx_word' id='word_1_225' title='bbox 292 2581 417 2663; x_wconf 90' lang='lat' dir='ltr'><strong>qnando</strong></span> <span class='ocrx_word' id='word_1_226' title='bbox 438 2584 470 2641; x_wconf 93' lang='lat' dir='ltr'><strong>ln</strong></span> <span class='ocrx_word' id='word_1_227' title='bbox 493 2579 630 2643; x_wconf 63' lang='lat' dir='ltr'><strong>Ecclesia</strong></span> <span class='ocrx_word' id='word_1_228' title='bbox 657 2592 861 2666; x_wconf 81' lang='lat' dir='ltr'><strong>pernoctaret.</strong></span> <span class='ocrx_word' id='word_1_229' title='bbox 902 2581 951 2644; x_wconf 77' lang='lat' dir='ltr'><strong>Ex</strong></span> <span class='ocrx_word' id='word_1_230' title='bbox 978 2579 1039 2640; x_wconf 88' lang='lat' dir='ltr'><strong>hoc</strong></span> <span class='ocrx_word' id='word_1_231' title='bbox 1063 2581 1199 2642; x_wconf 79' lang='lat' dir='ltr'><strong>Coetone</strong></span> 
     </span>
     <span class='ocr_line' id='line_1_28' title="bbox 115 2663 1198 2746; baseline -0.002 -22"><span class='ocrx_word' id='word_1_232' title='bbox 115 2663 224 2740; x_wconf 69' lang='lat' dir='ltr'><strong>petebat</strong></span> <span class='ocrx_word' id='word_1_233' title='bbox 250 2667 352 2726; x_wconf 84' lang='lat' dir='ltr'><strong>exitus</strong></span> <span class='ocrx_word' id='word_1_234' title='bbox 376 2675 458 2724; x_wconf 81' lang='lat' dir='ltr'><strong>extra</strong></span> <span class='ocrx_word' id='word_1_235' title='bbox 475 2663 649 2741; x_wconf 85' lang='lat' dir='ltr'><strong>eeclesiam,</strong></span> <span class='ocrx_word' id='word_1_236' title='bbox 679 2675 711 2724; x_wconf 85' lang='lat' dir='ltr'><strong>et</strong></span> <span class='ocrx_word' id='word_1_237' title='bbox 736 2665 814 2725; x_wconf 83' lang='lat' dir='ltr'><strong>alius</strong></span> <span class='ocrx_word' id='word_1_238' title='bbox 838 2683 962 2746; x_wconf 83' lang='lat' dir='ltr'><strong>quoque</strong></span> <span class='ocrx_word' id='word_1_239' title='bbox 982 2663 1014 2722; x_wconf 90' lang='lat' dir='ltr'><strong>in</strong></span> <span class='ocrx_word' id='word_1_240' title='bbox 1034 2663 1198 2746; x_wconf 79' lang='lat' dir='ltr'><strong>Cycliurn‚</strong></span> 
     </span>
     <span class='ocr_line' id='line_1_29' title="bbox 114 2745 1200 2830; baseline 0.004 -27"><span class='ocrx_word' id='word_1_241' title='bbox 114 2764 162 2803; x_wconf 78' lang='lat' dir='ltr'><strong>sen</strong></span> <span class='ocrx_word' id='word_1_242' title='bbox 182 2747 331 2808; x_wconf 83' lang='lat' dir='ltr'><strong>onnebana</strong></span> <span class='ocrx_word' id='word_1_243' title='bbox 355 2746 535 2825; x_wconf 83' lang='lat' dir='ltr'><strong>australem,</strong></span> <span class='ocrx_word' id='word_1_244' title='bbox 558 2748 617 2808; x_wconf 90' lang='lat' dir='ltr'><strong>sub</strong></span> <span class='ocrx_word' id='word_1_245' title='bbox 636 2768 698 2830; x_wconf 84' lang='lat' dir='ltr'><strong>qua</strong></span> <span class='ocrx_word' id='word_1_246' title='bbox 721 2757 787 2806; x_wconf 90' lang='lat' dir='ltr'><strong>erat</strong></span> <span class='ocrx_word' id='word_1_247' title='bbox 811 2747 902 2807; x_wconf 89' lang='lat' dir='ltr'><strong>etiam</strong></span> <span class='ocrx_word' id='word_1_248' title='bbox 917 2746 1052 2807; x_wconf 78' lang='lat' dir='ltr'><strong>sacristia</strong></span> <span class='ocrx_word' id='word_1_249' title='bbox 1075 2745 1123 2807; x_wconf 82' lang='lat' dir='ltr'><strong>vel</strong></span> <span class='ocrx_word' id='word_1_250' title='bbox 1137 2745 1200 2808; x_wconf 85' lang='lat' dir='ltr'><strong>dia·</strong></span> 
     </span>
     <span class='ocr_line' id='line_1_30' title="bbox 114 2829 1199 2913; baseline 0.003 -27"><span class='ocrx_word' id='word_1_251' title='bbox 114 2829 267 2904; x_wconf 80' lang='lat' dir='ltr'><strong>oonimm,</strong></span> <span class='ocrx_word' id='word_1_252' title='bbox 291 2851 373 2913; x_wconf 91' lang='lat' dir='ltr'><strong>pone</strong></span> <span class='ocrx_word' id='word_1_253' title='bbox 387 2851 478 2912; x_wconf 86' lang='lat' dir='ltr'><strong>quam</strong></span> <span class='ocrx_word' id='word_1_254' title='bbox 495 2831 678 2892; x_wconf 76' lang='lat' dir='ltr'><strong>demrrebat</strong></span> <span class='ocrx_word' id='word_1_255' title='bbox 690 2829 817 2891; x_wconf 84' lang='lat' dir='ltr'><strong>Coeton.</strong></span> <span class='ocrx_word' id='word_1_256' title='bbox 859 2831 1013 2890; x_wconf 77' lang='lat' dir='ltr'><strong>Mentorii</strong></span> <span class='ocrx_word' id='word_1_257' title='bbox 1031 2839 1133 2890; x_wconf 87' lang='lat' dir='ltr'><strong>antem</strong></span> <span class='ocrx_word' id='word_1_258' title='bbox 1146 2850 1199 2890; x_wconf 89' lang='lat' dir='ltr'><strong>no·</strong></span> 
     </span>
     <span class='ocr_line' id='line_1_31' title="bbox 113 2911 1198 2996; baseline 0.005 -27"><span class='ocrx_word' id='word_1_259' title='bbox 113 2911 198 2987; x_wconf 84' lang='lat' dir='ltr'><strong>mine,</strong></span> <span class='ocrx_word' id='word_1_260' title='bbox 213 2915 371 2976; x_wconf 76' lang='lat' dir='ltr'><strong>interdum</strong></span> <span class='ocrx_word' id='word_1_261' title='bbox 389 2915 479 2974; x_wconf 90' lang='lat' dir='ltr'><strong>etiam</strong></span> <span class='ocrx_word' id='word_1_262' title='bbox 496 2915 648 2991; x_wconf 73' lang='lat' dir='ltr'><strong>(betonis,</strong></span> <span class='ocrx_word' id='word_1_263' title='bbox 669 2913 983 2996; x_wconf 75' lang='lat' dir='ltr'><strong>comprehendebatur</strong></span> <span class='ocrx_word' id='word_1_264' title='bbox 1001 2923 1101 2973; x_wconf 87' lang='lat' dir='ltr'><strong>totum</strong></span> <span class='ocrx_word' id='word_1_265' title='bbox 1119 2912 1198 2974; x_wconf 89' lang='lat' dir='ltr'><strong>illud</strong></span> 
     </span>
     <span class='ocr_line' id='line_1_32' title="bbox 112 2995 1199 3080; baseline 0.002 -26"><span class='ocrx_word' id='word_1_266' title='bbox 112 2995 318 3058; x_wconf 80' lang='lat' dir='ltr'><strong>cubiculorum</strong></span> <span class='ocrx_word' id='word_1_267' title='bbox 347 2995 546 3080; x_wconf 87' lang='lat' dir='ltr'><strong>imperialium</strong></span> <span class='ocrx_word' id='word_1_268' title='bbox 574 3009 702 3080; x_wconf 81' lang='lat' dir='ltr'><strong>systema</strong></span> <span class='ocrx_word' id='word_1_269' title='bbox 726 2997 903 3058; x_wconf 84' lang='lat' dir='ltr'><strong>cohaerens.</strong></span> <span class='ocrx_word' id='word_1_270' title='bbox 946 2998 997 3057; x_wconf 83' lang='lat' dir='ltr'><strong>lta</strong></span> <span class='ocrx_word' id='word_1_271' title='bbox 1015 2995 1199 3079; x_wconf 79' lang='lat' dir='ltr'><strong>Anonymus</strong></span> 
     </span>
     <span class='ocr_line' id='line_1_33' title="bbox 112 3077 1198 3163; baseline 0.001 -26"><span class='ocrx_word' id='word_1_272' title='bbox 112 3077 347 3142; x_wconf 83' lang='lat' dir='ltr'><strong>Combefisianns</strong></span> <span class='ocrx_word' id='word_1_273' title='bbox 369 3083 534 3142; x_wconf 86' lang='lat' dir='ltr'><strong>Coetonem</strong></span> <span class='ocrx_word' id='word_1_274' title='bbox 562 3079 722 3163; x_wconf 88' lang='lat' dir='ltr'><strong>pulchrum</strong></span> <span class='ocrx_word' id='word_1_275' title='bbox 749 3103 768 3141; x_wconf 93' lang='lat' dir='ltr'><strong>a</strong></span> <span class='ocrx_word' id='word_1_276' title='bbox 787 3081 955 3141; x_wconf 82' lang='lat' dir='ltr'><strong>Iustiniana</strong></span> <span class='ocrx_word' id='word_1_277' title='bbox 971 3083 1004 3140; x_wconf 89' lang='lat' dir='ltr'><strong>in</strong></span> <span class='ocrx_word' id='word_1_278' title='bbox 1024 3079 1057 3139; x_wconf 77' lang='lat' dir='ltr'><strong>S.</strong></span> <span class='ocrx_word' id='word_1_279' title='bbox 1081 3079 1198 3160; x_wconf 84' lang='lat' dir='ltr'><strong>Sophia</strong></span> 
     </span>
     <span class='ocr_line' id='line_1_34' title="bbox 111 3161 1200 3244; baseline -0.001 -23"><span class='ocrx_word' id='word_1_280' title='bbox 111 3165 284 3242; x_wconf 79' lang='lat' dir='ltr'><strong>eonditum,</strong></span> <span class='ocrx_word' id='word_1_281' title='bbox 305 3175 340 3224; x_wconf 88' lang='lat' dir='ltr'><strong>nt</strong></span> <span class='ocrx_word' id='word_1_282' title='bbox 358 3164 400 3224; x_wconf 89' lang='lat' dir='ltr'><strong>ibi</strong></span> <span class='ocrx_word' id='word_1_283' title='bbox 421 3164 586 3236; x_wconf 86' lang='lat' dir='ltr'><strong>dormiret,</strong></span> <span class='ocrx_word' id='word_1_284' title='bbox 611 3167 653 3224; x_wconf 88' lang='lat' dir='ltr'><strong>ait</strong></span> <span class='ocrx_word' id='word_1_285' title='bbox 671 3164 866 3224; x_wconf 84' lang='lat' dir='ltr'><strong>Metatorium</strong></span> <span class='ocrx_word' id='word_1_286' title='bbox 885 3163 926 3222; x_wconf 89' lang='lat' dir='ltr'><strong>ab</strong></span> <span class='ocrx_word' id='word_1_287' title='bbox 946 3167 1013 3243; x_wconf 86' lang='lat' dir='ltr'><strong>ipso</strong></span> <span class='ocrx_word' id='word_1_288' title='bbox 1032 3161 1126 3221; x_wconf 83' lang='lat' dir='ltr'><strong>fuisse</strong></span> <span class='ocrx_word' id='word_1_289' title='bbox 1144 3181 1200 3244; x_wconf 92' lang='lat' dir='ltr'><strong>ap-</strong></span> 
     </span>
     <span class='ocr_line' id='line_1_35' title="bbox 111 3236 1197 3330; baseline -0.003 -24"><span class='ocrx_word' id='word_1_290' title='bbox 111 3243 274 3323; x_wconf 80' lang='lat' dir='ltr'><strong>pellatum:</strong></span> <span class='ocrx_word' id='word_1_291' title='bbox 297 3244 423 3307; x_wconf 68' lang='grc' dir='ltr'><strong>ἐκάλεσε</strong></span> <span class='ocrx_word' id='word_1_292' title='bbox 445 3247 480 3308; x_wconf 78' lang='grc' dir='ltr'><strong>δὲ</strong></span> <span class='ocrx_word' id='word_1_293' title='bbox 500 3241 556 3306; x_wconf 73' lang='grc' dir='ltr'><strong>καλ</strong></span> <span class='ocrx_word' id='word_1_294' title='bbox 569 3240 798 3324; x_wconf 70' lang='grc' dir='ltr'><strong>Μεεατολριον,</strong></span> <span class='ocrx_word' id='word_1_295' title='bbox 820 3239 897 3330; x_wconf 62' lang='grc' dir='ltr'><strong><em>ὅπερ</em></strong></span> <span class='ocrx_word' id='word_1_296' title='bbox 917 3245 1018 3305; x_wconf 78' lang='grc' dir='ltr'><strong><em>ἐκεῖσε</em></strong></span> <span class='ocrx_word' id='word_1_297' title='bbox 1034 3236 1197 3322; x_wconf 68' lang='grc' dir='ltr'><strong><em>ἀνήγειρε,</em></strong></span> 
     </span>
    </p>
   </div>
   <div class='ocr_carea' id='block_1_4' title="bbox 30 3319 1201 3600">
    <p class='ocr_par' dir='ltr' id='par_1_5' title="bbox 30 3319 1201 3600">
     <span class='ocr_line' id='line_1_36' title="bbox 30 3319 1201 3414; baseline -0.002 -24"><span class='ocrx_word' id='word_1_298' title='bbox 30 3329 31 3380; x_wconf 66' lang='lat' dir='ltr'><strong>l</strong></span> <span class='ocrx_word' id='word_1_299' title='bbox 111 3331 238 3391; x_wconf 70' lang='grc' dir='ltr'><strong>κοιτῶνα</strong></span> <span class='ocrx_word' id='word_1_300' title='bbox 259 3326 377 3412; x_wconf 63' lang='lat' dir='ltr'><strong>uiperea</strong></span> <span class='ocrx_word' id='word_1_301' title='bbox 397 3324 588 3414; x_wconf 74' lang='grc' dir='ltr'><strong><em>διάχρυσον,</em></strong></span> <span class='ocrx_word' id='word_1_302' title='bbox 619 3327 673 3391; x_wconf 74' lang='grc' dir='ltr'><strong>ἵνα</strong></span> <span class='ocrx_word' id='word_1_303' title='bbox 695 3321 961 3412; x_wconf 74' lang='grc' dir='ltr'><strong><em>εἰσπορευομένον</em></strong></span> <span class='ocrx_word' id='word_1_304' title='bbox 984 3319 1084 3386; x_wconf 74' lang='grc' dir='ltr'><strong><em>αὐτοῦ</em></strong></span> <span class='ocrx_word' id='word_1_305' title='bbox 1105 3323 1140 3388; x_wconf 72' lang='grc' dir='ltr'><strong>ἐν</strong></span> <span class='ocrx_word' id='word_1_306' title='bbox 1156 3327 1201 3413; x_wconf 72' lang='lat' dir='ltr'><strong>aqi</strong></span> 
     </span>
     <span class='ocr_line' id='line_1_37' title="bbox 30 3407 469 3497; baseline -0.002 -22"><span class='ocrx_word' id='word_1_307' title='bbox 30 3413 32 3484; x_wconf 73' lang='lat' dir='ltr'><strong>l</strong></span> <span class='ocrx_word' id='word_1_308' title='bbox 111 3411 169 3497; x_wconf 68' lang='grc' dir='ltr'><strong>ναῷ</strong></span> <span class='ocrx_word' id='word_1_309' title='bbox 189 3412 297 3475; x_wconf 80' lang='grc' dir='ltr'><strong><em>ἐκεῖσε</em></strong></span> <span class='ocrx_word' id='word_1_310' title='bbox 316 3407 469 3495; x_wconf 65' lang='lat' dir='ltr'><strong>saislep.</strong></span> 
     </span>
     <span class='ocr_line' id='line_1_38' title="bbox 30 3489 1198 3600; baseline -0.005 -41"><span class='ocrx_word' id='word_1_311' title='bbox 30 3493 31 3496; x_wconf 46' lang='lat'>&#39;</span> <span class='ocrx_word' id='word_1_312' title='bbox 184 3497 220 3559; x_wconf 89' lang='grc' dir='ltr'><strong>Β.</strong></span> <span class='ocrx_word' id='word_1_313' title='bbox 235 3496 271 3558; x_wconf 88' lang='grc'><strong>8.</strong></span> <span class='ocrx_word' id='word_1_314' title='bbox 289 3495 358 3580; x_wconf 78' lang='lat' dir='ltr'><strong>[rb,</strong></span> <span class='ocrx_word' id='word_1_315' title='bbox 378 3495 442 3600; x_wconf 71' lang='lat' dir='ltr'><strong>rm]</strong></span> <span class='ocrx_word' id='word_1_316' title='bbox 463 3495 542 3556; x_wconf 77' lang='grc' dir='ltr'><strong><em>θεοῦ</em></strong></span> <span class='ocrx_word' id='word_1_317' title='bbox 558 3493 752 3578; x_wconf 77' lang='grc' dir='ltr'><strong><em>ἐμφέρονεαι</em></strong></span> <span class='ocrx_word' id='word_1_318' title='bbox 762 3540 772 3569; x_wconf 93' lang='grc'><strong><em>,</em></strong></span> <span class='ocrx_word' id='word_1_319' title='bbox 794 3489 1001 3570; x_wconf 74' lang='grc' dir='ltr'><strong>εἰσέρχονται.</strong></span> <span class='ocrx_word' id='word_1_320' title='bbox 1033 3493 1078 3552; x_wconf 89' lang='grc' dir='ltr'><strong>Μ.</strong></span> <span class='ocrx_word' id='word_1_321' title='bbox 1099 3491 1198 3571; x_wconf 76' lang='grc' dir='ltr'><strong><em>θεοῦ,</em></strong></span> 
     </span>
    </p>
   </div>
   <div class='ocr_carea' id='block_1_5' title="bbox 109 3569 1201 4160">
    <p class='ocr_par' dir='ltr' id='par_1_6' title="bbox 109 3569 1201 3996">
     <span class='ocr_line' id='line_1_39' title="bbox 109 3569 1199 3660; baseline 0 -26"><span class='ocrx_word' id='word_1_322' title='bbox 109 3571 301 3660; x_wconf 77' lang='grc' dir='ltr'><strong><em>ε’μφὲρονται</em></strong></span> <span class='ocrx_word' id='word_1_323' title='bbox 323 3574 386 3638; x_wconf 73' lang='grc' dir='ltr'><strong>οιαὶ</strong></span> <span class='ocrx_word' id='word_1_324' title='bbox 407 3581 613 3658; x_wconf 79' lang='grc' dir='ltr'><strong><em>εισὲρχοιται.</em></strong></span> <span class='ocrx_word' id='word_1_325' title='bbox 656 3579 692 3638; x_wconf 82' lang='grc' dir='ltr'><strong>λιι</strong></span> <span class='ocrx_word' id='word_1_326' title='bbox 713 3575 797 3638; x_wconf 72' lang='grc' dir='ltr'><strong><em>θεοῦ</em></strong></span> <span class='ocrx_word' id='word_1_327' title='bbox 821 3575 1058 3658; x_wconf 74' lang='lat' dir='ltr'><strong>subintelligitur</strong></span> <span class='ocrx_word' id='word_1_328' title='bbox 1086 3569 1199 3654; x_wconf 66' lang='grc' dir='ltr'><strong><em>ἔνεστι,</em></strong></span> 
     </span>
     <span class='ocr_line' id='line_1_40' title="bbox 109 3661 1198 3748; baseline -0.002 -28"><span class='ocrx_word' id='word_1_329' title='bbox 109 3661 138 3720; x_wconf 81' lang='lat' dir='ltr'><strong>ia</strong></span> <span class='ocrx_word' id='word_1_330' title='bbox 161 3685 222 3747; x_wconf 77' lang='lat' dir='ltr'><strong>qua</strong></span> <span class='ocrx_word' id='word_1_331' title='bbox 248 3665 379 3744; x_wconf 72' lang='lat' dir='ltr'><strong>imagine</strong></span> <span class='ocrx_word' id='word_1_332' title='bbox 405 3663 503 3723; x_wconf 78' lang='grc' dir='ltr'><strong><em>ιἰεαιεει</em></strong></span> <span class='ocrx_word' id='word_1_333' title='bbox 523 3682 622 3722; x_wconf 82' lang='lat' dir='ltr'><strong>amaea</strong></span> <span class='ocrx_word' id='word_1_334' title='bbox 642 3661 872 3748; x_wconf 65' lang='lat' dir='ltr'><strong>significationes</strong></span> <span class='ocrx_word' id='word_1_335' title='bbox 893 3661 1043 3744; x_wconf 65' lang='lat' dir='ltr'><strong>peremnis</strong></span> <span class='ocrx_word' id='word_1_336' title='bbox 1068 3661 1198 3730; x_wconf 59' lang='lat' dir='ltr'><strong>Carsu,</strong></span> 
     </span>
     <span class='ocr_line' id='line_1_41' title="bbox 109 3740 1201 3828; baseline 0.001 -27"><span class='ocrx_word' id='word_1_337' title='bbox 109 3748 214 3826; x_wconf 84' lang='lat' dir='ltr'><strong>omnia,</strong></span> <span class='ocrx_word' id='word_1_338' title='bbox 232 3767 316 3828; x_wconf 83' lang='lat' dir='ltr'><strong>quae</strong></span> <span class='ocrx_word' id='word_1_339' title='bbox 333 3747 452 3806; x_wconf 75' lang='lat' dir='ltr'><strong>diversa</strong></span> <span class='ocrx_word' id='word_1_340' title='bbox 472 3767 582 3828; x_wconf 80' lang='lat' dir='ltr'><strong>genera</strong></span> <span class='ocrx_word' id='word_1_341' title='bbox 594 3746 769 3828; x_wconf 85' lang='lat' dir='ltr'><strong>passionum</strong></span> <span class='ocrx_word' id='word_1_342' title='bbox 780 3743 895 3804; x_wconf 90' lang='lat' dir='ltr'><strong>Christi</strong></span> <span class='ocrx_word' id='word_1_343' title='bbox 908 3743 1085 3825; x_wconf 80' lang='lat' dir='ltr'><strong>designant3</strong></span> <span class='ocrx_word' id='word_1_344' title='bbox 1107 3740 1201 3823; x_wconf 70' lang='grc' dir='ltr'><em>ἐμφὲ·</em></span> 
     </span>
     <span class='ocr_line' id='line_1_42' title="bbox 109 3822 1201 3912; baseline -0.005 -23"><span class='ocrx_word' id='word_1_345' title='bbox 109 3845 211 3902; x_wconf 69' lang='lat' dir='ltr'><strong>putat</strong></span> <span class='ocrx_word' id='word_1_346' title='bbox 234 3833 369 3912; x_wconf 73' lang='lat' dir='ltr'><strong>instrunt</strong></span> <span class='ocrx_word' id='word_1_347' title='bbox 384 3852 455 3908; x_wconf 78' lang='lat' dir='ltr'><strong>sese,</strong></span> <span class='ocrx_word' id='word_1_348' title='bbox 469 3848 579 3912; x_wconf 85' lang='lat' dir='ltr'><strong>nempe</strong></span> <span class='ocrx_word' id='word_1_349' title='bbox 594 3829 723 3906; x_wconf 86' lang='lat' dir='ltr'><strong>domini,</strong></span> <span class='ocrx_word' id='word_1_350' title='bbox 742 3827 775 3888; x_wconf 86' lang='lat' dir='ltr'><strong>id</strong></span> <span class='ocrx_word' id='word_1_351' title='bbox 789 3837 835 3890; x_wconf 74' lang='lat' dir='ltr'><strong>ast</strong></span> <span class='ocrx_word' id='word_1_352' title='bbox 855 3822 988 3908; x_wconf 73' lang='grc' dir='ltr'><strong><em>ὁρμῶσι,</em></strong></span> <span class='ocrx_word' id='word_1_353' title='bbox 1008 3823 1201 3908; x_wconf 76' lang='grc' dir='ltr'><strong><em>προχωροῦ-</em></strong></span> 
     </span>
     <span class='ocr_line' id='line_1_43' title="bbox 109 3915 499 3996; baseline -0.005 -22"><span class='ocrx_word' id='word_1_354' title='bbox 109 3929 158 3988; x_wconf 73' lang='lat' dir='ltr'><strong>vt,</strong></span> <span class='ocrx_word' id='word_1_355' title='bbox 175 3929 309 3996; x_wconf 64' lang='lat' dir='ltr'><strong>pergzmt</strong></span> <span class='ocrx_word' id='word_1_356' title='bbox 325 3927 355 3974; x_wconf 85' lang='lat' dir='ltr'><strong>et</strong></span> <span class='ocrx_word' id='word_1_357' title='bbox 378 3915 499 3974; x_wconf 63' lang='lat' dir='ltr'><strong>ituram.</strong></span> 
     </span>
    </p>

    <p class='ocr_par' dir='ltr' id='par_1_7' title="bbox 111 3988 1201 4160">
     <span class='ocr_line' id='line_1_44' title="bbox 185 3988 1198 4081; baseline -0.005 -25"><span class='ocrx_word' id='word_1_358' title='bbox 185 3999 222 4056; x_wconf 87' lang='lat' dir='ltr'><strong>B.</strong></span> <span class='ocrx_word' id='word_1_359' title='bbox 236 4019 269 4081; x_wconf 86' lang='lat'><strong>9.</strong></span> <span class='ocrx_word' id='word_1_360' title='bbox 285 3996 355 4081; x_wconf 90' lang='grc' dir='ltr'><strong><em>[ι6,</em></strong></span> <span class='ocrx_word' id='word_1_361' title='bbox 378 3995 442 4079; x_wconf 87' lang='grc' dir='ltr'><strong>ιι.]</strong></span> <span class='ocrx_word' id='word_1_362' title='bbox 465 3990 505 4056; x_wconf 74' lang='grc' dir='ltr'><strong>τὰ</strong></span> <span class='ocrx_word' id='word_1_363' title='bbox 521 3988 596 4076; x_wconf 75' lang='grc' dir='ltr'><strong>ἅγια</strong></span> <span class='ocrx_word' id='word_1_364' title='bbox 612 3993 711 4074; x_wconf 76' lang='grc' dir='ltr'><strong><em>δῶρα.</em></strong></span> <span class='ocrx_word' id='word_1_365' title='bbox 756 3993 806 4054; x_wconf 86' lang='lat' dir='ltr'><strong>Sic</strong></span> <span class='ocrx_word' id='word_1_366' title='bbox 824 3988 996 4075; x_wconf 88' lang='lat' dir='ltr'><strong>appellatur</strong></span> <span class='ocrx_word' id='word_1_367' title='bbox 1011 3993 1198 4069; x_wconf 73' lang='grc' dir='ltr'><strong><em>ειιολιαοίιιιλε,</em></strong></span> 
     </span>
     <span class='ocr_line' id='line_1_45' title="bbox 111 4073 1201 4160; baseline -0.006 -20"><span class='ocrx_word' id='word_1_368' title='bbox 111 4081 188 4154; x_wconf 77' lang='lat' dir='ltr'><strong>panis</strong></span> <span class='ocrx_word' id='word_1_369' title='bbox 205 4092 239 4140; x_wconf 88' lang='lat' dir='ltr'><strong>et</strong></span> <span class='ocrx_word' id='word_1_370' title='bbox 254 4083 363 4142; x_wconf 82' lang='lat' dir='ltr'><strong>vinum</strong></span> <span class='ocrx_word' id='word_1_371' title='bbox 379 4079 585 4140; x_wconf 84' lang='lat' dir='ltr'><strong>benedictum.</strong></span> <span class='ocrx_word' id='word_1_372' title='bbox 628 4075 814 4160; x_wconf 88' lang='lat' dir='ltr'><strong>Simpliciter</strong></span> <span class='ocrx_word' id='word_1_373' title='bbox 835 4096 959 4158; x_wconf 88' lang='lat' dir='ltr'><strong>quoque</strong></span> <span class='ocrx_word' id='word_1_374' title='bbox 981 4073 1070 4153; x_wconf 74' lang='grc' dir='ltr'><strong>δῶρα</strong></span> <span class='ocrx_word' id='word_1_375' title='bbox 1091 4076 1201 4136; x_wconf 82' lang='lat' dir='ltr'><strong>diorm-</strong></span> 
     </span>
    </p>
   </div>
   <div class='ocr_carea' id='block_1_6' title="bbox 30 4147 1201 4244">
    <p class='ocr_par' dir='ltr' id='par_1_8' title="bbox 30 4147 1201 4244">
     <span class='ocr_line' id='line_1_46' title="bbox 30 4147 1201 4244; baseline -0.003 -22"><span class='ocrx_word' id='word_1_376' title='bbox 30 4147 32 4222; x_wconf 70' lang='lat' dir='ltr'><strong>l</strong></span> <span class='ocrx_word' id='word_1_377' title='bbox 112 4169 166 4240; x_wconf 76' lang='lat' dir='ltr'><strong>tur,</strong></span> <span class='ocrx_word' id='word_1_378' title='bbox 187 4175 225 4224; x_wconf 91' lang='lat' dir='ltr'><strong>ut</strong></span> <span class='ocrx_word' id='word_1_379' title='bbox 237 4187 268 4244; x_wconf 92' lang='lat' dir='ltr'><strong>p.</strong></span> <span class='ocrx_word' id='word_1_380' title='bbox 288 4167 342 4244; x_wconf 72' lang='lat'><strong>47.</strong></span> <span class='ocrx_word' id='word_1_381' title='bbox 353 4165 391 4224; x_wconf 88' lang='lat' dir='ltr'><strong>B.</strong></span> <span class='ocrx_word' id='word_1_382' title='bbox 408 4184 455 4241; x_wconf 69' lang='lat' dir='ltr'><strong>m,</strong></span> <span class='ocrx_word' id='word_1_383' title='bbox 476 4164 548 4223; x_wconf 87' lang='lat' dir='ltr'><strong>item</strong></span> <span class='ocrx_word' id='word_1_384' title='bbox 564 4157 601 4223; x_wconf 80' lang='grc' dir='ltr'><strong>τὸ</strong></span> <span class='ocrx_word' id='word_1_385' title='bbox 618 4161 722 4240; x_wconf 72' lang='grc' dir='ltr'><strong><em>τίμιον</em></strong></span> <span class='ocrx_word' id='word_1_386' title='bbox 739 4160 844 4240; x_wconf 76' lang='grc' dir='ltr'><strong><em>δῶρον</em></strong></span> <span class='ocrx_word' id='word_1_387' title='bbox 861 4179 894 4240; x_wconf 92' lang='lat' dir='ltr'><strong>p.</strong></span> <span class='ocrx_word' id='word_1_388' title='bbox 913 4159 964 4218; x_wconf 76' lang='lat'><strong>55.</strong></span> <span class='ocrx_word' id='word_1_389' title='bbox 983 4157 1133 4219; x_wconf 89' lang='lat' dir='ltr'><strong>init.Vid.</strong></span> <span class='ocrx_word' id='word_1_390' title='bbox 1147 4158 1201 4219; x_wconf 87' lang='lat' dir='ltr'><strong>Du</strong></span> 
     </span>
    </p>
   </div>
   <div class='ocr_carea' id='block_1_7' title="bbox 30 4441 32 4460">
    <p class='ocr_par' dir='ltr' id='par_1_9' title="bbox 30 4441 32 4460">
     <span class='ocr_line' id='line_1_47' title="bbox 30 4441 32 4450; baseline 0 0"><span class='ocrx_word' id='word_1_391' title='bbox 30 4441 32 4450; x_wconf 90' lang='grc' dir='ltr'><strong><em>ι</em></strong></span> 
     </span>
     <span class='ocr_line' id='line_1_48' title="bbox 30 4453 32 4460; baseline 0 0"><span class='ocrx_word' id='word_1_392' title='bbox 30 4453 32 4460; x_wconf 71' lang='grc' dir='ltr'><strong><em>ι</em></strong></span> 
     </span>
    </p>
   </div>
   <div class='ocr_carea' id='block_1_8' title="bbox 114 4242 1033 4327">
    <p class='ocr_par' dir='ltr' id='par_1_10' title="bbox 114 4242 1033 4327">
     <span class='ocr_line' id='line_1_49' title="bbox 114 4242 1033 4327; baseline -0.01 -18"><span class='ocrx_word' id='word_1_393' title='bbox 114 4243 206 4327; x_wconf 64' lang='lat' dir='ltr'><strong>Cinge</strong></span> <span class='ocrx_word' id='word_1_394' title='bbox 222 4247 324 4308; x_wconf 88' lang='lat' dir='ltr'><strong>Gloss.</strong></span> <span class='ocrx_word' id='word_1_395' title='bbox 342 4249 399 4307; x_wconf 86' lang='lat' dir='ltr'><strong>Gr.</strong></span> <span class='ocrx_word' id='word_1_396' title='bbox 418 4247 451 4306; x_wconf 90' lang='lat' dir='ltr'><strong>h.</strong></span> <span class='ocrx_word' id='word_1_397' title='bbox 473 4267 505 4308; x_wconf 84' lang='lat' dir='ltr'><strong>v.</strong></span> <span class='ocrx_word' id='word_1_398' title='bbox 528 4257 558 4306; x_wconf 91' lang='lat' dir='ltr'><strong>et</strong></span> <span class='ocrx_word' id='word_1_399' title='bbox 579 4247 648 4308; x_wconf 89' lang='lat' dir='ltr'><strong>Lat.</strong></span> <span class='ocrx_word' id='word_1_400' title='bbox 671 4265 702 4306; x_wconf 88' lang='lat' dir='ltr'><strong>v.</strong></span> <span class='ocrx_word' id='word_1_401' title='bbox 728 4243 850 4306; x_wconf 81' lang='lat' dir='ltr'><strong>Domuu</strong></span> <span class='ocrx_word' id='word_1_402' title='bbox 867 4252 899 4302; x_wconf 87' lang='lat' dir='ltr'><strong>et</strong></span> <span class='ocrx_word' id='word_1_403' title='bbox 911 4242 1033 4302; x_wconf 72' lang='lat' dir='ltr'><strong>Mutuo.</strong></span> 
     </span>
    </p>
   </div>
   <div class='ocr_carea' id='block_1_9' title="bbox 0 0 1495 4892">
    <p class='ocr_par' dir='ltr' id='par_1_11' title="bbox 0 0 1495 4892">
     <span class='ocr_line' id='line_1_50' title="bbox 0 0 1495 4892; baseline 0 0"><span class='ocrx_word' id='word_1_404' title='bbox 0 0 1495 4892; x_wconf 95' lang='lat' dir='ltr'><strong> </strong></span> 
     </span>
    </p>
   </div>
  </div>
 </body>
</html>
