2975 4892
285 211 343 352 bo
376 334 381 343 .
493 293 548 357 10.
579 291 660 357 IAC.
690 294 837 357 RElSKll
873 292 1157 359 COMlllENTARll

287 446 493 524 demandant,
513 446 635 529 publiea
649 447 787 507 mercede
799 446 934 525 alendis,
954 447 1102 509 militibus
1114 447 1283 529 oppidanis.
1310 449 1383 513 Hae

286 535 403 592 civicae
428 531 570 591 excubiae
590 532 743 591 interdum
763 531 911 591 solemnes
931 530 970 589 ad
984 541 1069 591 actus
1081 534 1268 593 conveniunt
1280 535 1313 593 in
1326 554 1381 593 ar-

286 618 366 693 mis,
392 626 423 675 et
446 615 504 674 sub
516 614 694 674 ductoribus
713 613 775 674 sciis
793 634 878 673 arma
891 624 1046 679 exercent.
1090 612 1162 675 Alio
1186 635 1309 697 quoque
1327 638 1381 677 re·

286 709 392 781 spectu
414 697 526 758 similes
550 705 636 759 erant
660 696 707 757 illi
733 697 829 777 δῆμοι
851 696 976 757 militiae
994 696 1039 758 illi
1063 698 1184 779 generi,
1202 698 1316 780 quoda
1329 701 1382 760 iu-

286 793 412 844 ventute
435 782 531 841 civica
544 792 575 841 et
593 782 746 843 rusticana
772 782 802 840 in
817 783 1025 841 necessitatem
1046 780 1152 841 celeris
1176 779 1383 863 supplementi

285 886 378 926 verae
401 864 528 925 militiae
545 864 769 941 conscribitur,
797 865 871 925 etin
893 866 985 924 armis
1007 874 1185 940 exercetur,
1211 886 1310 947 neque
1331 878 1382 926 ta-
1459 930 1460 945 ,

284 968 359 1009 men
372 958 488 1009 vestem
501 948 682 1027 militarem,
709 968 808 1029 neque
828 947 976 1029 stipendia
989 992 998 1023 ,
1024 968 1122 1031 neque
1145 946 1284 1008 ductores
1297 950 1382 1009 mili-

286 1041 368 1091 tares
396 1034 528 1112 accipit,
562 1052 661 1114 neque
686 1030 808 1091 sedibus
834 1033 896 1091 suis
923 1033 1087 1107 excitatur,
1115 1030 1168 1089 sed
1195 1042 1298 1091 manet
1322 1053 1382 1093 suo

331 1117 417 1195 isque
427 1114 496 1174 loeo
508 1134 604 1197 eoque
616 1117 648 1174 in
661 1117 742 1175 vitae
765 1124 796 1173 et
806 1124 949 1195 quaestus
969 1132 1099 1195 genere,
1126 1114 1209 1194 quod
1222 1114 1381 1195 amplexus

286 1136 403 1275 fferit,
429 1200 550 1258 statutis
567 1197 755 1280 temporibus
767 1197 807 1256 ad
821 1197 983 1257 exercenda
1004 1217 1088 1258 arma
1109 1208 1272 1276 coeuntcs3
1300 1220 1380 1283 qua-

287 1279 333 1341 les
357 1302 414 1340 nos
440 1280 594 1362 appellare
625 1282 733 1341 netues
758 1281 961 1365 provinciales
992 1280 1134 1340 solemus.
1176 1280 1323 1342 Poterant
1347 1285 1380 1343 in

288 1363 337 1425 bis
357 1368 487 1425 cateruis
500 1384 565 1425 esse
577 1364 736 1445 opulenti,
762 1374 792 1424 et
806 1384 975 1445 pauperes,
1001 1374 1183 1423 mercatores
1198 1407 1206 1438 ,
1236 1366 1380 1445 opilices,

288 1446 406 1525 baiuli,
432 1469 537 1509 ornnes
551 1451 663 1525 cives,
684 1468 794 1508 verum
812 1458 879 1506 ttrm
899 1448 1043 1529 temporis
1056 1468 1073 1507 a
1086 1446 1204 1506 civibus
1224 1446 1379 1527 distincti,

288 1540 320 1590 et
340 1552 359 1591 a
371 1533 564 1613 magistratus
580 1531 691 1593 urbani
712 1529 921 1591 iurisdictione
940 1530 1067 1605 exemti,
1094 1550 1190 1612 quum
1211 1529 1382 1593 firnctiones

288 1634 416 1696 gregum
438 1626 620 1677 exercerent.
656 1614 815 1691 Quaenam
838 1611 1025 1674 versillae?
1060 1614 1097 1673 ln
1118 1615 1233 1694 magnis
1255 1634 1381 1695 proces·

287 1697 423 1757 sionibus
450 1698 542 1757 sacris
567 1697 606 1757 ad
640 1695 779 1757 ecclesias
806 1695 946 1757 cohortes
974 1694 1097 1757 illorum
1121 1716 1246 1779 gregum
1274 1696 1379 1757 diver-

207 1839 210 1847 ,
287 1781 330 1839 sis
356 1782 503 1862 statisque
529 1782 562 1840 in
575 1834 578 1838 .
591 1779 666 1840 locis
696 1800 800 1840 earum
831 1778 1023 1860 platearum,
1100 1801 1116 1838 r
1145 1800 1221 1861 quas
1256 1800 1379 1861 proces-

287 1864 333 1923 sio
357 1866 519 1941 transiret,
544 1862 667 1923 stabant
690 1862 730 1922 ad
751 1873 915 1944 utrumque
939 1860 1019 1922 latus
1040 1800 1160 2003 plebeae
1182 1860 1320 1923 collocati
1347 1866 1380 1923 in

286 1947 419 2023 seriem,
455 1947 672 2028 praestolantes
709 1938 900 2027 [δεχόμενοι
929 1943 979 2005 vel
1004 1944 1039 2005 ἐκ
1059 1940 1225 2027 exciperes]
1264 1946 1380 2007 adven-

287 2038 355 2088 tum
369 2030 589 2111 Imperatoris,
615 2048 748 2109 eumque
767 2048 870 2087 coram
883 2027 1094 2089 advenientem
1113 2026 1381 2092 acclamationibus

287 2112 375 2172 laetis
387 2111 532 2193 gaudium
544 2110 782 2193 significantibus
796 2122 826 2171 et
837 2121 909 2171 vota
921 2132 992 2192 pros
1012 2113 1127 2173 eritatis
1139 2113 1237 2173 omnis
1248 2112 1380 2193 proden-

287 2194 371 2255 tibus
384 2196 575 2277 excipientes.
604 2196 799 2276 Quapropter
819 2194 869 2254 lric
882 2204 967 2254 actus
988 2132 1068 2273 dap}
1077 2241 1087 2271 ,
1109 2194 1199 2255 idest
1215 2198 1278 2256 sive
1290 2216 1380 2277 prae·

287 2278 429 2356 dolatio,
456 2281 520 2339 sive
539 2280 693 2359 exceptio,
719 2276 881 2355 salutatio,
907 2276 1119 2339 beneventatio
1139 2276 1305 2342 dicebatur.
1346 2280 1381 2340 Si

287 2359 408 2443 longius
422 2360 539 2423 abesset
556 2384 575 2423 a
587 2360 701 2443 palatio
721 2360 846 2422 ecclesia
859 2360 930 2438 illa,
958 2360 1102 2442 adquam
1124 2360 1289 2421 identidem
1307 2382 1381 2443 pro-

287 2445 467 2522 cederetur,
493 2443 534 2505 ad
553 2456 637 2505 certa
656 2443 817 2505 intervalla
837 2447 1016 2505 constitutae
1035 2446 1133 2527 gregis
1156 2446 1302 2527 cariusque
1321 2448 1381 2505 mi·
1459 2444 1460 2466 ¹

287 2539 382 2589 natae
399 2527 566 2611 particulae
584 2526 720 2588 officium
744 2526 896 2588 salutandi
922 2526 1139 2609 praestabant;
1165 2528 1247 2588 unde
1271 2526 1382 2611 legitur

289 2612 458 2694 Imperator
476 2611 630 2671 interdum
643 2614 737 2672 octies
752 2611 843 2671 fuisse
862 2610 1045 2671 acclamatus
1067 2610 1117 2671 vel
1130 2610 1298 2687 salutatus,
1325 2634 1380 2671 an-
1459 2606 1460 2613 '

287 2706 411 2776 tequam
429 2698 462 2755 in
486 2695 662 2772 eeclesiam,
688 2695 837 2776 adquam
856 2694 1011 2773 tenderet,
1037 2696 1220 2775 perveniret.
1262 2694 1379 2755 Eadem

289 2778 419 2838 formula
442 2779 610 2838 iterabatur
630 2782 662 2837 in
689 2778 790 2837 reditu
809 2800 826 2837 e
843 2781 935 2838 sacris
963 2777 1002 2837 ad
1020 2777 1176 2859 palatium.
1221 2778 1256 2837 ln
1284 2782 1381 2859 prima

288 2880 411 2943 quaque
423 2863 568 2942 cuiusque
587 2862 726 2921 factionis
738 2864 911 2942 exceptione
931 2860 1104 2942 porrigebat
1115 2860 1304 2922 Demarchus
1317 2863 1379 2923 Irn-

288 2946 421 3025 peratori
433 2942 572 3005 libellum
587 2990 596 3023 ,
621 2946 825 3025 continentem
836 2965 958 3004 carmen
970 2989 980 3021 ,
1003 2964 1065 3024 quo
1077 2942 1280 3027 gratularetur
1292 2964 1381 3027 quae·

289 3048 351 3110 que
376 3028 467 3087 factio
481 3028 660 3109 imperatori
681 3026 792 3087 sestam
813 3026 978 3087 identidem
997 3027 1102 3108 diem,
1127 3038 1157 3089 et
1174 3028 1293 3109 saepius
1310 3050 1379 3089 eum

288 3112 349 3193 ipsi
368 3110 484 3172 laetum
504 3110 603 3171 redire
621 3110 758 3193 optabat.
801 3110 921 3188 Quibus
943 3110 1127 3172 carminibus
1146 3111 1312 3193 pangendis
1324 3110 1379 3171 ha-

290 3192 384 3257 bebat
408 3215 547 3277 quaeque
572 3195 662 3255 factio
687 3212 759 3255 suos
783 3192 842 3255 sibi
866 3193 1033 3275 peculiares
1059 3194 1197 3256 mercede
1216 3194 1380 3255 conductos

289 3289 413 3359 poetas:
442 3300 504 3339 non
525 3300 613 3360 pares
631 3277 756 3359 quidem
776 3288 843 3339 arte
864 3279 981 3359 poetica
1000 3278 1153 3356 Pindaro,
1180 3280 1380 3339 mercenarios

290 3372 393 3423 tamea
418 3384 515 3443 aeque
538 3373 630 3445 atque
649 3360 791 3441 illeiirit,
818 3360 983 3443 eodemque
1007 3372 1125 3422 utentes
1150 3370 1290 3442 quaestu.
1331 3362 1379 3421 De

291 3445 405 3526 quibus
426 3447 523 3525 poetis
541 3455 676 3505 recurret
697 3444 839 3528 deinceps
852 3442 972 3505 dicendi
983 3442 1078 3505 locus.
1121 3443 1207 3504 Idem
1228 3443 1379 3504 salutandi

291 3539 323 3590 et
343 3526 530 3587 acclamandi
544 3528 676 3589 officium
693 3550 797 3612 greges
812 3530 990 3631 Imperatori
1010 3526 1204 3610 praestabant
1224 3530 1257 3585 in
1270 3527 1378 3605 Circo,

291 3610 509 3695 praeeuntibus
533 3611 694 3671 formulam
720 3614 787 3685 τοῖς
807 3632 976 3695 apostate,
1010 3632 1064 3672 seu
1087 3610 1319 3685 clamatoribus,
1345 3609 1377 3669 id

293 3694 568 3776 estpraeconibus,
594 3694 851 3776 praecentoribus.
893 3694 994 3757 Scatet
1019 3694 1120 3755 Codex
1143 3704 1246 3754 noster
1268 3692 1378 3753 talibus

293 3777 443 3839 iormulis.
485 3778 584 3839 Erant
602 3798 674 3860 ergo
685 3776 718 3837 hi
731 3779 865 3863 gregales
884 3791 1006 3841 eatenus
1019 3780 1142 3858 parasiti
1155 3775 1324 3859 imperiales
1336 3775 1379 3836 le·

293 3884 331 3943 ge
342 3863 518 3940 constituti,
542 3872 574 3922 et
593 3860 750 3943 stipendiis
772 3862 876 3924 aulicis
894 3862 1037 3923 conducti
1057 3862 1097 3921 ad
1109 3860 1258 3921 canendas
1278 3858 1379 3920 laudes

293 3944 489 4028 Imperatoris
506 3944 592 4006 velut
614 3944 737 4027 publica
750 3966 835 4007 voce.
879 3948 950 4023 Quo
971 3944 1084 4023 fiebat,
1110 3955 1146 4004 ut
1157 3942 1284 4025 gregalis
1297 3944 1378 4023 quis·

291 4046 374 4113 qne,
395 4046 461 4173 gna
473 4025 565 4105 talis,
590 4048 652 4089 non
665 4028 705 4090 sd
717 4029 864 4091 iudicium
882 4031 1012 4089 civicum
1027 4072 1037 4107 ,
1051 4028 1115 4103 ‚ssd
1128 4026 1259 4088 aulicum
1273 4036 1380 4107 specta·

292 4122 352 4174 ret.
426 4134 476 4173 am
497 4112 679 4191 Demarchi,
706 4113 759 4194 qui
778 4116 888 4173 summi
909 4122 996 4173 erant
1018 4132 1143 4195 gregum
1168 4112 1378 4191 magistratus,
1459 4131 1460 4147 ¹

211 4200 215 4205 ’
293 4196 390 4259 musis
402 4207 434 4264 et
454 4196 526 4261 rixis
546 4196 712 4280 gregalium
723 4196 940 4281 componendis
953 4206 982 4257 et
994 4194 1133 4279 regendis
1154 4192 1295 4278 gregibus
1307 4212 1378 4255 con·
