2975 4892
160 233 164 242 ¹
274 265 359 369 ibo
489 291 547 360 ιο.
575 289 656 360 uu
681 293 827 359 ausui
848 289 1131 360 commutari

273 453 385 512 maiore
401 464 490 538 porte
507 471 575 513 arm
595 451 725 530 pallore,
744 449 804 512 boc
823 461 870 512 est
894 450 1064 529 maniaoio,
1082 459 1238 532 tegmento
1255 453 1355 514 serico

272 543 425 617 torquato.
468 535 519 596 Du
544 533 646 618 Gange
665 533 827 594 Glossario'
848 535 948 599 Latiu-
977 545 1092 596 vestem
1110 533 1190 594 bano
1209 533 1355 614 penulam

122 618 364 691 lidbrltlirisse
389 628 495 700 putat,
524 638 603 698 qtme
627 627 727 677 totum
759 638 868 697 eorpus
895 618 1044 698 operiret,
1067 617 1354 700 eamqueelaeun-

270 699 369 762 alavio
388 702 431 762 siu
451 699 605 762 describit.
650 700 875 782 „scaramanga
892 710 937 760 ert
955 701 1061 775 vestis,
1082 720 1174 780 quarn
1194 699 1252 758 vin·
1273 700 1354 760 rnili-

270 793 351 846 tares
371 794 487 864 gestant
506 803 598 865 supra
618 793 715 845 vestes
735 781 809 842 alias
821 785 978 844 interiores
997 781 1038 842 ud
1058 781 1201 842 eruendas
1220 779 1353 864 pluvias,

270 869 366 940 nives,
378 866 591 948 gelu‚uaetera
607 865 676 926 deni
719 866 826 926 eairis
841 862 1058 926 incommoda?
1080 864 1209 925 Videtur
1227 865 1354 927 omnino

271 952 509 1032 scaramangiurn
529 947 569 1010 ad
591 969 667 1030 paen
701 970 733 1008 as
753 950 914 1029 pertinere.
956 949 1037 1010 Nam
1059 951 1352 1029 cumsmramangi-

272 1051 327 1092 um
349 1034 440 1093 restis
461 1043 537 1092 esset
564 1029 804 1104 honoratorum,
825 1031 923 1092 idest
941 1033 1077 1093 virorum
1097 1031 1213 1092 ordinis
1232 1042 1353 1091 serrato-

272 1117 310 1174 rii
338 1127 370 1176 et
403 1135 530 1174 munera
548 1112 668 1195 publica
688 1115 718 1174 in
734 1112 804 1176 aula
825 1113 944 1174 eturbe
963 1117 1153 1196 gerentium,
1174 1125 1255 1174 reete
1278 1134 1353 1174 oon·

271 1195 353 1256 cludi
373 1217 459 1278 posse
479 1197 624 1274 videtur,
662 1197 701 1257 ad
724 1196 800 1258 illud
819 1200 966 1278 respicere
986 1196 1108 1258 Glossas
1126 1207 1258 1256 veteres:
1276 1218 1354 1278 pae-

270 1281 399 1355 maara,
421 1273 621 1360 συγκλητικὸς
635 1275 725 1360 ἀνὴρ,
739 1275 758 1338 ὅ
772 1273 855 1358 ἔχων
876 1271 1057 1360 πορφύραν.
1077 1279 1216 1340 Nimim
1235 1277 1296 1339 boe
1315 1279 1355 1340 de

271 1360 340 1422 aula
354 1361 518 1444 Byzantina
538 1373 569 1422 et
592 1362 781 1444 sequioribus
799 1363 986 1444 temporibus
1004 1363 1167 1443 aecipiatur
1186 1371 1354 1422 statuatur-

270 1463 351 1526 que,
385 1443 469 1526 quod
496 1443 570 1505 olim
601 1443 729 1526 paenula
749 1455 836 1517 erat,
872 1445 904 1504 id
925 1447 1163 1526 scaramangium
1180 1450 1255 1504 tun'c
1274 1455 1353 1504 tem-

269 1527 353 1607 poris
372 1525 463 1588 fuisse
497 1527 634 1605 dictum,
667 1530 788 1588 veritati
824 1538 857 1588 et
879 1527 1009 1608 antiquis
1030 1526 1175 1587 Romanis
1205 1529 1354 1587 institutis

270 1629 326 1690 per
359 1613 459 1690 prima
478 1611 538 1672 tria
569 1623 639 1691 post
671 1611 708 1670 C.
737 1611 778 1680 Ν,
809 1608 929 1676 meula
981 1621 1075 1692 uguat
1104 1609 1208 1686 lours,
1241 1610 1354 1690 quibus

269 1691 400 1834 paenula
419 1713 482 1753 non
514 1695 609 1775 magis
625 1704 809 1768 senatorum,
830 1710 923 1775 mam
1002 1690 1090 1775 plebe
1109 1694 1255 1773 cuiusque
1274 1704 1352 1753 erat.

296 1773 399 1835 asilius
426 1797 547 1858 quoque
576 1776 732 1859 presbyter
760 1779 793 1836 in
821 1777 901 1837 notis
931 1773 971 1837 ad
998 1777 1136 1865 Gregorii
1169 1774 1353 1836 Naz'stenseni

270 1855 449 1918 Steliteutic.
477 1858 633 1938 tribunes,
664 1859 775 1942 quibus
806 1858 997 1941 aequivalere
1020 1859 1165 1920 dicuntur
1181 1858 1351 1938 paenulae,

270 1939 352 2000 idem
389 1944 569 2022 pronuntiat
596 1963 665 2001 oum
694 1941 904 2024 scaramangiis
931 1962 1007 2003 esse.
1051 1941 1156 2002 Verba
1175 1941 1240 2000 eius
1259 1952 1350 2001 suat:

268 2018 678 2186 {iiiiimi⁶⁰‘,iili“ii
689 2020 966 2187 tlt‘tttlrtit
993 2017 1351 2186 ὄῗίἷοὶζμῖἷῗῗᾏῗ

268 2205 305 2246 το
325 2173 364 2264 ἤν
384 2150 501 2258 αὐτοῖς’
513 2187 589 2246 καθ’
609 2179 743 2266 ἑκάστην
763 2183 977 2269 φορούμενον,
999 2184 1045 2260 οἷς
1063 2193 1129 2260 τοῖς
1147 2186 1351 2265 πολιτευομέ-

268 2286 335 2340 νοις
354 2262 389 2326 τὸ
409 2263 653 2348 οκαραμᾶγγιον.
707 2269 869 2330 consaret
888 2291 960 2353 ergo
978 2274 1039 2343 sic,
1060 2271 1302 2352 scaramangium
1321 2281 1353 2330 et

268 2349 430 2430 paenulam
465 2350 570 2428 idem,
597 2362 651 2412 aut
675 2353 917 2434 propemodum,
950 2354 1051 2416 fnisse.
1102 2353 1146 2415 At
1166 2353 1265 2435 qualis
1286 2363 1352 2414 erat

269 2430 366 2492 forma
385 2432 554 2514 paenulae?
594 2435 642 2494 De
662 2455 699 2496 ea
724 2457 786 2498 non
806 2447 936 2497 onustat.
977 2436 1090 2496 Fuitne
1110 2439 1351 2518 scaramangium

268 2513 406 2595 pellitum
426 2537 480 2578 seu
499 2515 578 2598 pelle
597 2516 808 2599 duplioatum?
856 2519 886 2580 E
902 2519 1016 2580 Nostro
1048 2520 1171 2601 quidem
1192 2539 1256 2578 non
1275 2539 1350 2579 oon·

268 2607 345 2669 stat,
367 2600 419 2682 qui
439 2620 534 2681 paene
554 2621 703 2682 nusquam
723 2601 831 2683 pellitii
857 2604 1042 2663 mentionem
1062 2602 1147 2664 fauit.
1187 2600 1283 2678 Quod
1301 2601 1351 2662 bie

269 2680 439 2762 appellatur
458 2686 697 2765 scaramangium
717 2696 898 2761 castoreum,
919 2696 1019 2765 potest
1036 2705 1133 2766 aeque
1150 2683 1229 2744 bene
1240 2705 1259 2744 e
1278 2681 1350 2766 pilis

268 2765 393 2825 oastoris
411 2776 548 2844 textum,
577 2787 669 2848 quam
685 2769 836 2828 castorina
863 2765 940 2848 pelle
959 2767 1132 2828 foder-atum
1151 2786 1226 2828 ease.
1267 2767 1350 2828 Puto

267 2853 370 2906 tamen
389 2851 526 2926 omuino,
556 2850 687 2910 Graecos
712 2849 911 2932 Byzantinos,
932 2861 967 2910 ut
985 2851 1112 2932 frigidae
1130 2848 1282 2910 Thraciae
1301 2852 1350 2910 in-

267 2927 349 2987 colas
382 2939 413 2990 et
447 2933 633 2992 oommerciis
666 2932 914 3014 frequentissimis
936 2944 1114 3015 cumgente
1132 2933 1259 2993 Russioe
1278 2935 1350 2992 iun·

267 3019 357 3086 ctos,
387 3031 458 3070 enm
486 3012 553 3072 aliis
583 3014 709 3074 Russiae
739 3015 896 3083 mercibus,
918 3014 1011 3096 pellas
1039 3036 1182 3098 quoque,
1216 3035 1350 3096 quarum

266 3093 549 3173 pretiosissimarum
575 3107 606 3158 et
635 3099 948 3160 numerosissimarum
976 3097 1045 3164 illa.
1061 3100 1146 3180 regio
1163 3107 1262 3157 mater
1280 3108 1350 3178 est,

267 3179 425 3258 accepisse,
466 3177 617 3238 Paenulas
636 3189 736 3240 autem
748 3179 868 3261 pellitus
886 3181 988 3258 fisse,
1005 3179 1087 3241 clare
1105 3191 1230 3261 apparet
1249 3201 1285 3240 ex
1298 3201 1350 3258 eo,

266 3259 350 3338 quod
366 3259 521 3343 perminus
541 3259 621 3320 idem
641 3271 731 3343 atque
746 3263 868 3347 pellinis
887 3263 935 3324 vel
950 3265 1068 3346 pellitae
1085 3263 1223 3346 ᾰυρὶαοκ
1243 3274 1351 3342 notat;

266 3357 300 3398 v.
322 3342 373 3402 Du
388 3343 490 3425 Cauge
509 3363 541 3404 v.
574 3341 744 3406 Pemdam.
790 3345 834 3406 Et
852 3367 926 3408 sane
948 3349 1062 3428 penula
1080 3345 1157 3406 nibil
1176 3343 1261 3404 aliud
1281 3356 1350 3424 ost,

266 3443 358 3562 pram
374 3425 511 3508 pellrda3
531 3425 623 3499 πέλος
643 3426 788 3525 οοιπέλος
809 3437 856 3488 est
869 3429 972 3526 pellr's3
991 3451 1051 3510 pro
1066 3429 1183 3527 pelhlu
1206 3428 1351 3525 dixerunt

266 3511 974 3674 dilldlblapesblalralllrbabtgiivdllidliblnfflnrlb
989 3513 1048 3655 aliri
1065 3510 1258 3677 ellyhbolozell.
1274 3522 1350 3654 sagi

266 3665 342 3730 solet
364 3673 396 3728 in
416 3673 551 3734 obscuris
571 3677 703 3757 antiquis
721 3677 821 3747 rebus,
847 3681 950 3738 variae
965 3679 1156 3738 coniecturae
1174 3675 1235 3736 buo
1253 3675 1294 3736 de
1312 3697 1349 3737 re

265 3749 411 3811 subnatae
436 3756 572 3816 animum
591 3759 622 3818 iu
642 3757 762 3820 diversa
780 3758 994 3820 disuaserunt.
1037 3761 1124 3838 Quas
1142 3759 1348 3842 proferamus,

264 3851 304 3890 tn
324 3853 472 3914 premam,
492 3859 601 3921 anceps
622 3839 744 3902 haereo.
785 3843 943 3903 Proferam
971 3855 1073 3903 tamen
1092 3864 1187 3902 unam
1205 3841 1350 3902 alteram·

264 3931 322 3991 ve,
351 3936 429 3996 qliae
448 3919 570 4002 aliquali
591 3926 656 3983 veri
676 3925 826 4005 speciose
845 3926 1066 3988 oommendent.
1107 3925 1279 3986 Videbatur
1297 3924 1351 4007 igi-

263 4021 316 4072 tur
334 4011 497 4096 aliquando
516 4041 576 4082 vox
596 4020 744 4085 Arabiane
764 4027 888 4107 originis
911 4047 990 4103 asse,
1011 4025 1189 4086 deducenda
1209 4046 1229 4086 a
1258 4033 1266 4047 '
1301 4017 1349 4104 ῤ’

262 4093 555 4181 ἱαοεοε,ρνο1ἰιιο.
596 4103 774 4170 Hocsensu
804 4129 910 4172 vooem
935 4110 1083 4171 rariorem
1111 4108 1204 4170 babet
1294 4107 1347 4186 ¹,

263 4181 353 4258 1³0illa
365 4181 475 4251 aaut
498 4186 617 4248 octavi:
