2975 4892
280 219 358 326 142
407 260 416 278 ·
481 244 536 314 ro.
567 243 647 316 ric.
676 241 824 315 narsen
851 238 1136 318 comamtsmr

273 401 401 484 epistula
427 400 526 464 Alexii
551 404 628 485 lmp.
652 401 691 464 ad
712 402 877 465 Robertum
902 402 1080 482 Frisoncm,
1115 401 1296 468 Hollandiac
1323 405 1360 467 el

275 485 438 548 Flandriae
466 489 635 565 Comitem,
664 486 746 570 apud
764 488 815 547 Du
836 487 937 568 Cange
961 488 1001 548 ad
1020 487 1155 549 Aleriad.
1197 504 1211 548 '.
1229 490 1304 566 554.
1324 493 1362 551 et

277 569 364 648 336,
387 583 516 652 quarum
541 589 638 652 neque
661 572 877 630 Constantinus
897 581 1021 650 noster,
1042 590 1142 652 neque
1163 511 1216 632 elii
1246 576 1361 634 memi-

276 672 361 714 nere.
402 655 494 715 Sacra
522 655 597 714 haec
620 675 710 730 vasa,
744 672 807 735 quo
831 655 984 735 pertinent
1007 675 1130 736 quoque
1151 654 1360 734 candelabra,

276 737 400 812 cruces,
435 737 561 812 calices,
596 736 673 798 alius
698 739 822 796 ornatus
847 758 957 797 aureus
985 749 1016 798 et
1042 747 1223 818 argenteus,
1256 750 1363 800 vestes

276 821 387 881 sericae
407 831 465 880 eto.
486 842 575 902 saepe
594 821 785 882 ostentationi
807 821 1026 902 Imperatorum
1046 820 1268 894 inserviebam,
1300 822 1363 904 quai

277 917 312 964 ea
337 914 390 964 aut
414 905 622 964 monstrabant
650 904 815 985 peregrinis
841 902 945 985 legatis
978 907 1029 984 (v.
1058 903 1154 962 Leon.
1183 905 1362 966 Grammat·

301 1029 308 1046 .
324 984 395 1064 485.
410 987 484 1063 D.),
503 997 557 1047 aut
578 1007 595 1046 e
613 984 731 1068 templis
748 984 912 1066 petebant,
934 997 964 1046 et
982 985 1094 1068 palatia
1115 1007 1170 1047 sua
1180 987 1216 1047 iis
1228 988 1364 1049 instrue·

253 1007 372 1146 bant,
388 1076 424 1128 ut
442 1062 553 1150 passim
573 1072 606 1130 in
624 1071 682 1130 hoc
701 1069 804 1129 codice
825 1069 939 1128 factum
959 1068 1087 1151 legitur,
1109 1081 1164 1130 aut
1183 1080 1214 1129 et
1232 1071 1363 1134 circum

276 1153 317 1212 iis
339 1151 508 1230 ornabant,
537 1154 620 1236 quod
640 1153 678 1214 de
698 1150 891 1228 Alexandro,
920 1155 1030 1213 Leonis
1050 1152 1162 1229 lintre,
1189 1153 1365 1234 Scriptores

275 1233 920 1402 ttaffttlttfflttttrilrl
943 1236 1241 1380 ..ltlttlrl
1255 1235 1363 1380 tlt:

637 1365 646 1397 ἱ

276 1399 437 1461 vabantu.

359 1484 400 1544 A.
411 1423 532 1565 benult.
549 1481 617 1567 [34,
629 1480 679 1567 9.]
700 1485 835 1566 χρυσοῖς
854 1481 995 1555 sauctae.
1019 1482 1087 1543 Non
1099 1492 1165 1543 tota
1176 1503 1269 1544 aurea
1287 1482 1362 1544 sub

276 1561 360 1625 sellia
381 1576 486 1644 erant,
516 1569 569 1630 s'ed
592 1567 693 1648 lignea
717 1569 796 1630 foliis
816 1567 915 1626 aurcis
935 1566 1079 1628 obducta.
1121 1567 1163 1626 Et
1183 1567 1214 1625 id
1236 1567 1268 1626 in
1285 1569 1363 1627 uni—

272 1667 396 1708 ¹veirsum
419 1651 458 1710 de
477 1653 576 1712 aureis
594 1672 648 1731 per
664 1650 748 1713 hunc
774 1649 909 1711 codicem
927 1648 1016 1711 dictis
1030 1651 1111 1711 vasis
1129 1645 1366 1732 intelligendum

275 1741 339 1806 est,
362 1753 437 1792 auro
456 1744 576 1794 tantum
592 1735 759 1796 incrustata
782 1733 883 1796 fuisse.

357 1816 393 1876 B.
411 1837 442 1876 a.
458 1815 527 1898 [54
545 1815 611 1898 rm]
631 1811 749 1896 νάρδον
768 1809 878 1876 καὶτὰ
898 1807 1056 1893 roepellio.
1096 1815 1185 1894 Quae
1203 1812 1366 1877 illustran-

213 1941 218 1949 .
276 1895 317 1958 do
336 1895 409 1959 huic
427 1897 495 1959 loco
515 1900 649 1976 faciunt,
670 1900 732 1960 diri
756 1900 796 1959 ed
815 1918 846 1981 p.
861 1895 934 1976 442.
950 1897 986 1956 C.
1002 1895 1035 1975 4.

360 1981 441 2063 C.9.
458 1981 527 2063 [35‚
548 1980 591 2063 r.]
613 1976 721 2054 καθώς
745 1978 947 2062 προείρηται,
979 1973 1184 2058 α’κτολογοόσι
1207 1975 1368 2062 τὰμέρη.

155 2143 156 2146 ¹
276 2057 379 2122 Verba
397 2062 471 2123 haee
489 2063 617 2124 delenda
630 2075 714 2124 sunt.
758 2066 794 2125 ln
806 2065 879 2145 ipsis
895 2062 1019 2145 quidem
1029 2064 1258 2145 conspiciuntur
1268 2085 1366 2124 mern-

276 2138 400 2221 branis,
422 2145 539 2223 fateor,
563 2148 616 2208 sed
638 2145 779 2208 librarius
799 2150 915 2228 primae
933 2145 1066 2228 syllabae
1085 2169 1126 2206 κα
1147 2147 1209 2206 duo
1226 2152 1363 2228 puncta,

276 2237 308 2286 et
328 2224 452 2288 ultimae
469 2227 603 2314 syllabae
623 2251 662 2313 ρη
683 2233 756 2292 item
779 2231 840 2291 duo
855 2240 970 2312 puncta
990 2226 1257 2311 superscripserat,
1279 2229 1366 2289 indi-

276 2320 422 2390 caturus,
444 2333 480 2373 ea
501 2315 623 2388 omnia,
650 2332 728 2394 quae
751 2316 815 2374 istis
832 2323 963 2395 quatuor
983 2313 1105 2394 punctis
1129 2316 1293 2393 intercepta
1314 2334 1367 2372 es·

201 2457 204 2463 ,
276 2403 364 2473 sent,
398 2415 556 2478 perperam
582 2397 692 2478 scripta
717 2407 747 2457 et
771 2396 899 2458 delenda
919 2417 993 2456 esse.
1037 2393 1165 2456 Nolebat
1189 2415 1298 2477 nempe
1323 2395 1367 2455 li·

276 2480 347 2536 tura
355 2475 470 2620 ,codicis
487 2480 666 2563 elegantiam
688 2496 890 2562 corrumpere.
933 2480 1108 2540 Recurrunt
1125 2499 1162 2540 ea
1176 2480 1279 2539 statim
1292 2489 1366 2561 pom

277 2579 334 2621 suo
367 2580 433 2620 oco.

359 2643 401 2703 D.
412 2644 530 2725 penult.
547 2641 615 2730 [35,
634 2639 700 2731 rm]
730 2638 784 2706 διὰ
805 2642 863 2706 τοῦ
884 2636 1025 2722 Κυρίου.
1063 2637 1170 2705 Potest
1196 2643 1282 2705 reddi
1307 2655 1367 2705 ant

273 2739 348 2807 per,
371 2737 425 2787 ant
443 2731 543 2812 potius
563 2743 686 2815 praeter
700 2727 852 2792 ecetesiam
870 2724 987 2789 domitii
997 2771 1007 2807 ,
1027 2725 1067 2788 de
1087 2747 1148 2811 qua
1164 2725 1270 2810 paullo
1290 2737 1366 2787 ante

278 2807 418 2868 diximus.

319 2889 477 2973 22.A.'9·
502 2889 573 2972 [55‚
589 2891 654 3035 130]
677 2889 787 2977 φωνὴν
806 2880 863 2973 ἧχ.
883 2886 922 2970 γ’.
963 2893 1010 2954 De
1021 2895 1102 2953 tonis
1118 2892 1240 2952 musicis
1263 2893 1364 2951 Grac-

280 2991 387 3032 comm
414 2973 495 3032 cons.
521 2974 573 3034 Du

278 3057 393 3116 musica
416 3055 564 3154 quaedam
591 3058 663 3120 fecit
680 3061 868 3162 ,puertittoni
890 3067 920 3118 et
941 3079 976 3118 ex
999 3059 1057 3119 ode
1075 3069 1194 3158 octava.
1238 3056 1364 3117 Contin.

277 3137 380 3284 tl}
396 3140 801 3286 aiiiili'r'iilll'ali
817 3141 1164 3306 tliffllgf’tt.
1183 3139 1369 3283 {iiiiii}

278 3303 599 3472 Respng5de]*octavo,
635 3309 759 3393 impleat
781 3307 822 3369 de
845 3319 973 3391 quarto,
1005 3306 1071 3368 vid.
1102 3319 1183 3367 tono.
1225 3303 1366 3365 Meleon.

278 3407 337 3584 Pi&
361 3411 644 3588 a.9111r.[35‚20.]
679 3485 853 3572 παρθένον.
884 3482 948 3550 καὶ.
988 3487 1035 3548 Μ.
1062 3482 1233 3566 παρθένου.
1274 3479 1368 3565 Δοχὴ

281 3587 321 3637 ⁰·
334 3587 398 3728 nali.
413 3688 444 3728 α.
459 3667 527 3752 [35‚
542 3666 611 3753 nm]
635 3659 861 3741 καταπόσεως.
902 3669 949 3729 Μ.
971 3676 1002 3728 et
1020 3664 1071 3728 hic
1090 3665 1149 3729 loci
1176 3676 1206 3727 et
1225 3667 1370 3750 deinceps

279 3747 322 3812 D.
338 3771 370 3812 a.
391 3751 602 3812 tautummodo
624 3745 764 3826 στάσεως
783 3753 918 3830 habent,
940 3762 976 3811 ut
995 3774 1025 3833 p.
1047 3751 1100 3812 23.
1122 3752 1163 3810 D.
1183 3749 1216 3810 6.

360 3851 398 3910 B.
415 3849 443 3912 5.
460 3849 530 3934 [56‚
545 3847 593 3934 m]
624 3841 644 3930 ἦ
666 3841 774 3920 ἔνθεος
793 3848 949 3926 βασιλεία.
993 3851 1074 3927 Quia
1097 3849 1206 3909 Graeci
1230 3847 1367 3929 Impera-

280 3943 361 4002 tures
380 3953 437 4015 pro
460 3931 571 3994 talibus
594 3931 699 3993 haberi
719 3932 882 4009 volebant,
917 3933 970 4013 qui
992 3935 1103 4008 Dcitet
1122 3931 1234 3990 Christi
1255 3929 1364 3990 suffr-a-

281 4015 330 4098 gio
342 4028 371 4077 et
381 4017 493 4076 iudicio
506 4015 608 4098 adepti
619 4026 717 4077 essent
729 4037 869 4099 regnum,
893 4026 922 4074 ct
937 4015 972 4076 ἐν
986 4015 1051 4096 θεῷ
1063 4016 1096 4074 in
1110 4015 1246 4087 nomine,
1260 4012 1368 4072 volun·

280 4111 363 4184 tate,
384 4101 562 4164 auctoritate
581 4109 612 4162 et
623 4097 689 4162 loco
703 4098 757 4162 dei
774 4109 956 4181 regnarent,
971 4094 1042 4160 inde
1058 4119 1090 4159 se
1102 4089 1367 4178 θεοπροβλὴτους,

625 2996 699 3059 ange
726 2975 825 3036 Gloss.
852 2977 908 3035 Gr.
937 2996 971 3036 v.
1004 2965 1093 3054 ἦχος.
1134 2972 1367 3054 *[The0philus
