2975 4892
360 301 448 392 aab
563 324 1207 432 ro.1ae.na1sauoommttrann

360 485 420 551 sus
448 460 625 567 ariusium
655 477 811 558 ramae,
832 483 983 566 nuspa
1010 494 1068 546 etc.
1096 481 1300 567 impactum.
1343 481 1435 544 narn

361 572 458 630 otium
477 579 507 630 et
524 571 670 630 maiorem
697 589 802 628 curam
830 565 944 650 flagitat
972 568 1046 629 haec
1071 569 1239 650 inquisitio.
1282 565 1435 628 Caetsmm

361 651 482 734 regulos
501 649 571 713 illos
583 661 736 712 tractuum
749 649 889 733 Scythiae
911 650 1060 712 Asiaticae
1074 650 1114 712 ad
1126 649 1217 712 Ponti
1227 649 1338 710 Euxini
1353 649 1436 710 θηται

360 737 436 796 n'tae
457 733 549 794 i'uisse
569 733 698 796 vasallos
719 736 938 816 imperatorum
959 733 1171 812 CPtanorum,
1200 733 1328 813 ideoque
1346 733 1436 812 magi·

361 829 494 879 stromm
520 816 636 877 honore
662 817 836 890 decoratos,
870 838 930 877 non
950 838 985 878 ex
1005 816 1065 880 hoc
1085 827 1204 878 tantum
1225 815 1315 890 loco,
1334 815 1386 876 sed
1404 833 1437 874 ex

363 899 467 962 multis
486 897 553 960 aliis
572 909 673 980 patet3
695 911 732 960 ut
752 921 787 961 ex
799 899 902 960 Nostri
921 921 992 982 pag.
1008 903 1080 982 397.
1102 899 1205 981 ibique
1224 897 1321 962 allatis
1339 895 1437 958 titula-

362 985 440 1044 tnris
459 982 631 1079 principum
653 983 890 1065 Hyrcanoraun,
923 993 953 1044 et
973 983 1184 1044 err-Constant.
1213 980 1251 1041 de
1272 981 1436 1040 administr.

361 1067 509 1148 imperio,
532 1087 564 1147 p.
583 1063 652 1126 τιὸ.
672 1065 745 1126 edit.
768 1065 924 1126 nandum
946 1061 1140 1136 εἰσελθόντος
1161 1063 1197 1125 δὲ
1214 1061 1270 1125 τοῦ
1291 1063 1439 1143 Κρικορι-

260 1218 265 1233 -.
360 1147 431 1209 κίον
452 1147 488 1210 ἐν
515 1147 553 1228 τῆ
581 1141 789 1248 θεορυλάκτῳ
818 1144 923 1234 radias,
950 1146 1006 1208 καί
1032 1149 1070 1232 'll
1096 1147 1158 1208 ,τοῦ
1183 1145 1361 1227 μαγάττρου
1390 1141 1440 1204 καί

360 1210 541 1310 στρατηγοῐῖ
562 1231 676 1310 Ταρων
704 1221 776 1315 α”ξίρ
796 1229 979 1310 τιμηθέντος
1001 1240 1074 1311 etc,
1092 1232 1164 1290 item
1184 1250 1217 1312 p.
1239 1227 1307 1290 126.
1329 1227 1392 1288 E.:
1420 1217 1438 1284 o‘

361 1306 516 1392 μακάριος
534 1307 685 1389 βασιλεῦς
715 1306 732 1372 o‘
756 1307 854 1393 κόρης
877 1307 1046 1389 ‘Parnasis
1073 1308 1236 1373 ἀπέστειλε
1257 1304 1313 1372 siv
1333 1306 1440 1387 nospi-

361 1413 431 1456 κιον
443 1391 707 1468 holtasma--
727 1386 873 1466 δεδωκώς
894 1391 980 1480 αὐτῷ
1000 1394 1054 1455 κατ’
1073 1379 1197 1471 idcircor
1217 1388 1438 1474 pertransitor,

362 1470 441 1560 πρὸς
460 1470 496 1537 τὸ
519 1474 650 1557 ποιῆσαι
667 1471 720 1538 τὸν
741 1477 938 1557 Κουρκέττον
958 1471 1012 1539 τὸν
1024 1469 1134 1558 Ἴβηρα
1152 1471 1331 1557 μάγιστρον.

359 1618 362 1622 ,
423 1557 478 1620 82.
491 1558 532 1620 A.
550 1556 584 1637 4.
626 1560 694 1635 138,
711 1558 767 1643 τι]
787 1552 849 1619 aut
869 1559 926 1621 τοῦ
945 1557 1115 1639 λογοθέτον
1137 1554 1351 1638 ἐρωτώμενος.
1378 1555 1437 1638 Αρ-

362 1653 449 1725 paret
469 1663 505 1702 ex
526 1641 585 1702 hoc
615 1664 695 1722 ono,
716 1644 865 1726 principes
884 1653 999 1705 exteros
1018 1643 1237 1723 imperatorum
1251 1640 1440 1700 CPtanorum

362 1723 492 1786 vasallos
511 1745 564 1804 per
574 1725 773 1807 Logothetam
793 1724 892 1786 dromi
914 1725 1101 1786 introductos
1121 1723 1213 1786 fuisse
1225 1723 1265 1783 ad
1276 1722 1439 1795 dominum,

363 1819 396 1871 et
414 1807 455 1868 ab
475 1806 581 1870 eodem
599 1809 807 1890 interrogatos.
852 1811 888 1870 ln
901 1811 1160 1893 universumqerat
1173 1805 1360 1888 Logothetae
1380 1825 1444 1864 mu·

362 1912 422 1951 nus
449 1893 482 1951 in
510 1890 670 1952 audientiis
690 1890 803 1973 legatos
823 1895 1024 1972 interrogare,
1050 1899 1081 1950 et
1107 1889 1299 1970 Imperatoris
1325 1889 1443 1948 nomine

362 1962 545 2054 respondere
560 1974 628 2048 (uisi
649 1973 699 2033 hie
719 1976 782 2054 ipse
803 1975 835 2036 id
856 1975 953 2034 facere
973 1972 1086 2050 vellet).
1128 1972 1217 2033 Patet
1238 1993 1272 2032 ex
1294 1971 1380 2032 Libri
1405 1970 1444 2029 11.

364 2053 790 2201 intermittit·
804 2079 877 2200 p·
899 2055 1245 2200 blattinis·
1266 2075 1336 2196 3³³·
1351 2053 1443 2196 tu

409 2161 489 2280 ΡΑ.
510 2217 543 2279 6.
565 2216 652 2300 [138,
676 2161 805 2304 amsii
828 2161 1134 2283 dbirsrovggarrbxtdv.
1175 2139 1444 2303 Eiiitspollhtam]

362 2301 397 2364 id
418 2313 464 2362 est
483 2301 616 2381 donum,
638 2303 721 2384 quod
741 2309 834 2366 exteri
854 2307 1004 2389 principes
1025 2315 1079 2364 aut
1100 2323 1204 2364 comm
1225 2300 1313 2384 legati
1342 2305 1374 2362 in
1395 2321 1445 2361 au·

364 2383 427 2445 lam
454 2385 653 2471 Byzantinam
679 2388 833 2448 venientes
853 2387 959 2448 afferre
987 2385 1135 2448 solebant.
1178 2385 1246 2446 vid,
1270 2387 1321 2445 Du
1352 2386 1447 2464 Gange

366 2466 467 2528 Glossss
490 2468 547 2526 Gr.
568 2466 604 2530 h.
625 2488 657 2528 v.
701 2463 933 2551 Συμπλὴρωσις
956 2469 1012 2530 τοῦ
1040 2467 1200 2532 κατισκώυ
1231 2479 1295 2546 est,
1327 2467 1462 2550 quando

365 2559 465 2610 totum
484 2571 595 2611 munus
613 2550 751 2612 oblatum
771 2574 791 2614 a
810 2551 920 2614 baiulis
947 2573 1050 2613 coram
1070 2552 1255 2634 Imperatore
1276 2551 1448 2612 traductum

366 2635 762 2798 {immittitis
776 2633 1449 2780 iffitll‘tt'litiittltzhtttt

507 2760 516 2791 ,
1438 2755 1462 2775 .,

255 2814 257 2817 ·
365 2784 434 2856 lion
475 2800 556 2858 enim
588 2819 685 2861 unum
716 2800 815 2862 solum
835 2801 1027 2864 individuum
1056 2799 1256 2877 offerebatur,
1288 2801 1344 2860 sed
1365 2800 1450 2883 plura

365 2878 449 2938 dona
480 2877 586 2957 amul,
624 2880 676 2942 lon
746 2888 823 2949 serie
850 2885 998 2946 stantibus
1024 2883 1158 2962 baiulis;
1196 2882 1451 2964 quemadmodum

367 2961 400 3020 in
419 2957 662 3105 anliqfiTupcica,
712 2969 828 3046 ersica,
848 2965 1018 3050 Megabari,
1043 2967 1142 3028 adhuc
1164 2967 1311 3028 usitatum
1333 2979 1398 3048 est;
1419 2986 1449 3026 v.

429 3063 478 3103 .2
524 3087 533 3105 .
583 3085 592 3104 .

277 3142 283 3153 ·
366 3063 427 3126 pag
449 3125 489 3186 A.
520 3147 566 3187 10.
587 3125 678 3269 kriq,
702 3127 747 3213 r.]
761 3123 836 3202 τούς
854 3129 967 3214 paloor
980 3129 1199 3212 Βουλγάρους.
1221 3129 1359 3196 Multum
1368 3113 1462 3194 rere*

368 3207 514 3273 rebantur
537 3219 568 3270 et
609 3213 779 3274 onorabant
798 3214 918 3295 superbi
940 3217 1046 3276 Graeci
1063 3215 1137 3277 CPli
1152 3215 1321 3297 Balgaros,
1346 3237 1365 3276 a
1386 3215 1452 3297 qui-

325 3298 328 3307 '
368 3290 426 3354 bus
445 3290 639 3355 vehementer
669 3305 699 3355 et
727 3299 899 3378 saepissime
924 3299 1002 3358 caesi
1028 3308 1059 3358 et
1077 3300 1109 3359 in
1134 3301 1287 3381 angustias
1305 3295 1462 3382 compulsi

367 3373 500 3435 fuerant.
544 3375 757 3439 Concedebant
783 3400 890 3460 nempe
923 3381 995 3462 ipsis
1024 3379 1118 3441 libere
1138 3381 1211 3442 CPli
1232 3381 1397 3459 habitare,
1426 3389 1462 3440 et:

368 3459 506 3538 nogotia,
529 3479 583 3519 seu
595 3472 814 3540 mercaturam,
837 3483 994 3539 exercere,
1016 3473 1046 3524 et
1064 3465 1096 3523 in
1111 3463 1217 3525 diebus
1231 3465 1313 3525 sestis
1335 3457 1462 3547 semper

303 3580 308 3593 .
367 3536 564 3618 Imperatores
583 3541 698 3624 aliquot
718 3543 862 3626 Balgaros
882 3547 914 3604 in
937 3545 1013 3606 urbe
1032 3559 1250 3608 commorantes
1270 3559 1455 3609 mercatores

368 3624 526 3704 optimates
553 3623 593 3683 ad
619 3625 755 3707 publicas
776 3647 844 3688 suas
866 3627 968 3710 epulas
999 3627 1201 3706 adhibebant,
1232 3631 1329 3713 iisque
1353 3630 1455 3692 locum

368 3720 459 3843 itt?
478 3705 1456 3870 ili'iigiihi'mlffal‘iitihimiPi⁰i⁵p¹¹¹⁰a³²i³¹g⁰i

446 3827 455 3844 .
705 3839 710 3847 .
964 3816 979 3854 s
1043 3817 1120 3856 erui
1170 3817 1203 3858 ua
1237 3815 1290 3858 ran
1314 3821 1324 3856 ι
1446 3837 1454 3854 .

320 3932 326 3943 ,
367 3883 402 3947 p·
420 3866 546 3942 i8oe.a.,
567 3870 619 3929 sed
639 3891 708 3934 eum
732 3875 927 3937 commodiori
943 3817 1092 3939 occidioni
1114 3819 1246 3942 reservld.
1291 3817 1457 3942 Gaeteh‘iram

370 3941 470 4030 poor,
486 3949 735 4049 appellabantur,
762 3960 814 4040 qui
842 3959 938 4041 epulis
967 3961 1208 4038 adhibebantur,
1243 3975 1274 4024 et
1303 3985 1341 4024 eo
1364 3965 1462 4024 sensui

369 4037 429 4127 vox
457 4046 546 4092 mres
572 4055 591 4094 a
612 4036 653 4096 ud
673 4040 882 4122 Lampridium
912 4065 1035 4129 quoque
1063 4047 1195 4108 occurrit
1223 4067 1280 4128 pm
1302 4048 1454 4108 conviva.

369 4109 444 4172 vu.
474 4115 539 4176 Ser.
598 4121 645 4179 ist.
671 4121 752 4204 Aug.
785 4126 825 4186 Τ.
847 4125 873 4185 l.
894 4147 926 4208 p.
942 4126 1016 4210 957.
1058 4128 1107 4190 Sic
1128 4150 1249 4212 quoque
1275 4127 1462 4191 Athenaeus

348 4213 404 4279 ·p.
428 4192 498 4260 aba.
517 4197 595 4264 fines
623 4199 646 4263 'd
667 4200 857 4286 καλούμενος
878 4207 968 4293 pcipe
989 4209 1146 4296 τραπέζης
1164 4213 1224 4292 μὲν
1243 4210 1283 4272 od
1301 4216 1462 4300 etormet}
