2975 4892
293 273 386 401 ind!
501 299 558 365 ιο.
588 297 673 364 uo
695 302 843 366 aursni
871 297 1163 367 commutari
1210 267 1217 277 ’

851 475 885 510 n
904 469 908 482 ¹

295 531 334 592 ln
351 527 456 592 codice
475 537 522 588 est
542 527 575 585 le
595 517 706 606 φωνὴν
725 523 787 586 ἀπὸ
811 549 890 608 aon,
914 528 944 588 id
967 537 1028 605 est,
1055 527 1138 604 λέγει
1167 517 1277 608 puris
1305 517 1368 586 tut

296 610 459 695 apennia,
480 612 536 670 itta
541 609 643 688 factio
665 607 738 667 dicit
754 613 885 692 phocam
907 631 958 670 ore
983 623 1147 671 cantorum.

364 693 434 757 186.
456 693 497 753 A.
514 716 543 775 7,
564 691 651 772 [3¹9.
667 689 713 772 5.]
733 684 821 752 νάνα.
863 695 920 753 Hic
938 705 967 753 et
985 693 1124 773 deinceps
1139 692 1252 751 eratin
1267 690 1373 751 codice

300 773 402 854 rari,
424 787 548 837 accentu
565 777 597 832 in
616 771 734 833 ultima.

380 859 414 920 B.
443 879 471 923 1.
501 858 590 941 [3¹9⁹
619 853 682 937 ro]
709 859 860 930 μεσιτεῖα.
913 858 960 918 lta
984 877 1105 940 quoque
1126 866 1171 916 est
1202 855 1234 916 in
1257 855 1373 916 codice.

299 941 360 1003 sed
386 941 477 1002 scrib.
497 933 637 1020 psotrtr'pt
651 938 682 996 in
696 935 810 1014 dativo,
826 961 884 1020 per
897 940 1143 1010 intercessionem,
1168 940 1375 1000 mediationem

298 1039 390 1086 tuam.
413 1025 526 1084 Venias
537 1033 637 1079 tamen
649 1042 684 1080 ex
698 1015 857 1081 collatione
867 1020 925 1081 loci
941 1043 972 1102 p.
987 1022 1053 1103 189.
1065 1023 1103 1082 D.
1116 1021 1147 1098 4.
1159 1023 1189 1080 in
1202 1042 1267 1081 eam
1281 1023 1376 1101 opini-

300 1125 411 1180 onem,
430 1117 465 1166 ut
486 1104 590 1166 credas
608 1104 718 1163 omissa
739 1105 886 1184 quaedam
899 1105 948 1164 hic
963 1125 1038 1180 esse,
1056 1125 1164 1184 nempe
1176 1103 1237 1163 τῶν
1257 1101 1377 1164 πιστῶν-

298 1183 455 1267 βασιλέων
466 1183 566 1267 ἡμῶν,
583 1186 782 1246 intercessione
790 1187 929 1270 ficleliran
946 1200 1109 1246 nosoomm
1122 1178 1354 1270 imperator-min

357 1261 363 1271 ¹
382 1272 424 1330 D.
440 1293 469 1352 7.
492 1269 576 1352 [3²o,
597 1266 661 1350 rt]
681 1265 721 1327 τὰ
736 1264 801 1329 ἴσα.
845 1269 918 1328 Fuit
936 1268 1116 1350 aliquando,
1138 1289 1207 1328 cum
1224 1267 1378 1330 crederem

236 1375 265 1419 ·,
301 1352 560 1413 benedictionem
580 1351 769 1432 significare:
861 1354 966 1410 itamar
988 1352 1127 1434 exempla
1156 1353 1296 1411 victoriae
1323 1372 1378 1410 va-

299 1449 398 1509 strae,
420 1436 453 1513 id
475 1445 522 1495 est
540 1433 711 1507 schedulas,
730 1433 781 1515 qu'
806 1455 841 1492 us
860 1437 1068 1494 testimonium
1090 1434 1231 1494 victoriae
1258 1443 1378 1492 vestrae

301 1517 499 1600 perhibetur„
524 1517 635 1597 quibus
660 1517 831 1578 authentice
858 1517 1014 1598 profitetur
1036 1517 1222 1596 Imperator,
1251 1536 1306 1576 vos
1330 1513 1380 1576 ti·

303 1603 388 1667 cisse.
422 1591 505 1661 Ἴσον
529 1611 610 1660 certe
639 1610 683 1660 est
712 1599 903 1681 exemplum,
932 1598 1048 1660 calamo
1075 1599 1219 1678 scripturn
1252 1597 1381 1658 alicuius

301 1681 495 1761 ovudolszi‘cv
517 1693 572 1742 aut
594 1683 697 1764 scripti
720 1681 861 1758 relecti,
884 1682 1088 1762 cuiuscunque
1104 1679 1226 1740 tandem
1240 1691 1380 1756 naturae,

302 1775 366 1831 tam
407 1763 572 1846 originale,
607 1762 834 1843 πρωτότυπον,
873 1764 1035 1845 Πνεεήνῇῖ,
1059 1754 1068 1775 '
1088 1763 1246 1836 Urtuade,
1287 1784 1383 1842 quam

300 1850 414 1932 capuae,
428 1848 479 1909 vel
491 1849 672 1931 mitr'graplii,
687 1847 847 1926 Absclirfi,
871 1847 970 1930 Cupie.
1010 1846 1083 1906 Vid.
1096 1847 1146 1905 Du
1164 1845 1264 1927 Gange
1282 1843 1383 1906 Gloss.
1452 1847 1463 1878 r

300 1930 371 1993 Lat.
389 1952 422 1992 v.
438 1931 550 2028 flppar
570 1941 601 1990 et
620 1930 732 2027 Oppiis,-
753 1930 807 1990 ubi
832 1933 905 1990 citat
927 1951 961 1989 ex
984 1927 1098 1990 Concil.
1119 1927 1380 2008 Constantinopol.

180 2009 184 2018 ’
267 2059 274 2071 .
302 2006 373 2072 ἴσον
392 2016 533 2092 πραξεως
553 2033 729 2091 συστασης,
758 2013 846 2095 copia
871 2013 994 2072 actionis
1012 2015 1169 2093 firmatae
1198 2023 1300 2070 contra
1324 2019 1379 2070 4.

304 2093 364 2154 Sed
390 2094 537 2174 significat
557 2115 678 2175 quoque
703 2095 856 2156 interdurn
882 2105 1097 2176 prototypum,
1127 2093 1269 2171 originale
1305 2093 1383 2152 scri-

301 2186 406 2258 ptum,
441 2187 477 2236 ut
498 2177 579 2256 apud
602 2177 726 2237 Latinos
746 2177 926 2238 vocabulum
950 2197 1024 2260 par.
1072 2174 1239 2236 Radevicus
1265 2172 1288 2234 1.
1313 2195 1360 2234 10.
1372 2191 1385 2236 t

301 2255 401 2323 Porro
421 2261 493 2342 quia
514 2259 607 2318 multa
622 2262 716 2342 partic
733 2259 777 2342 [id
798 2271 843 2320 est
860 2259 1014 2340 exempla,
1037 2257 1248 2340 autographa,]
1268 2258 1384 2318 littera-

303 2362 371 2399 rum
392 2341 476 2424 apid
497 2361 545 2400 eos
573 2355 690 2425 reperta
708 2357 775 2403 sunt
798 2342 890 2425 [quae
909 2338 1021 2403 scilicet
1044 2341 1177 2402 ciusdem
1204 2362 1308 2402 omnes
1332 2361 1384 2400 nr·

304 2425 460 2504 gumenti,
482 2423 649 2505 iisdemque
669 2423 807 2486 formulis
828 2437 1005 2507 conceptae,
1028 2425 1080 2485 sed
1100 2424 1139 2484 ad
1159 2423 1295 2484 diversos
1315 2443 1385 2483 exa-

305 2517 388 2566 ratae
414 2518 530 2579 essent,
561 2517 591 2566 et
614 2517 733 2567 tantum
764 2508 796 2568 in
821 2511 945 2590 paucis,
968 2506 1141 2568 nominibus
1167 2527 1275 2588 nempe
1300 2509 1386 2566 viro·-

304 2596 395 2667 ruin,
410 2588 450 2648 ad
476 2609 552 2670 quos
577 2589 708 2650 mentae
729 2603 844 2665 essent,
868 2587 1054 2732 variarentd
1071 2603 1100 2650 et
1121 2587 1277 2649 schedulae
1299 2591 1383 2670 sigil-

306 2671 387 2731 Iotae
405 2673 451 2732 nd
468 2672 625 2732 arbitr-ium
649 2695 752 2734 eorum
773 2674 962 2748 scribendae,-
984 2695 1025 2754 qu
1055 2694 1087 2734 es
1104 2691 1161 2731 nos
1182 2671 1273 2732 hodie
1289 2685 1383 2732 cartes

306 2754 443 2815 Moches
471 2753 668 2836 appellemus.
718 2757 766 2816 Eo
787 2777 874 2817 sensu
899 2767 1024 2842 usurp&
1044 2777 1073 2816 v.
1100 2749 1167 2815 ἴσον
1185 2754 1385 2836 Theophanes

305 2857 337 2914 p.
358 2835 426 2914 ιι4.
448 2837 490 2895 D.
511 2837 584 2914 fine,
606 2838 658 2901 uhi
674 2839 716 2898 sic
736 2851 852 2916 narrat3
874 2840 982 2922 dignus
999 2841 1080 2899 enim
1099 2846 1144 2897 est
1162 2836 1245 2898 locus
1268 2839 1385 2919 exposi-

305 2919 399 2991 tione,
424 2939 516 2999 quem
530 2918 637 2979 doctus
659 2922 807 3001 interpres
828 2943 889 2982 non
915 2933 995 2982 recte
1012 2921 1153 3003 percepit.
1199 2919 1311 2982 Acacrb
1330 2921 1387 2980 de-

292 3001 416 3080 swicto,
438 3003 493 3077 ait,
507 3004 637 3060 necessit
643 3004 785 3063 Fravitas
801 3007 833 3064 in
847 3007 942 3089 episco
963 3019 1014 3064 atu
1026 3005 1160 3075 CPtanc,
1174 3005 1227 3087 qui
1245 3004 1289 3062 ad
1301 3005 1386 3062 Feli-

305 3103 380 3160 cem,
399 3083 522 3155 Roaiam
537 3084 622 3144 etad
634 3070 786 3166 Monguai,
799 3079 900 3148 Alea:¹
966 3090 1005 3147 'ae
1019 3089 1114 3173 eppsco
1136 3107 1194 3160 um,
1213 3086 1324 3145 litteras
1335 3083 1388 3145 da-

305 3163 358 3224 bat
376 3165 517 3224 aduersas
535 3167 591 3225 sibi
609 3180 638 3226 et
655 3173 768 3253 utrique
776 3173 888 3249 fucum
894 3173 1046 3249 sacoaras.
1121 3189 1202 3228 enim
1218 3170 1328 3228 litteras
1344 3169 1390 3228 ud

306 3245 451 3329 Mongum
469 3250 646 3332 interceptas
662 3252 700 3309 ab
718 3253 891 3314 orthodoxis
904 3253 1065 3336 accipiebat
1077 3251 1170 3310 Felix
1178 3254 1273 3334 prius,
1295 3273 1386 3336 qum

305 3333 500 3471 ppocsismm'i
512 3333 562 3390 vel
575 3335 755 3415 responsales
777 3349 829 3395 aut
850 3336 941 3414 legati
955 3336 1099 3395 Fmvitae
1118 3355 1185 3392 cum
1206 3336 1264 3394 sru's
1281 3335 1387 3394 litteris

332 3433 434 3473 ornam
454 3416 598 3474 venirent.
629 3415 686 3474 Hie
697 3427 744 3476 est
755 3439 859 3481 sensus
868 3417 1012 3478 obscurae
1026 3417 1165 3477 dictionis
1179 3413 1270 3488 dicta}
1292 3415 1327 3475 δὲ
1346 3412 1386 3476 τὰ

306 3487 362 3582 ἴσα
380 3489 458 3576 πρὸς
472 3489 525 3556 τὸν
537 3489 669 3576 Mo'yycv
682 3497 869 3580 πεμφθέντα
886 3497 1012 3574 ἑδεῖατο
1028 3493 1113 3576 παρὰ
1136 3490 1389 3576 τῶῃῖρθυδόξων

307 3572 513 3654 προλαβόντα.
544 3579 660 3640 Eodem
676 3603 764 3645 sensu
786 3584 881 3664 accipi
895 3582 983 3643 debet
1000 3583 1030 3642 in
1046 3579 1098 3640 illo
1111 3580 1298 3641 Constantini
1310 3581 1388 3641 Por*

305 3656 403 3754 phys,
425 3658 463 3718 de
488 3663 543 3719 vit.
566 3663 659 3731 llnsil.
687 3665 805 3724 Maced.
831 3688 863 3747 p.
896 3686 959 3766 ¹9‘l·
983 3666 1018 3734 B.
1048 3645 1127 3724 ult:
1164 3657 1200 3722 τὸ
1232 3656 1300 3724 ἴσον
1329 3663 1389 3742 τῆς

309 3736 481 3812 diurnitate
511 3742 611 3822 αὐτῆς
647 3745 703 3815 ἐπὶ
734 3753 829 3828 χεῖρα
866 3749 993 3824 latiora,
1022 3747 1187 3817 testamenti
1220 3746 1390 3834 exemplum

308 3822 523 3903 (prototypum)
556 3827 588 3884 in
624 3851 730 3893 uranus
764 3852 888 3890 airricus.
934 3828 1052 3901 Attuli,
1091 3849 1170 3909 quae
1201 3829 1304 3910 potui,
1349 3829 1389 3888 ad

308 3904 436 3984 speciem
463 3909 643 3986 expositioni
665 3932 750 3972 meae
769 3914 948 3973 faciendam.
991 3913 1106 3972 Verum
1132 3931 1225 3990 quum
1248 3911 1390 3992 deinceps

309 4003 379 4084 pap.
401 3985 469 4069 187.
495 3989 529 4049 B.
551 3987 582 4050 8.
604 3996 636 4052 et
659 4014 706 4054 ια.
737 3989 777 4053 roi
800 3989 854 4055 ἴσα
884 3995 938 4075 τῆς
964 3994 1050 4073 νίκης
1080 3988 1170 4068 ὑμῶν
1199 3988 1279 4053 κατὰ
1310 3995 1389 4072 βαρ-

309 4069 419 4149 βαρωθ
440 4081 471 4130 ct
490 4069 524 4138 C.
546 4075 578 4134 3.
599 4068 721 4155 ,rciioa
746 4078 810 4139 τῶν
830 4076 1046 4158 στρατοπέδων
1071 4087 1102 4136 et
1134 4075 1172 4135 C.
1203 4073 1232 4139 ἃ
1265 4069 1305 4135 τὰ
1333 4069 1388 4144 tta

308 4147 473 4227 adriacis
488 4151 673 4239 habeamus,
696 4158 824 4224 efficitur
839 4181 856 4222 e
871 4163 1094 4242 comparatione
1105 4156 1244 4222 locorum
1265 4157 1389 4222 istorum
