2975 4892
137 320 197 387 so
230 318 462 387 cossrurr.
490 320 637 387 somn.
664 322 720 387 oe
748 320 887 390 cmm.
917 324 993 391 ua.
1026 326 1053 391 1.
1083 326 1146 413 ‘¹7

60 477 313 538 demtioois
332 475 384 537 vel
407 476 588 537 ascensionis
607 474 720 537 Christi
736 476 771 537 in
788 474 907 539 coelom
924 478 963 540 ad
980 478 1077 564 Pagus
1090 498 1145 541 acu

60 560 180 636 Fontes,
193 560 286 621 -lissto
307 560 502 620 Pentecostss
521 558 560 618 ad
582 560 616 619 S.
637 562 791 637 Mucium,
814 560 889 623 festo
907 562 940 623 S.
961 564 1082 645 Georgii
1103 562 1144 625 ad

62 647 250 724 Magnanram
269 654 332 703 etc.
380 643 445 703 Hae
463 644 667 723 prooemioucs
685 654 772 703 erant
790 646 929 725 typicae,
951 666 1002 705 seu
1022 647 1096 706 lixae
1114 656 1145 707 et

60 730 283 808 espraoecripta
305 724 437 800 formula
448 725 654 786 ceremonialis
664 728 753 785 certis
773 729 835 787 suis
854 728 962 789 dicbus
982 726 1142 811 alligatae,

63 821 89 867 nt
107 832 166 869 mm
184 820 295 891 pooeet
307 809 480 889 imperator
491 808 650 867 commode
660 808 742 869 domi
760 830 904 886 manere,
926 820 979 870 aut
998 810 1059 871 aliu
1078 814 1143 887 ire,

61 914 138 972 qmm
157 895 388 974 praescriptum
399 901 487 951 eset.
531 890 609 951 Aliis
628 893 708 951 enim
731 891 838 952 diebos
857 893 1018 954 dominicis
1039 902 1143 955 ruente¹²
1239 918 1247 933 ·

62 975 122 1035 boot
134 977 344 1057 impu-atores
357 978 435 1034 intra
454 972 619 1055 palatium,
641 986 671 1035 ct
690 974 921 1057 treqrrentabaut
940 976 1053 1037 aulicas
1075 992 1145 1038 mas

62 1058 200 1135 recisum,
222 1080 309 1141 quas
327 1060 409 1118 intu-
427 1058 605 1139 praecipuee
617 1069 704 1118 crant
724 1057 744 1137 ἡ
766 1058 823 1119 roci
846 1056 969 1133 Kopion
990 1071 1021 1121 et
1046 1053 1067 1141 ἡ
1087 1060 1144 1159 rp't

64 1139 197 1201 &nim
229 1141 299 1201 τοῦ
320 1133 444 1219 Φάρον.
485 1141 565 1202 Hinc
584 1140 785 1224 intelligitur,
814 1162 909 1223 quate
930 1136 987 1215 tric
1006 1157 1143 1214 turenae

61 1218 245 1300 mnium
270 1224 383 1283 dixerit
404 1223 558 1283 cedrenus
579 1246 612 1305 p.
630 1223 704 1285 635.
728 1226 771 1285 D.
813 1224 970 1305 μηδέπω
1003 1224 1038 1287 dr
1069 1232 1141 1297 ταῖς

64 1312 188 1377 τυπικαῖς
208 1302 298 1385 πρὸς
317 1305 399 1365 θέαν
417 1305 482 1365 coir
509 1306 608 1367 θείων
636 1308 724 1368 rucis
751 1300 955 1387 npoeisaiueoc
974 1301 1063 1379 κενὸς
1086 1304 1143 1369 trad

65 1382 184 1465 ἄκαρπος
202 1378 320 1470 ὄφθη.
363 1390 500 1449 Manntit
519 1388 570 1449 bic
590 1390 667 1449 ritus
685 1409 800 1451 emore
812 1400 949 1451 veterum
971 1390 1141 1473 imperato-

66 1488 122 1529 rnm
136 1473 351 1533 Romamrom
364 1474 454 1532 certis
472 1472 580 1533 dicbus
599 1474 639 1532 ad
659 1474 762 1533 lovem
776 1470 1000 1556 Capitolinum,
1022 1472 1090 1539 aliis
1100 1472 1141 1535 ad

67 1554 141 1613 tedes
155 1555 317 1616 Victoriae
342 1556 376 1614 in
396 1556 502 1615 castris
522 1555 722 1633 suburbanis,
746 1556 813 1617 aliis
831 1556 891 1617 alio
911 1556 1093 1639 procedendi
1111 1568 1143 1619 et

70 1638 254 1716 mitond,
294 1636 334 1699 de
359 1658 422 1721 quo
451 1658 485 1700 ex
512 1638 742 1699 Herudiaooet
767 1638 915 1701 similibus
944 1640 1166 1736 scriptoribusx

72 1731 174 1781 ml.

134 1806 239 1885 limsi,
267 1807 323 1887 qui
344 1824 439 1887 paene
460 1826 565 1867 omnes
584 1800 690 1867 civiles
709 1822 875 1889 socrusque
894 1814 924 1866 et
936 1802 1049 1867 aulicos
1067 1806 1143 1867 ritus

70 1886 208 1950 toneris
227 1899 460 1966 assumserunt,
482 1889 610 1949 umdem
630 1912 726 1972 paene
743 1890 884 1949 ordinem
900 1898 1005 1949 tenent
1029 1892 1061 1949 in
1083 1890 1145 1949 suis

72 1973 142 2029 acris
161 1972 431 2053 procasmom'bus,
462 1994 592 2054 quarum
610 1994 707 2033 onom
728 1975 879 2055 specimen
894 1972 1002 2033 elibro
1016 1970 1145 2053 Anglice

72 2054 163 2133 wipto
183 2069 213 2116 et
237 2060 279 2115 in
300 2058 440 2115 versione
462 2056 601 2138 Belgica,
631 2078 692 2139 qna
715 2068 806 2131 utor,
839 2056 927 2115 &aar
953 2076 1017 2115 oon
1048 2058 1146 2119 Gmot

71 2134 196 2198 durior!
213 2141 367 2219 inscripto
393 2138 588 2219 depromam,
624 2158 686 2221 quo
707 2138 775 2200 loco
799 2156 861 2199 non
888 2149 986 2221 potest
1011 2138 1144 2201 inveniri
1268 2202 1278 2223 ‚

73 2216 152 2294 alios,
171 2224 509 2302 quirempraasentem
519 2223 614 2303 magis
631 2222 773 2283 illustret.
816 2222 1032 2285 Commentarii
1045 2226 1144 2285 vicem

73 2314 200 2377 praestare
223 2316 330 2387 potest
352 2302 392 2363 ad
413 2304 473 2364 hoc
498 2316 589 2387 capnt
602 2304 725 2383 Nostri,
747 2318 778 2367 et
802 2307 905 2365 omnia
928 2306 992 2365 eius
1015 2304 1088 2381 illa,
1110 2308 1143 2367 iu

73 2386 161 2461 quibus
191 2390 404 2469 processiones
426 2408 528 2447 sacrae
552 2388 775 2449 describuntur.
819 2390 922 2466 Quum
947 2390 1036 2469 pauci
1061 2390 1143 2465 sint,

73 2470 113 2545 qui
132 2469 250 2552 Bclgice
275 2470 423 2545 mllcant,
451 2491 572 2531 neccsse
594 2482 660 2549 est,
688 2472 809 2533 lectoris
832 2473 865 2531 in
891 2475 1018 2553 gratiam
1043 2470 1145 2531 locum

72 2550 201 2627 podium
226 2554 363 2635 quidem,
383 2564 415 2613 at
434 2555 575 2613 eximium
593 2552 687 2614 latine
705 2558 796 2616 verti.
839 2556 965 2631 Legitur
990 2554 1064 2611 dicti
1077 2552 1147 2611 libri
1173 2572 1184 2598 ¹

72 2652 97 2711 p.
109 2634 212 2695 355-
226 2636 302 2696 361.
343 2637 424 2695 Nam
437 2636 599 2717 Anglicom
619 2639 834 2717 primigenium
847 2635 1035 2717 exemplum,
1056 2654 1148 2717 oqno

71 2715 187 2796 Belgicus
206 2721 307 2781 factus
327 2718 386 2779 suit
403 2718 456 2778 illc
475 2719 553 2781 liber
566 2730 691 2779 auctore
712 2721 754 2779 A.
770 2718 941 2793 Moubach,
963 2718 1002 2778 ad
1022 2740 1146 2781 manum

73 2817 122 2856 mo
143 2814 197 2863 est.
244 2802 350 2864 Verba
373 2804 468 2883 igitur
491 2804 555 2864 cius
577 2802 653 2863 haec
678 2814 768 2863 sont:
805 2800 1079 2884 »Quandoquidem
1106 2802 1145 2865 de

84 2965 89 2969 Ι
134 2886 147 2967 ι’
217 2889 225 2902 ’
472 2884 563 2969 [semo
586 2886 648 2947 τῶν
669 2879 806 2968 poitur,
828 2886 867 2947 dc
886 2904 947 2969 qno
965 2885 1029 2945 tid.
1044 2886 1145 2967 Caput

68 2997 155 3110 nt
172 2968 930 3126 mna
943 2988 1021 3111 ts
1051 2972 1147 3113 nt

69 3150 109 3189 us
129 3148 284 3195 marr-atas
307 3132 419 3215 legere.
468 3134 576 3195 Fichat
599 3134 673 3195 haec
697 3156 845 3217 aquarum
873 3135 1070 3195 sanctificatio
1094 3154 1146 3193 ex-

68 3222 106 3273 tra
126 3218 254 3293 orbem,
289 3218 496 3293 Mosooviam,
530 3235 619 3299 snper
644 3216 769 3279 llumirse
793 3220 995 3299 cognomine,
1028 3218 1061 3275 in
1084 3236 1147 3296 quo

66 3296 146 3375 glacie
167 3304 269 3361 excisa
296 3319 406 3381 magna
437 3300 474 3359 fit
496 3300 623 3362 fenestra
648 3302 817 3385 quadrata,
841 3298 983 3359 cancellis
1007 3318 1148 3395 praemu-

65 3382 170 3439 oiu--
190 3386 285 3445 Cum
319 3382 376 3443 laos
406 3382 519 3465 gradus
552 3384 686 3444 tribunal
717 3386 867 3465 erigitur,
906 3382 1015 3463 pannis
1046 3382 1147 3443 rubn's

64 3462 235 3543 instratum,
273 3469 355 3527 intra
379 3467 462 3548 qnod
488 3476 553 3526 erat
573 3468 789 3547 metatoriam,
824 3465 858 3524 in
888 3484 949 3548 qno
980 3467 1149 3547 Imperator

64 3566 124 3606 tum
141 3550 317 3631 praecipuis
335 3548 516 3609 clericorum
540 3550 692 3611 manebat.
736 3548 930 3609 siccatorium
960 3548 1017 3609 hoc
1051 3548 1146 3611 habe·

63 3626 109 3689 hat
136 3646 270 3714 quatuor
294 3643 398 3712 portas
428 3633 468 3692 ad
498 3628 624 3693 modurn
657 3652 783 3693 mutum
812 3632 962 3714 apsidatas
994 3652 1063 3693 cum
1094 3652 1147 3693 su·

65 3716 258 3797 perimpositis
282 3713 373 3775 mulas
395 3717 505 3777 aureis.
533 3715 615 3799 [vid.
631 3737 709 3798 qnae
734 3716 813 3777 infra
839 3737 872 3798 p.
889 3715 960 3793 ²4²·
974 3714 1006 3777 6.
1027 3716 1066 3775 de
1090 3736 1146 3797 po-

63 3799 112 3857 nis
133 3803 245 3861 ’aureis
277 3799 445 3859 mmuohoo
467 3798 631 3880 imperialis
658 3798 815 3881 dicimus]
858 3797 992 3859 Cancelli
1022 3796 1147 3859 lacunae

63 3880 228 3960 inglnciato
246 3880 375 3941 llumine
395 3882 490 3941 foetae
508 3885 658 3963 praetenti
679 3881 888 3965 sesquipedem
915 3880 968 3941 alti
993 3890 1023 3941 et
1044 3902 1147 3961 panno

65 3964 145 4023 rubro
164 3968 283 4046 pariter
300 3966 423 4024 ineunti
444 3976 541 4026 mant.
584 3965 636 4025 Ad
660 3986 765 4027 comm
794 3976 924 4047 quatuor
944 3962 1069 4045 angulos
1090 3974 1147 4023 sta·

67 4042 127 4105 hunt
147 4048 370 4109 colomnae--
383 4046 557 4128 apsidatas,
593 4060 628 4107 ut
650 4048 815 4108 formarent
842 4048 986 4107 throntun
1014 4060 1066 4107 aut
1090 4048 1146 4106 tri-

71 4122 167 4207 kral,
203 4134 287 4191 intra
318 4130 402 4211 qnod
433 4140 502 4191 octo
536 4134 649 4193 vitreae
680 4129 834 4213 lampades
863 4130 1003 4191 ardentes
1033 4130 1147 4213 pende-

71 4205 141 4271 hut.
190 4214 246 4275 Ab
280 4234 345 4273 ono
377 4232 485 4275 eorum
516 4210 610 4275 latere
645 4214 786 4278 descendi
815 4224 934 4299 posteat
970 4214 1003 4275 iu
1036 4232 1149 4294 equam

101 4316 297 4374 &mnus
311 4318 446 4391 Porpdfl.
468 4318 527 4372 rot.
545 4320 580 4371 H.
932 4334 950 4373 ι
