2975 4892
318 245 401 358 pri
517 271 572 338 ιο.
604 269 686 336 rac.
716 251 863 336 susan
893 267 1177 344 cormarrino

312 427 429 494 loribus
455 428 562 491 diebus
589 425 672 488 lestis
701 437 732 489 et
759 425 898 508 bilariis,
927 437 963 486 ut
981 425 1191 504 brumalibus,
1220 428 1287 496 tato
1303 429 1374 497 astl-

312 515 415 572 vitatis
436 512 548 574 Christi
565 521 595 571 et
608 510 756 594 paschatis
773 510 863 570 fuisse
878 508 962 586 data,
983 519 1036 570 aut
1046 511 1145 591 potius
1156 515 1274 574 nonnae
1288 534 1374 574 mune

311 615 382 659 ram
392 597 551 676 pensiones
563 614 691 668 annuas,
701 615 787 675 rogas
794 593 901 674 dictas,
913 594 984 674 ipsis
996 592 1086 653 fuisse
1097 595 1242 674 partimin
1250 600 1374 672 nammis,

311 680 469 760 partimin
489 676 556 740 telis
567 680 703 760 pretiosis
717 677 830 737 solutas
844 689 874 736 et
887 686 1032 757 erogatas.
1056 675 1135 736 Olim
1155 678 1186 736 id
1205 677 1377 738 Calendisla

317 763 434 822 nuariis
462 761 573 834 fiebat,
603 770 788 842 quapropter
808 756 933 819 Paullus
953 757 1139 820 silentiarius
1163 758 1249 820 illum
1263 782 1376 821 mensus

312 843 406 906 Parte
438 843 568 905 secunda
598 863 629 906 v.
667 841 735 904 182¹.
751 834 818 901 τὸν
845 839 1064 919 χρυσοχίτωια
1085 841 1228 922 appellat.
1278 844 1377 903 Deinde

311 927 475 988 translatus
495 927 550 987 luit
573 924 624 986 ille
643 945 708 985 mos
728 925 758 985 in
776 923 939 984 brumalia.
980 923 1075 1001 Reges
1094 926 1290 990 occidentales
1302 936 1378 1007 quot-

312 1012 400 1072 annis
433 1009 506 1069 sesto
527 1008 692 1069 nativitatis
714 1006 829 1067 Christi
848 1027 918 1067 suas
936 1006 1125 1067 liberationes
1154 1011 1234 1068 inter
1255 1007 1377 1068 officiales

311 1113 384 1153 suos
404 1091 643 1169 distribuebant,
672 1089 771 1152 idest
796 1110 889 1150 noras
907 1089 1007 1163 robas,
1031 1088 1131 1162 (hodie
1151 1091 1243 1151 limeis
1256 1091 1377 1164 dicimus,

312 1195 387 1237 voce
405 1175 475 1234 inde
492 1175 632 1250 retenta,)
653 1173 691 1234 ds
706 1173 817 1255 quibus
830 1193 861 1234 v.
875 1173 927 1232 Du
941 1171 1043 1253 Gange
1059 1194 1090 1233 v.
1109 1174 1272 1234 liberatio.
1310 1175 1380 1234 ldem

312 1259 344 1318 in
360 1279 391 1318 v.
413 1257 549 1318 Mamm
569 1278 587 1318 e
606 1259 811 1318 Grammatico
831 1254 964 1338 quodam
984 1254 1140 1318 deterioris
1154 1255 1380 1319 acribunccum

312 1337 379 1401 aliis
399 1360 517 1401 versum
536 1343 627 1402 citati

438 1441 500 1523 Qui
518 1437 603 1500 dedit
620 1440 652 1500 in
670 1438 778 1500 bruma
800 1437 876 1498 ιιιιἹιί
892 1438 1068 1499 mantellmn
1082 1441 1146 1498 sine
1158 1439 1279 1522 pirama.

312 1535 391 1598 Vult
412 1537 513 1598 dicere
532 1539 585 1619 qui
606 1537 678 1598 mihi
701 1535 880 1598 mantellum
909 1557 971 1596 non
998 1535 1167 1618 plumatum
1195 1541 1231 1598 in
1250 1531 1380 1598 Brunali·

311 1619 369 1680 bus
393 1620 495 1696 dedit,
529 1621 561 1681 id
591 1630 636 1693 est
664 1629 717 1681 aut
746 1640 803 1680 acu
835 1641 897 1680 non
924 1622 1059 1700 pletum,
1091 1630 1145 1679 aut
1163 1619 1276 1701 plumis
1295 1621 1379 1679 adun

311 1703 577 1776 diversicoloribus
597 1723 658 1763 non
682 1713 832 1766 ornatum.
852 1702 942 1764 Tales
952 1705 1032 1762 enim
1046 1713 1143 1764 vestes
1156 1714 1232 1764 tunc
1245 1702 1379 1786 gerebant,

312 1795 347 1846 ut
369 1786 428 1848 alio
450 1785 517 1847 loco
538 1785 680 1867 exemplis
700 1785 885 1848 demonstro.
927 1787 1064 1845 Manavit
1093 1784 1143 1846 rlle
1171 1807 1241 1847 mos
1275 1785 1314 1846 ad
1337 1801 1379 1842 nos

311 1889 445 1950 quoque.
489 1869 643 1930 Nostrates
663 1871 744 1928 enim
776 1879 875 1950 patres
903 1877 934 1929 et
960 1877 1071 1928 matres
1101 1868 1255 1945 familias,
1329 1865 1379 1925 ibus

312 1953 392 2014 serui
422 1962 452 2012 et
480 1951 607 2011 ancillae
634 1962 722 2028 suut,
755 1951 923 2012 mercedem
944 1950 1077 2010 debitam
1105 1951 1163 2011 illis
1185 1953 1269 2011 circa
1301 1961 1379 2009 mtum

312 2035 476 2094 nativitatis
498 2033 610 2094 Christi
632 2035 711 2094 diem
732 2032 874 2108 solvunt,
903 2055 974 2093 cum
995 2036 1125 2093 nummis
1148 2035 1379 2094 vestimentorum

312 2114 1379 2282 attttitt‘tttttttt'llitttittttlt‘tittnttit

311 2281 398 2341 Circa
421 2281 499 2340 idern
520 2291 637 2362 tempus
658 2303 781 2366 quoque
803 2283 944 2344 monachi
964 2282 1042 2343 olim
1063 2303 1189 2342 munera
1211 2304 1236 2352 a
1250 2281 1309 2342 suis
1328 2277 1380 2337 At>

308 2363 431 2426 batibus
452 2362 649 2444 accipiebant.
691 2363 838 2447 Agnellus
849 2365 989 2425 Pontifex
1002 2364 1231 2446 Neapolitanus,
1254 2364 1380 2425 referente

301 2445 422 2506 'Ioanne
444 2447 578 2507 Diacono
598 2448 629 2506 in
653 2446 809 2508 Chronico
828 2469 860 2529 p.
874 2446 955 2522 305,
972 2469 1032 2532 pro
1048 2448 1190 2507 lavmrdis
1211 2449 1288 2508 emis
1308 2444 1381 2526 [forts

307 2527 403 2612 stolr's]
426 2528 469 2588 bis
489 2530 521 2589 in
546 2549 645 2603 anno,
677 2533 842 2590 nationum
870 2544 900 2590 et
930 2533 1148 2591 resmnectionis
1176 2530 1321 2600 Domini,
1347 2522 1381 2583 ml

309 2615 386 2672 antei
404 2611 547 2672 cirnilmn
579 2613 800 2697 exasperandum
827 2634 966 2696 saponem
993 2613 1066 2674 dari
1084 2614 1225 2673 canduit.
1277 2611 1378 2694 Imque,

307 2697 429 2782 pergit,
465 2717 556 2779 arque
573 2693 680 2772 leodic,
708 2695 829 2755 domino
855 2693 1008 2774 annitente,
1025 2695 1184 2780 perficitur
1203 2693 1293 2776 [illud
1311 2692 1382 2752 insti·

307 2788 410 2838 tutum
431 2775 557 2861 scilicet]
581 2791 668 2862 atque
700 2779 784 2838 mille
800 2779 924 2862 siliquas
954 2781 987 2840 in
1011 2781 1166 2838 nativitate
1193 2778 1309 2837 domini
1327 2771 1381 2832 nu'l·

307 2859 391 2943 leqroe
407 2857 552 2944 in'rpsius'
563 2863 769 2921 mramdione
786 2862 937 2922 tribuitur.
978 2861 1010 2921 Si
1029 2862 1234 2921 nummariam
1255 2873 1382 2920 summam

312 2941 374 3002 bae
394 2943 520 3022 siliquae
537 2943 709 3020 conficiunt,
731 2954 767 3003 ut
777 2945 963 3005 Muratorius
975 2943 1135 3004 credidisse
1154 2943 1288 3020 videtur,
1308 2957 1381 2999 emm

308 3035 391 3105 geret
418 3047 535 3086 summa
557 3027 649 3086 nimis
668 3026 789 3108 grandis
809 3029 902 3107 quam
933 3048 990 3107 pro
1009 3025 1178 3087 monacbis.
1221 3027 1287 3108 lpso
1315 3023 1380 3082 erin

306 3117 383 3170 teste
402 3117 467 3168 erat
488 3107 597 3188 siliqua
618 3129 693 3190 pars
710 3111 852 3190 vigesima
872 3120 980 3191 quarta
1001 3108 1090 3172 solidi
1109 3111 1206 3169 aunei.
1250 3105 1378 3169 Videntur

307 3191 411 3271 itaque
432 3201 478 3250 tot
498 3189 625 3271 siliquae
645 3191 804 3272 (ponderis
826 3195 948 3274 species)
974 3194 1097 3274 saponis
1127 3193 1210 3253 inter
1239 3185 1378 3251 monachor

308 3271 490 3342 distributae
510 3273 609 3336 luisse.
651 3274 786 3352 Quidam
806 3274 845 3334 de
865 3276 921 3358 piis
933 3277 995 3336 suis
1012 3269 1376 3357 legatisitadisponcbaut,

306 3363 350 3496 pli,
372 3377 477 3499 cenpus
503 3358 596 3501 anrrlpi
617 3355 691 3497 l'gsto
713 3359 880 3500 nativlitatps
899 3358 1012 3455 (ibristi
1034 3359 1114 3419 inter
1131 3377 1278 3442 pauperes
1295 3349 1378 3414 disttt'-

352 3459 485 3498 erenur·
507 3459 537 3504 v.
582 3461 602 3498 u
651 3459 687 3498 an
710 3460 771 3499 ev.
815 3463 836 3500 a
869 3462 981 3500 annus.

396 3521 435 3590 A.
473 3483 590 3604 l[607,
604 3519 651 3603 8.]
673 3461 825 3601 λῗορωτοῦ
846 3519 1073 3616 §spaniacensi
1115 3521 1200 3600 Quid
1219 3524 1258 3582 sit
1276 3514 1310 3578 nl
1328 3516 1376 3574 lv·

306 3773 326 3822 e
356 3785 419 3844 quo
447 3766 504 3828 lori
532 3770 657 3848 flebant,
688 3771 727 3831 de
756 3770 868 3853 quibus
893 3792 984 3853 supra
1004 3771 1154 3849 diximus,
1182 3773 1377 3852 praetextatum

306 3864 382 3904 etse·
426 3846 601 3931 Propendet
622 3865 724 3915 tamen
745 3857 863 3914 animus
883 3857 978 3936 magis
1007 3853 1048 3924 ad
1066 3855 1199 3935 priorem
1219 3850 1376 3929 interpreta-

308 3595 421 3678 (ιωτὸν,
444 3543 539 3666 bicor
558 3605 633 3665 mibi
652 3615 734 3664 certo
755 3625 818 3671 nou
839 3617 986 3669 constare.
1026 3593 1134 3666 Potest
1153 3609 1234 3665 enim
1255 3594 1378 3664 aut-toris
1446 3650 1447 3695 ,

305 3680 358 3745 vel
380 3688 481 3761 striis,
511 3689 604 3767 virgis
625 3688 793 3772 signatum,
820 3699 873 3748 aut
892 3686 979 3766 loris,
1000 3690 1132 3770 pretioso
1152 3687 1246 3770 pantu
1266 3697 1375 3766 genesta
1446 3700 1448 3725 ²

1446 3742 1448 3816 l

1446 3856 1447 3915 ι

306 3927 445 4006 tionem,
469 3932 536 3992 ideo
556 3937 705 4011 maxime,
730 3938 813 4018 quod
835 3937 916 4019 apud
931 3937 1099 3998 Saracenos
1109 3935 1160 3997 vel
1171 3934 1282 3996 Arabes
1295 3937 1376 3987 vastet
1446 3944 1447 3993 t

305 4009 439 4087 striatas,
461 4033 536 4094 quas
556 4016 676 4086 Brados
698 4018 871 4164 appellant,
895 4021 1024 4080 maxime
1044 4021 1076 4079 in
1096 4039 1154 4079 usu
1175 4026 1280 4093 essent,
1298 4009 1376 4088 ldl¹¹⁶
1446 3998 1448 4083 l

306 4091 400 4170 panni
423 4114 517 4171 genus
543 4100 657 4177 optime
677 4103 709 4162 in

307 4172 346 4242 tta
380 4169 519 4243 aaaron
548 4183 579 4250 tn
606 4185 742 4252 aazias
762 4182 878 4256 aaran
904 4197 935 4248 a
962 4185 1177 4278 „raucissima
1197 4168 1375 4272 swam&

761 4103 847 4162 rabia
870 4102 955 4166 felice
975 4115 1147 4186 pararetur,
1178 4099 1256 4162 unde
1280 4090 1375 4184 ,poc
1446 4160 1447 4183 ,

1446 4378 1448 4433 l
