2975 4892
181 317 239 389 n>
269 320 495 391 cosmam
523 322 672 393 romu.
699 324 756 391 ne
780 309 920 392 metu.
947 326 1025 392 nn.
1053 330 1080 393 t.
1116 277 1204 405 40'5

120 460 245 559 mque
267 478 402 561 generis,
422 444 492 541 dein
512 479 608 562 equi3
643 498 712 542 raro
735 498 844 541 aurum
873 488 941 541 eta
976 483 1103 558 cuturn,
1131 497 1206 543 roro

121 580 280 703 §emman
303 582 373 622 raro
394 564 554 643 mancipia.
595 562 678 623 Haec
692 564 844 646 accipiunt
856 564 962 645 regesi
988 565 1016 642 ',
1040 563 1115 625 haec
1132 564 1206 626 red·

147 654 202 704 unt
222 642 306 721 illis,
326 665 402 727 quos
422 644 574 704 honorare
595 646 744 727 cupiunt3
772 646 838 707 vid.
857 647 1009 706 Murator.
1031 645 1106 708 Ant.
1132 646 1202 709 ltal.

124 724 165 785 Τ.
192 726 235 785 ll.
259 748 327 811 pag.
342 725 415 801 841.
480 749 512 809 q.
527 750 536 807 3
557 727 638 789 unde
654 730 786 789 'tantum
804 748 901 789 unum
919 727 1086 791 alterumve
1106 728 1208 792 locum

122 808 272 869 excitabo.
336 808 432 871 Admi
445 749 537 871 Ἲίὶεε
576 814 696 895 aptiae
758 833 794 872 ro
835 831 873 871 ea
908 810 1078 873 Mediolani
1098 816 1209 892 sactae

121 905 214 970 sart,
237 895 280 953 ait
300 890 472 954 Chronieon
494 892 642 967 astense,
664 906 694 954 et
711 896 756 953 ii
778 893 982 975 datafinrnnt
1002 896 1208 973 icadatonbtn

116 975 192 1059 pira
230 994 320 1060 qnam
345 990 454 1062 septem
474 977 572 1037 tutta
587 997 759 1060 parmarum
782 979 926 1041 bononem
941 1012 957 1024 -
979 1010 998 1025 -
1022 976 1208 1051 Donn'nabar

108 1054 284 1139 ‚Paeana
303 1060 395 1119 narba
418 1060 527 1119 mealia
545 1060 725 1121 condonavit
744 1072 774 1119 et
802 1058 1009 1121 ioadatoribru
1025 1060 1133 1131 midias
1152 1085 1207 1123 ae·

118 1152 198 1214 ster,
225 1142 327 1225 qtdbas
350 1142 546 1227 dfickmibns
575 1162 681 1203 acaum
700 1154 729 1203 et
755 1156 907 1223 ungemar
937 1163 998 1228 pro
1020 1144 1208 1229 supplemen-

124 1234 157 1283 to
186 1224 308 1303 argina
347 1238 400 1287 cst.
452 1224 536 1284 Idem
565 1227 657 1287 etiam
685 1226 718 1285 in
750 1223 883 1287 Historia
910 1226 1048 1287 orientali
1079 1227 1213 1291 obtinet.¹

127 1304 219 1381 Quod
239 1306 417 1369 ioculatores
437 1306 629 1389 ¹principibus
660 1308 847 1389 Europaeis,
883 1306 915 1369 id
945 1311 1052 1391 poitae
1079 1309 1209 1375 Arabici

124 1387 313 1470 principibus
345 1389 543 1451 orientalibus
576 1398 672 1451 erant.
714 1390 780 1453 llos
801 1410 874 1473 ergo
904 1392 930 1451 si
958 1390 1073 1453 donam
1097 1412 1209 1455 mune·

123 1490 161 1531 re
191 1492 250 1554 pro
285 1476 418 1535 carmine
446 1474 629 1556 panegyrico
658 1470 761 1535 oblato
793 1473 927 1553 vellent,
962 1494 1041 1556 equo
1067 1486 1123 1537 eut
1142 1475 1207 1559 pel-

124 1566 189 1643 lio,
210 1570 294 1652 quod
323 1571 368 1633 illi
389 1560 477 1661 fib,
497 1573 646 1651 chaldam,
668 1570 842 1655 appellant,
872 1570 1040 1634 donabant.
1083 1573 1160 1636 ltem
1180 1574 1207 1638 si

124 1654 224 1798 tit
242 1654 1210 1823 ‘'itit’tttttttltttttt’atlttptttt‘ntltt

124 1820 184 1881 trie
203 1818 318 1881 brahen
337 1824 469 1903 primum
489 1832 519 1881 et
548 1822 711 1883 maximum
728 1821 878 1905 palliam,
911 1820 994 1883 unde
1021 1831 1095 1883 nata
1115 1820 1208 1884 dictio

123 1922 224 1961 nasta
240 1904 285 1963 ad
292 1906 436 1987 pellitam,
460 1905 490 1967 id
512 1914 555 1965 est
570 1924 626 1985 pro
641 1902 733 1986 pallio
753 1902 919 1964 obtinendo
936 1923 945 1979 3
965 1924 999 1964 v.
1016 1904 1164 1966 Murator.
1181 1902 1205 1965 l.

123 2006 152 2046 e.
164 2004 193 2067 p.
202 1984 274 2049 tto.
294 1986 350 2048 Est
360 1998 472 2064 autem,
496 1998 530 2047 ut
550 1986 621 2065 dixi,
637 1986 761 2071 pallium
776 2008 838 2047 non
859 1987 891 2047 id
909 1986 1021 2065 solum,
1043 1986 1126 2068 quod
1139 1986 1211 2049 stri·

124 2078 174 2131 cte
187 2071 231 2129 tic
245 2070 461 2151 appellamus,
483 2068 535 2130 sed
555 2072 652 2131 omnis
673 2064 833 2149 ἀναβολὴ,
855 2090 945 2134 omne
969 2070 1052 2151 quod
1072 2070 1209 2133 induitur

126 2160 182 2211 aut
201 2153 400 2235 appenditur,
422 2152 472 2215 vel
493 2153 643 2230 iniicitnr,
665 2153 841 2213 insternitur
855 2154 974 2235 corpori
988 2152 1138 2233 tegendo,
1160 2154 1208 2213 lo·

125 2235 244 2313 vendo,
276 2237 433 2315 ornando,
465 2235 559 2297 verbo
585 2235 737 2317 supellex
766 2238 924 2307 vestiaria,
961 2238 1095 2318 integrae
1129 2236 1210 2297 telae

126 2319 239 2401 panni,
263 2329 294 2379 et
312 2319 436 2403 quidem
455 2321 553 2381 serici.
593 2258 725 2380 Paitium
740 2322 837 2396 enim,
857 2314 1006 2396 aanor,
1026 2318 1109 2379 aliud
1129 2318 1208 2381 nihil

127 2410 192 2479 est,
237 2422 308 2461 uam
327 2400 453 2479 πανίαν,
466 2423 601 2485 pannas3
625 2424 658 2463 v.
673 2402 724 2461 Du
744 2401 845 2483 Gange
866 2399 966 2461 Gloss.
980 2412 1109 2483 utroque
1122 2402 1155 2461 h.
1171 2422 1204 2462 v.

128 2485 204 2547 Otto
268 2486 423 2567 isingensis
443 2482 627 2565 opulentiam
647 2483 782 2567 Byzantii
804 2482 999 2560 laudaturus,
1021 2484 1065 2542 tbi
1091 2484 1208 2545 aburtdc

127 2570 172 2629 eit
203 2588 265 2627 este
294 2570 364 2628 auri
380 2581 411 2629 et
433 2570 548 2648 argenti
567 2582 596 2627 et
609 2568 787 2651 palliat-ami
811 2568 931 2626 Pariter
950 2564 1128 2649 Radulpbus
1148 2566 1207 2626 Ca-

128 2648 280 2712 domensis
302 2650 334 2711 in
355 2651 452 2711 Gestis
473 2651 641 2711 Boamundi
661 2661 692 2711 et
711 2649 863 2710 Tancredi
884 2649 1048 2709 introducit
1066 2648 1208 2711 Alexione

126 2733 317 2807 Comnenum
339 2734 413 2815 Imp.
428 2736 470 2794 sic
490 2731 662 2815 loquentem
683 2733 714 2794 in
735 2731 860 2813 epistola
881 2752 899 2790 a
919 2752 952 2793 se
969 2731 1117 2792 confictas
1143 2729 1208 2792 Hic

128 2814 235 2903 [CPli]
262 2829 329 2883 snrtt
347 2818 465 2900 pallia,
494 2818 543 2877 laio
569 2838 693 2891 arma,
723 2816 779 2874 tto
802 2814 932 2888 caballi,
962 2814 1010 2872 iric
1026 2826 1055 2873 te
1078 2816 1207 2875 omnnem

127 2912 230 2961 marcet
254 2898 407 2979 afficientia
428 2902 640 2961 thesaurariae.
683 2900 811 2959 loannes
838 2896 1007 2958 Monachus
1026 2898 1059 2956 in
1079 2896 1153 2958 Vita
1172 2896 1205 2961 S.

127 2983 253 3047 Ottonis
274 2980 403 3043 Abbatis
430 2982 635 3043 cluniacensis
655 2981 716 3048 Ill.
748 3003 800 3043 r.:
822 2981 931 3041 relicta
948 3000 1077 3065 naatqne
1095 2982 1206 3041 nativit

126 3080 214 3151 atque
232 3067 350 3125 assueta
366 3066 542 3126 aestimatis
554 3076 711 3149 coeperant
714 3066 839 3144 fucatas
850 3064 969 3149 [nempe
982 3084 1137 3146 purpura,
1152 3075 1207 3126 aut

57 3224 61 3230 1
126 3160 209 3210 certe
217 3146 380 3223 coloribus,
400 3146 545 3229 coloreas]
557 3163 643 3233 atque
646 3146 761 3233 fhraas
770 3146 815 3226 [id
829 3159 873 3207 est
879 3146 1002 3230 amplas,
1014 3144 1207 3229 syrmatosas]

122 3232 278 3319 pallioque
300 3230 343 3313 [id
358 3230 523 3315 estserico]
544 3232 861 3309 orttatascirnamfirte
884 3231 1022 3291 cucullas.
1052 3229 1207 3310 Turpinus

124 3338 155 3377 e.
172 3336 224 3401 ⁹9·
240 3314 332 3395 (apud
353 3316 404 3402 Du
424 3314 524 3397 Cange
546 3314 705 3387 Carenem,
728 3334 785 3395 pro
806 3334 866 3395 quo
885 3312 1105 3375 restituendum
1123 3332 1208 3371 aare*

126 3412 205 3474 orm,
228 3420 284 3460 nne
299 3399 437 3475 charete,
455 3418 549 3480 genus
568 3394 731 3470 vehiculilr
754 3396 879 3457 Beatwa
901 3394 1099 3456 liotltlaadwn
1120 3414 1209 3475 snper

125 3482 202 3543 duas
221 3480 317 3543 nudas
343 3494 440 3541 cereto
456 3480 740 3551 anreosabvcotam,
758 3481 864 3565 palleis
877 3492 982 3537 tectim
1004 3476 1049 3538 ad
1064 3474 1208 3535 Blavinm

128 3565 254 3625 Carnlm
273 3564 388 3643 defleret
405 3566 532 3629 ottravz't.
578 3560 783 3643 Luitprandus
806 3565 839 3623 in
849 3558 1021 3641 Legationis
1043 3579 1116 3618 suae
1135 3579 1207 3618 nar-

126 3650 247 3713 ratione
266 3648 309 3713 ait
328 3646 423 3709 multa
443 3650 573 3729 pretiosa
593 3645 733 3727 palliare
756 3644 830 3708 GPli
852 3644 1014 3721 cotmisse3
1035 3642 1088 3702 sed
1112 3637 1208 3723 quuin

126 3730 220 3793 vellet
234 3733 269 3790 in
289 3728 408 3791 ltaliam
427 3730 566 3802 mittere,
589 3730 755 3809 intercepta
774 3730 806 3788 in
827 3727 892 3809 ipso
909 3736 1001 3809 portu
1022 3736 1053 3785 et
1073 3725 1208 3806 Impera«

125 3818 203 3875 toris
224 3816 307 3874 iussu
327 3824 455 3873 retracta
470 3812 573 3873 fuisse.
617 3810 765 3871 Nolebant
780 3812 861 3871 enim
877 3809 985 3869 Gracci
1008 3809 1045 3869 ad
1067 3808 1207 3869 occiden-

124 3896 297 3959 taloeluxus
320 3897 365 3955 sui
388 3894 509 3960 delicias
528 3896 743 3955 transmittere.
788 3896 859 3971 Quo
875 3894 1008 3965 lictum,
1030 3902 1078 3969 ut,
1099 3914 1207 3977 quam·

123 3982 172 4041 vis
193 3978 390 4057 Amalfitani,
413 3980 535 4059 Pisani,
558 3980 719 4039 lanucnses
739 3986 770 4038 et
788 3978 899 4040 Veneti
921 3996 991 4035 cum
1011 3974 1207 4036 orientalibus
1313 4001 1318 4009 κ

127 4063 309 4127 commercia
331 4074 521 4139 exercerent,
540 4064 633 4121 serica
655 4070 757 4127 tamen
777 4063 870 4121 vestis
895 4059 974 4119 inter
1005 4058 1156 4118 emissima
1177 4067 1209 4117 et

125 4147 278 4215 rarissima
300 4144 442 4225 Europae
467 4156 587 4207 nostrae
607 4143 725 4211 cimelia
744 4142 927 4217 haberetur,
949 4161 1028 4223 quae
1042 4141 1114 4221 ipsis
1128 4160 1208 4221 quo-

125 4248 187 4321 qne
206 4228 443 4313 imperatoribus
460 4228 586 4310 dignum
606 4248 715 4290 munus
736 4237 824 4290 esset.
867 4226 914 4289 lta
924 4244 1014 4308 quum
1025 4244 1129 4285 rancor
1135 4241 1208 4305 per-
