<?xml version="1.0" encoding="UTF-8"?>
<!DOCTYPE html PUBLIC "-//W3C//DTD XHTML 1.0 Transitional//EN"
    "http://www.w3.org/TR/xhtml1/DTD/xhtml1-transitional.dtd">
<html xmlns="http://www.w3.org/1999/xhtml" xml:lang="en" lang="en">
 <head>
  <title>
</title>
<meta http-equiv="Content-Type" content="text/html;charset=utf-8" />
  <meta name='ocr-system' content='tesseract 3.04.00' />
  <meta name='ocr-capabilities' content='ocr_page ocr_carea ocr_par ocr_line ocrx_word'/>
</head>
<body>
  <div class='ocr_page' id='page_1' title='image "./corpusscriptoru45theogoog/corpusscriptoru45theogoog_0687.png"; bbox 0 0 2975 4892; ppageno 0'>
   <div class='ocr_carea' id='block_1_1' title="bbox 137 283 1153 379">
    <p class='ocr_par' dir='ltr' id='par_1_1' title="bbox 137 283 1153 379">
     <span class='ocr_line' id='line_1_1' title="bbox 137 283 1153 379; baseline -0.006 -1"><span class='ocrx_word' id='word_1_1' title='bbox 137 311 195 378; x_wconf 83' lang='lat' dir='ltr'><strong>m</strong></span> <span class='ocrx_word' id='word_1_2' title='bbox 226 307 448 378; x_wconf 71' lang='lat' dir='ltr'><strong>consum.</strong></span> <span class='ocrx_word' id='word_1_3' title='bbox 475 309 626 378; x_wconf 75' lang='lat' dir='ltr'><strong>ronan.</strong></span> <span class='ocrx_word' id='word_1_4' title='bbox 654 308 967 379; x_wconf 80' lang='lat' dir='ltr'><strong>uaeramus.</strong></span> <span class='ocrx_word' id='word_1_5' title='bbox 997 315 1037 375; x_wconf 88' lang='lat' dir='ltr'><strong>n.</strong></span> <span class='ocrx_word' id='word_1_6' title='bbox 1066 283 1153 374; x_wconf 80' lang='lat'><strong>685</strong></span> 
     </span>
    </p>
   </div>
   <div class='ocr_carea' id='block_1_2' title="bbox 80 463 1155 1023">
    <p class='ocr_par' dir='ltr' id='par_1_2' title="bbox 80 463 1155 801">
     <span class='ocr_line' id='line_1_2' title="bbox 81 463 1154 552; baseline -0.002 -20"><span class='ocrx_word' id='word_1_7' title='bbox 81 473 183 532; x_wconf 78' lang='grc' dir='ltr'><strong><em>λεκτοι</em></strong></span> <span class='ocrx_word' id='word_1_8' title='bbox 212 465 347 532; x_wconf 68' lang='grc' dir='ltr'><strong><em>εἰκασίαι</em></strong></span> <span class='ocrx_word' id='word_1_9' title='bbox 367 473 512 533; x_wconf 74' lang='grc' dir='ltr'><strong><em>παντοῖαι</em></strong></span> <span class='ocrx_word' id='word_1_10' title='bbox 531 464 586 532; x_wconf 72' lang='grc' dir='ltr'><strong>καὶ</strong></span> <span class='ocrx_word' id='word_1_11' title='bbox 604 469 735 552; x_wconf 71' lang='grc' dir='ltr'><strong><em>χιτῶνες</em></strong></span> <span class='ocrx_word' id='word_1_12' title='bbox 753 463 966 550; x_wconf 73' lang='grc' dir='ltr'><strong><em>χροσοῦφεϊς,</em></strong></span> <span class='ocrx_word' id='word_1_13' title='bbox 986 466 1154 551; x_wconf 70' lang='grc' dir='ltr'><strong><em>δφαιπῶις</em></strong></span> 
     </span>
     <span class='ocr_line' id='line_1_3' title="bbox 82 547 1154 649; baseline 0 -35"><span class='ocrx_word' id='word_1_14' title='bbox 82 553 116 614; x_wconf 82' lang='lat' dir='ltr'><strong>tt</strong></span> <span class='ocrx_word' id='word_1_15' title='bbox 136 547 328 625; x_wconf 75' lang='grc' dir='ltr'><strong><em>κάλλισται,</em></strong></span> <span class='ocrx_word' id='word_1_16' title='bbox 349 553 432 626; x_wconf 77' lang='grc' dir='ltr'><strong><em>τινὸς</em></strong></span> <span class='ocrx_word' id='word_1_17' title='bbox 452 551 510 632; x_wconf 74' lang='grc' dir='ltr'><strong>μὲν</strong></span> <span class='ocrx_word' id='word_1_18' title='bbox 529 549 651 624; x_wconf 76' lang='grc' dir='ltr'><strong><em>εἰκόνας</em></strong></span> <span class='ocrx_word' id='word_1_19' title='bbox 671 548 804 631; x_wconf 79' lang='grc' dir='ltr'><strong><em>ἔχουσαι</em></strong></span> <span class='ocrx_word' id='word_1_20' title='bbox 825 549 890 614; x_wconf 75' lang='grc' dir='ltr'><strong>τῶν</strong></span> <span class='ocrx_word' id='word_1_21' title='bbox 901 551 1064 649; x_wconf 61' lang='grc' dir='ltr'><strong><em>βασιλέοιν</em></strong></span> <span class='ocrx_word' id='word_1_22' title='bbox 1082 551 1154 614; x_wconf 71' lang='grc' dir='ltr'><strong>ἕνα·</strong></span> 
     </span>
     <span class='ocr_line' id='line_1_4' title="bbox 81 629 1155 716; baseline 0.004 -22"><span class='ocrx_word' id='word_1_23' title='bbox 81 635 265 716; x_wconf 78' lang='grc' dir='ltr'><strong><em>φασμένας,</em></strong></span> <span class='ocrx_word' id='word_1_24' title='bbox 290 630 326 697; x_wconf 79' lang='grc' dir='ltr'><strong>αῖ</strong></span> <span class='ocrx_word' id='word_1_25' title='bbox 347 634 383 696; x_wconf 78' lang='grc' dir='ltr'><strong>δὲ</strong></span> <span class='ocrx_word' id='word_1_26' title='bbox 411 630 551 714; x_wconf 72' lang='grc' dir='ltr'><strong><em>μυθικὰς</em></strong></span> <span class='ocrx_word' id='word_1_27' title='bbox 583 635 759 706; x_wconf 73' lang='grc' dir='ltr'><strong><em>διαθέσεις·</em></strong></span> <span class='ocrx_word' id='word_1_28' title='bbox 806 629 954 714; x_wconf 63' lang='lat' dir='ltr'><strong>inspersi</strong></span> <span class='ocrx_word' id='word_1_29' title='bbox 982 633 1018 696; x_wconf 75' lang='grc' dir='ltr'><strong>δὲ</strong></span> <span class='ocrx_word' id='word_1_30' title='bbox 1036 630 1155 698; x_wconf 72' lang='grc' dir='ltr'><strong><em>τούτων</em></strong></span> 
     </span>
     <span class='ocr_line' id='line_1_5' title="bbox 80 712 990 801; baseline 0.001 -23"><span class='ocrx_word' id='word_1_31' title='bbox 80 717 190 801; x_wconf 60' lang='lat' dir='ltr'><strong>&amp;speci</strong></span> <span class='ocrx_word' id='word_1_32' title='bbox 210 718 400 796; x_wconf 76' lang='grc' dir='ltr'><strong><em>περιέκειντο</em></strong></span> <span class='ocrx_word' id='word_1_33' title='bbox 420 712 552 792; x_wconf 72' lang='grc' dir='ltr'><strong><em>ἐναλλὰξ</em></strong></span> <span class='ocrx_word' id='word_1_34' title='bbox 578 716 721 798; x_wconf 77' lang='grc' dir='ltr'><strong><em>α’ργυραῑ</em></strong></span> <span class='ocrx_word' id='word_1_35' title='bbox 734 737 768 778; x_wconf 79' lang='lat' dir='ltr'><strong>re</strong></span> <span class='ocrx_word' id='word_1_36' title='bbox 787 714 842 777; x_wconf 73' lang='lat' dir='ltr'><strong>noi</strong></span> <span class='ocrx_word' id='word_1_37' title='bbox 858 719 990 796; x_wconf 79' lang='grc' dir='ltr'><strong><em>χρυσαῖ.</em></strong></span> 
     </span>
    </p>

    <p class='ocr_par' dir='ltr' id='par_1_3' title="bbox 80 795 1154 1023">
     <span class='ocr_line' id='line_1_6' title="bbox 160 795 1154 885; baseline 0.002 -25"><span class='ocrx_word' id='word_1_38' title='bbox 160 801 202 860; x_wconf 91' lang='lat' dir='ltr'><strong>D.</strong></span> <span class='ocrx_word' id='word_1_39' title='bbox 219 821 250 882; x_wconf 98' lang='grc'><strong>7.</strong></span> <span class='ocrx_word' id='word_1_40' title='bbox 273 800 362 885; x_wconf 82' lang='grc' dir='ltr'><strong><em>[58ο,</em></strong></span> <span class='ocrx_word' id='word_1_41' title='bbox 377 797 443 882; x_wconf 62' lang='lat' dir='ltr'><strong>no]</strong></span> <span class='ocrx_word' id='word_1_42' title='bbox 470 795 711 882; x_wconf 79' lang='grc' dir='ltr'><strong><em>χοροσαγχόριν.</em></strong></span> <span class='ocrx_word' id='word_1_43' title='bbox 768 799 891 860; x_wconf 83' lang='lat' dir='ltr'><strong>Retinui</strong></span> <span class='ocrx_word' id='word_1_44' title='bbox 908 801 939 860; x_wconf 92' lang='lat' dir='ltr'><strong>in</strong></span> <span class='ocrx_word' id='word_1_45' title='bbox 958 801 1099 877; x_wconf 82' lang='lat' dir='ltr'><strong>Latinis,</strong></span> <span class='ocrx_word' id='word_1_46' title='bbox 1118 812 1154 862; x_wconf 91' lang='lat' dir='ltr'><strong>ut</strong></span> 
     </span>
     <span class='ocr_line' id='line_1_7' title="bbox 80 883 1154 1023; baseline 0.004 -81"><span class='ocrx_word' id='word_1_47' title='bbox 80 903 133 1023; x_wconf 85' lang='lat' dir='ltr'><strong>par</strong></span> <span class='ocrx_word' id='word_1_48' title='bbox 152 883 248 944; x_wconf 87' lang='lat' dir='ltr'><strong>estin</strong></span> <span class='ocrx_word' id='word_1_49' title='bbox 268 894 329 943; x_wconf 90' lang='lat' dir='ltr'><strong>tam</strong></span> <span class='ocrx_word' id='word_1_50' title='bbox 356 884 509 962; x_wconf 81' lang='lat' dir='ltr'><strong>obscuris,</strong></span> <span class='ocrx_word' id='word_1_51' title='bbox 539 885 633 965; x_wconf 85' lang='lat' dir='ltr'><strong>ipsam</strong></span> <span class='ocrx_word' id='word_1_52' title='bbox 666 903 795 956; x_wconf 89' lang='lat' dir='ltr'><strong>vocem,</strong></span> <span class='ocrx_word' id='word_1_53' title='bbox 828 902 922 963; x_wconf 86' lang='lat' dir='ltr'><strong>quum</strong></span> <span class='ocrx_word' id='word_1_54' title='bbox 944 883 983 944; x_wconf 92' lang='lat' dir='ltr'><strong>de</strong></span> <span class='ocrx_word' id='word_1_55' title='bbox 1005 883 1154 965; x_wconf 74' lang='lat' dir='ltr'>probitate</span> 
     </span>
    </p>
   </div>
   <div class='ocr_carea' id='block_1_3' title="bbox 81 965 1153 1380">
    <p class='ocr_par' dir='ltr' id='par_1_4' title="bbox 81 965 1153 1380">
     <span class='ocr_line' id='line_1_8' title="bbox 93 965 1153 1048; baseline 0.002 -22"><span class='ocrx_word' id='word_1_56' title='bbox 93 967 211 1026; x_wconf 85' lang='lat' dir='ltr'><strong>ectionis</strong></span> <span class='ocrx_word' id='word_1_57' title='bbox 232 975 262 1026; x_wconf 92' lang='lat' dir='ltr'><strong>et</strong></span> <span class='ocrx_word' id='word_1_58' title='bbox 283 966 494 1048; x_wconf 79' lang='lat' dir='ltr'><strong>significatione</strong></span> <span class='ocrx_word' id='word_1_59' title='bbox 514 987 576 1027; x_wconf 87' lang='lat' dir='ltr'><strong>non</strong></span> <span class='ocrx_word' id='word_1_60' title='bbox 597 976 723 1027; x_wconf 87' lang='lat' dir='ltr'><strong>constet.</strong></span> <span class='ocrx_word' id='word_1_61' title='bbox 744 965 855 1028; x_wconf 88' lang='lat' dir='ltr'><strong>Putem</strong></span> <span class='ocrx_word' id='word_1_62' title='bbox 874 974 975 1028; x_wconf 79' lang='lat' dir='ltr'><strong>temen</strong></span> <span class='ocrx_word' id='word_1_63' title='bbox 993 986 1153 1047; x_wconf 80' lang='grc' dir='ltr'><strong><em>χνροσσγ·</em></strong></span> 
     </span>
     <span class='ocr_line' id='line_1_9' title="bbox 81 1044 1151 1131; baseline 0.005 -26"><span class='ocrx_word' id='word_1_64' title='bbox 81 1046 169 1125; x_wconf 72' lang='grc' dir='ltr'><strong><em>χάριν</em></strong></span> <span class='ocrx_word' id='word_1_65' title='bbox 196 1048 288 1110; x_wconf 82' lang='lat' dir='ltr'><strong>fuisse</strong></span> <span class='ocrx_word' id='word_1_66' title='bbox 324 1048 364 1110; x_wconf 90' lang='lat' dir='ltr'><strong>ab</strong></span> <span class='ocrx_word' id='word_1_67' title='bbox 394 1059 516 1110; x_wconf 86' lang='lat' dir='ltr'><strong>auctore</strong></span> <span class='ocrx_word' id='word_1_68' title='bbox 536 1051 727 1131; x_wconf 82' lang='lat' dir='ltr'><strong>proiectum,</strong></span> <span class='ocrx_word' id='word_1_69' title='bbox 755 1047 813 1110; x_wconf 88' lang='lat' dir='ltr'><strong>hoc</strong></span> <span class='ocrx_word' id='word_1_70' title='bbox 833 1057 878 1108; x_wconf 83' lang='lat' dir='ltr'><strong>est</strong></span> <span class='ocrx_word' id='word_1_71' title='bbox 893 1044 1151 1129; x_wconf 76' lang='grc' dir='ltr'><strong><em>χοιροσαγχόριν.</em></strong></span> 
     </span>
     <span class='ocr_line' id='line_1_10' title="bbox 82 1129 1153 1214; baseline 0.006 -28"><span class='ocrx_word' id='word_1_72' title='bbox 82 1129 151 1190; x_wconf 82' lang='lat' dir='ltr'><strong>Nam</strong></span> <span class='ocrx_word' id='word_1_73' title='bbox 174 1151 206 1191; x_wconf 89' lang='grc' dir='ltr'><strong>οι</strong></span> <span class='ocrx_word' id='word_1_74' title='bbox 225 1142 256 1192; x_wconf 92' lang='lat' dir='ltr'><strong>et</strong></span> <span class='ocrx_word' id='word_1_75' title='bbox 290 1152 310 1192; x_wconf 82' lang='lat' dir='ltr'><strong>o</strong></span> <span class='ocrx_word' id='word_1_76' title='bbox 339 1143 510 1214; x_wconf 80' lang='lat' dir='ltr'><strong>permutare</strong></span> <span class='ocrx_word' id='word_1_77' title='bbox 537 1132 635 1194; x_wconf 80' lang='lat' dir='ltr'><strong>solent</strong></span> <span class='ocrx_word' id='word_1_78' title='bbox 655 1133 763 1192; x_wconf 86' lang='lat' dir='ltr'><strong>Graeci</strong></span> <span class='ocrx_word' id='word_1_79' title='bbox 792 1130 930 1203; x_wconf 83' lang='lat' dir='ltr'><strong>librarii,</strong></span> <span class='ocrx_word' id='word_1_80' title='bbox 951 1141 985 1192; x_wconf 88' lang='lat' dir='ltr'><strong>ut</strong></span> <span class='ocrx_word' id='word_1_81' title='bbox 1005 1129 1066 1193; x_wconf 87' lang='lat' dir='ltr'><strong>alio</strong></span> <span class='ocrx_word' id='word_1_82' title='bbox 1084 1131 1153 1192; x_wconf 86' lang='lat' dir='ltr'><strong>ioco</strong></span> 
     </span>
     <span class='ocr_line' id='line_1_11' title="bbox 82 1205 1152 1296; baseline 0.002 -24"><span class='ocrx_word' id='word_1_83' title='bbox 82 1213 292 1275; x_wconf 87' lang='lat' dir='ltr'><strong>demonstravi.</strong></span> <span class='ocrx_word' id='word_1_84' title='bbox 346 1215 451 1276; x_wconf 89' lang='lat' dir='ltr'><strong>Posset</strong></span> <span class='ocrx_word' id='word_1_85' title='bbox 471 1225 572 1276; x_wconf 89' lang='lat' dir='ltr'><strong>autem</strong></span> <span class='ocrx_word' id='word_1_86' title='bbox 593 1205 837 1294; x_wconf 78' lang='grc' dir='ltr'><strong><em>χοιροσσγχόριν</em></strong></span> <span class='ocrx_word' id='word_1_87' title='bbox 854 1214 1020 1296; x_wconf 77' lang='lat' dir='ltr'><strong>significare</strong></span> <span class='ocrx_word' id='word_1_88' title='bbox 1039 1226 1152 1276; x_wconf 81' lang='lat' dir='ltr'><strong>vestem</strong></span> 
     </span>
     <span class='ocr_line' id='line_1_12' title="bbox 81 1295 1151 1380; baseline 0.004 -26"><span class='ocrx_word' id='word_1_89' title='bbox 81 1315 145 1356; x_wconf 87' lang='lat' dir='ltr'><strong>cum</strong></span> <span class='ocrx_word' id='word_1_90' title='bbox 177 1299 297 1358; x_wconf 73' lang='lat' dir='ltr'><strong>intextis</strong></span> <span class='ocrx_word' id='word_1_91' title='bbox 324 1298 483 1380; x_wconf 84' lang='lat' dir='ltr'><strong>porcisvel</strong></span> <span class='ocrx_word' id='word_1_92' title='bbox 511 1299 615 1380; x_wconf 83' lang='lat' dir='ltr'><strong>apris,</strong></span> <span class='ocrx_word' id='word_1_93' title='bbox 639 1307 669 1356; x_wconf 89' lang='lat' dir='ltr'><strong>et</strong></span> <span class='ocrx_word' id='word_1_94' title='bbox 698 1295 888 1378; x_wconf 72' lang='lat' dir='ltr'><strong>accipitribus</strong></span> <span class='ocrx_word' id='word_1_95' title='bbox 904 1296 953 1358; x_wconf 84' lang='lat' dir='ltr'><strong>vel</strong></span> <span class='ocrx_word' id='word_1_96' title='bbox 967 1296 1151 1360; x_wconf 80' lang='lat' dir='ltr'><strong>vulturibus.</strong></span> 
     </span>
    </p>
   </div>
   <div class='ocr_carea' id='block_1_4' title="bbox 83 1392 1155 1484">
    <p class='ocr_par' dir='ltr' id='par_1_5' title="bbox 83 1392 1155 1484">
     <span class='ocr_line' id='line_1_13' title="bbox 83 1392 1155 1484; baseline 0.002 -30"><span class='ocrx_word' id='word_1_97' title='bbox 83 1393 227 1478; x_wconf 82' lang='lat' dir='ltr'><strong>Accipiter</strong></span> <span class='ocrx_word' id='word_1_98' title='bbox 254 1397 336 1457; x_wconf 90' lang='lat' dir='ltr'><strong>enim</strong></span> <span class='ocrx_word' id='word_1_99' title='bbox 363 1398 412 1460; x_wconf 89' lang='lat' dir='ltr'><strong>vel</strong></span> <span class='ocrx_word' id='word_1_100' title='bbox 443 1397 547 1458; x_wconf 83' lang='lat' dir='ltr'><strong>vultur</strong></span> <span class='ocrx_word' id='word_1_101' title='bbox 579 1394 732 1458; x_wconf 69' lang='lat' dir='ltr'><strong>:trabibus</strong></span> <span class='ocrx_word' id='word_1_102' title='bbox 765 1392 863 1457; x_wconf 77' lang='lat' dir='ltr'><strong>Sacas·</strong></span> <span class='ocrx_word' id='word_1_103' title='bbox 884 1393 946 1484; x_wconf 55' lang='lat' dir='ltr'><strong>,bo</strong></span> <span class='ocrx_word' id='word_1_104' title='bbox 982 1407 1014 1459; x_wconf 87' lang='lat' dir='ltr'><strong>et</strong></span> <span class='ocrx_word' id='word_1_105' title='bbox 1041 1395 1155 1458; x_wconf 72' lang='lat' dir='ltr'><strong>Sortem</strong></span> 
     </span>
    </p>
   </div>
   <div class='ocr_carea' id='block_1_5' title="bbox 82 1489 1152 2540">
    <p class='ocr_par' dir='ltr' id='par_1_6' title="bbox 82 1489 1152 2406">
     <span class='ocr_line' id='line_1_14' title="bbox 82 1489 1152 1582; baseline 0.005 -30"><span class='ocrx_word' id='word_1_106' title='bbox 82 1489 125 1552; x_wconf 85' lang='lat' dir='ltr'><strong>rei</strong></span> <span class='ocrx_word' id='word_1_107' title='bbox 142 1493 260 1576; x_wconf 80' lang='lat' dir='ltr'><strong>Srmgnr</strong></span> <span class='ocrx_word' id='word_1_108' title='bbox 282 1492 357 1582; x_wconf 54' lang='lat' dir='ltr'><strong>,liu</strong></span> <span class='ocrx_word' id='word_1_109' title='bbox 386 1496 576 1578; x_wconf 85' lang='lat' dir='ltr'><strong>appellatur,</strong></span> <span class='ocrx_word' id='word_1_110' title='bbox 608 1496 690 1557; x_wconf 90' lang='lat' dir='ltr'><strong>unde</strong></span> <span class='ocrx_word' id='word_1_111' title='bbox 724 1492 849 1556; x_wconf 88' lang='lat' dir='ltr'><strong>celebris</strong></span> <span class='ocrx_word' id='word_1_112' title='bbox 866 1493 948 1557; x_wconf 85' lang='lat' dir='ltr'><strong>illius</strong></span> <span class='ocrx_word' id='word_1_113' title='bbox 973 1495 1152 1578; x_wconf 88' lang='lat' dir='ltr'><strong>Bursequini</strong></span> 
     </span>
     <span class='ocr_line' id='line_1_15' title="bbox 84 1573 1152 1663; baseline 0.005 -28"><span class='ocrx_word' id='word_1_114' title='bbox 84 1573 127 1636; x_wconf 80' lang='lat' dir='ltr'><strong>rel</strong></span> <span class='ocrx_word' id='word_1_115' title='bbox 145 1577 301 1639; x_wconf 83' lang='lat' dir='ltr'><strong>Bursekini</strong></span> <span class='ocrx_word' id='word_1_116' title='bbox 336 1597 501 1663; x_wconf 81' lang='lat' dir='ltr'><strong>cognomen</strong></span> <span class='ocrx_word' id='word_1_117' title='bbox 529 1579 701 1660; x_wconf 79' lang='lat' dir='ltr'><strong>Aesrmgur,</strong></span> <span class='ocrx_word' id='word_1_118' title='bbox 733 1580 873 1661; x_wconf 65' lang='lat' dir='ltr'><strong>accipiter</strong></span> <span class='ocrx_word' id='word_1_119' title='bbox 886 1578 1046 1652; x_wconf 75' lang='lat' dir='ltr'><strong>cotididus,</strong></span> <span class='ocrx_word' id='word_1_120' title='bbox 1069 1580 1152 1661; x_wconf 90' lang='lat' dir='ltr'><strong>qnod</strong></span> 
     </span>
     <span class='ocr_line' id='line_1_16' title="bbox 83 1657 1152 1746; baseline 0.001 -26"><span class='ocrx_word' id='word_1_121' title='bbox 83 1657 258 1722; x_wconf 88' lang='lat' dir='ltr'><strong>Wilbelmus</strong></span> <span class='ocrx_word' id='word_1_122' title='bbox 279 1661 390 1744; x_wconf 81' lang='lat' dir='ltr'><strong>Tyrius</strong></span> <span class='ocrx_word' id='word_1_123' title='bbox 411 1673 442 1722; x_wconf 88' lang='lat' dir='ltr'><strong>et</strong></span> <span class='ocrx_word' id='word_1_124' title='bbox 462 1661 513 1723; x_wconf 88' lang='lat' dir='ltr'><strong>alii</strong></span> <span class='ocrx_word' id='word_1_125' title='bbox 534 1661 671 1746; x_wconf 79' lang='lat' dir='ltr'>aequales</span> <span class='ocrx_word' id='word_1_126' title='bbox 683 1663 864 1742; x_wconf 80' lang='lat' dir='ltr'><strong>scriptores,</strong></span> <span class='ocrx_word' id='word_1_127' title='bbox 885 1672 920 1722; x_wconf 91' lang='lat' dir='ltr'><strong>ut</strong></span> <span class='ocrx_word' id='word_1_128' title='bbox 937 1661 971 1720; x_wconf 83' lang='lat' dir='ltr'><strong>fit</strong></span> <span class='ocrx_word' id='word_1_129' title='bbox 989 1665 1020 1721; x_wconf 93' lang='lat' dir='ltr'><strong>in</strong></span> <span class='ocrx_word' id='word_1_130' title='bbox 1039 1661 1152 1722; x_wconf 73' lang='lat' dir='ltr'><strong>barba-</strong></span> 
     </span>
     <span class='ocr_line' id='line_1_17' title="bbox 86 1740 1152 1826; baseline 0.007 -29"><span class='ocrx_word' id='word_1_131' title='bbox 86 1741 147 1800; x_wconf 85' lang='lat' dir='ltr'><strong>ricis</strong></span> <span class='ocrx_word' id='word_1_132' title='bbox 165 1744 350 1821; x_wconf 88' lang='lat' dir='ltr'><strong>nominibus,</strong></span> <span class='ocrx_word' id='word_1_133' title='bbox 363 1745 439 1806; x_wconf 82' lang='lat' dir='ltr'><strong>sorte</strong></span> <span class='ocrx_word' id='word_1_134' title='bbox 461 1765 582 1826; x_wconf 89' lang='lat' dir='ltr'><strong>quoque</strong></span> <span class='ocrx_word' id='word_1_135' title='bbox 604 1742 734 1804; x_wconf 85' lang='lat' dir='ltr'><strong>librariis</strong></span> <span class='ocrx_word' id='word_1_136' title='bbox 754 1745 785 1804; x_wconf 88' lang='lat' dir='ltr'><strong>in</strong></span> <span class='ocrx_word' id='word_1_137' title='bbox 806 1740 911 1823; x_wconf 85' lang='lat' dir='ltr'><strong>culpae</strong></span> <span class='ocrx_word' id='word_1_138' title='bbox 931 1755 1044 1825; x_wconf 89' lang='lat' dir='ltr'><strong>partem</strong></span> <span class='ocrx_word' id='word_1_139' title='bbox 1064 1746 1152 1804; x_wconf 85' lang='lat' dir='ltr'><strong>veni-</strong></span> 
     </span>
     <span class='ocr_line' id='line_1_18' title="bbox 84 1824 1152 1908; baseline 0.006 -28"><span class='ocrx_word' id='word_1_140' title='bbox 84 1824 212 1905; x_wconf 77' lang='lat' dir='ltr'><strong>entibus,</strong></span> <span class='ocrx_word' id='word_1_141' title='bbox 234 1825 389 1908; x_wconf 77' lang='lat' dir='ltr'><strong>Assungur</strong></span> <span class='ocrx_word' id='word_1_142' title='bbox 420 1825 559 1888; x_wconf 83' lang='lat' dir='ltr'><strong>efferunt.</strong></span> <span class='ocrx_word' id='word_1_143' title='bbox 584 1827 651 1886; x_wconf 85' lang='lat' dir='ltr'><strong>Hoc</strong></span> <span class='ocrx_word' id='word_1_144' title='bbox 674 1827 771 1908; x_wconf 91' lang='lat' dir='ltr'><strong>ipsum</strong></span> <span class='ocrx_word' id='word_1_145' title='bbox 792 1837 837 1885; x_wconf 89' lang='lat' dir='ltr'><strong>est</strong></span> <span class='ocrx_word' id='word_1_146' title='bbox 857 1825 933 1886; x_wconf 86' lang='lat' dir='ltr'><strong>iilud</strong></span> <span class='ocrx_word' id='word_1_147' title='bbox 953 1825 1063 1886; x_wconf 86' lang='lat' dir='ltr'><strong>animal</strong></span> <span class='ocrx_word' id='word_1_148' title='bbox 1076 1847 1152 1904; x_wconf 79' lang='lat' dir='ltr'><strong>ony-</strong></span> 
     </span>
     <span class='ocr_line' id='line_1_19' title="bbox 84 1898 1152 1991; baseline 0.007 -30"><span class='ocrx_word' id='word_1_149' title='bbox 84 1898 198 1984; x_wconf 74' lang='grc' dir='ltr'><strong><em>κοιῖριον</em></strong></span> <span class='ocrx_word' id='word_1_150' title='bbox 230 1909 346 1970; x_wconf 87' lang='lat' dir='ltr'><strong>dictum</strong></span> <span class='ocrx_word' id='word_1_151' title='bbox 366 1911 396 1969; x_wconf 91' lang='lat' dir='ltr'><strong>in</strong></span> <span class='ocrx_word' id='word_1_152' title='bbox 412 1906 622 1991; x_wconf 89' lang='lat' dir='ltr'><strong>Orneosopbio</strong></span> <span class='ocrx_word' id='word_1_153' title='bbox 635 1908 790 1969; x_wconf 64' lang='lat' dir='ltr'><strong>Michaelis</strong></span> <span class='ocrx_word' id='word_1_154' title='bbox 802 1908 896 1991; x_wconf 81' lang='lat' dir='ltr'><strong>Imp,</strong></span> <span class='ocrx_word' id='word_1_155' title='bbox 916 1909 997 1990; x_wconf 87' lang='lat' dir='ltr'><strong>quod</strong></span> <span class='ocrx_word' id='word_1_156' title='bbox 1018 1909 1152 1969; x_wconf 71' lang='grc' dir='ltr'><strong><em>Βοῦρα·</em></strong></span> 
     </span>
     <span class='ocr_line' id='line_1_20' title="bbox 85 1988 1152 2074; baseline 0.005 -28"><span class='ocrx_word' id='word_1_157' title='bbox 85 2007 115 2067; x_wconf 83' lang='lat' dir='ltr'><strong>ge</strong></span> <span class='ocrx_word' id='word_1_158' title='bbox 132 1988 160 2052; x_wconf 92' lang='lat' dir='ltr'><strong>b.</strong></span> <span class='ocrx_word' id='word_1_159' title='bbox 179 2011 210 2050; x_wconf 90' lang='lat' dir='ltr'><strong>v.</strong></span> <span class='ocrx_word' id='word_1_160' title='bbox 231 1993 447 2073; x_wconf 87' lang='lat' dir='ltr'><strong>interpretatur</strong></span> <span class='ocrx_word' id='word_1_161' title='bbox 466 1995 532 2052; x_wconf 81' lang='lat' dir='ltr'><strong>avis</strong></span> <span class='ocrx_word' id='word_1_162' title='bbox 553 1995 704 2053; x_wconf 81' lang='lat' dir='ltr'><strong>venaticae</strong></span> <span class='ocrx_word' id='word_1_163' title='bbox 725 2011 824 2074; x_wconf 75' lang='lat' dir='ltr'><strong>gemis.</strong></span> <span class='ocrx_word' id='word_1_164' title='bbox 866 1992 941 2052; x_wconf 89' lang='lat' dir='ltr'><strong>lnde</strong></span> <span class='ocrx_word' id='word_1_165' title='bbox 960 1999 1080 2074; x_wconf 83' lang='lat' dir='ltr'><strong>qnoque</strong></span> <span class='ocrx_word' id='word_1_166' title='bbox 1099 2013 1152 2051; x_wconf 88' lang='lat' dir='ltr'><strong>cn-</strong></span> 
     </span>
     <span class='ocr_line' id='line_1_21' title="bbox 84 2067 1152 2156; baseline 0.007 -30"><span class='ocrx_word' id='word_1_167' title='bbox 84 2088 129 2130; x_wconf 89' lang='lat' dir='ltr'><strong>nes</strong></span> <span class='ocrx_word' id='word_1_168' title='bbox 158 2093 226 2134; x_wconf 89' lang='lat' dir='ltr'><strong>oum</strong></span> <span class='ocrx_word' id='word_1_169' title='bbox 260 2075 451 2156; x_wconf 79' lang='lat' dir='ltr'><strong>accipitribus</strong></span> <span class='ocrx_word' id='word_1_170' title='bbox 479 2077 583 2136; x_wconf 83' lang='lat' dir='ltr'><strong>veneri</strong></span> <span class='ocrx_word' id='word_1_171' title='bbox 613 2075 693 2136; x_wconf 92' lang='lat' dir='ltr'><strong>docti</strong></span> <span class='ocrx_word' id='word_1_172' title='bbox 724 2075 847 2137; x_wconf 89' lang='lat' dir='ltr'><strong>Graecis</strong></span> <span class='ocrx_word' id='word_1_173' title='bbox 878 2067 1012 2153; x_wconf 77' lang='grc' dir='ltr'><strong><em>ζαγοὶρια</em></strong></span> <span class='ocrx_word' id='word_1_174' title='bbox 1042 2076 1152 2135; x_wconf 86' lang='lat' dir='ltr'><strong>dicun·</strong></span> 
     </span>
     <span class='ocr_line' id='line_1_22' title="bbox 84 2157 1152 2242; baseline 0 -25"><span class='ocrx_word' id='word_1_175' title='bbox 84 2159 141 2227; x_wconf 69' lang='lat' dir='ltr'><strong>tur,</strong></span> <span class='ocrx_word' id='word_1_176' title='bbox 163 2158 245 2238; x_wconf 85' lang='lat' dir='ltr'><strong>quasi</strong></span> <span class='ocrx_word' id='word_1_177' title='bbox 266 2159 443 2242; x_wconf 81' lang='lat' dir='ltr'><strong>accipitrini.</strong></span> <span class='ocrx_word' id='word_1_178' title='bbox 483 2158 574 2218; x_wconf 80' lang='lat' dir='ltr'><strong>Serre</strong></span> <span class='ocrx_word' id='word_1_179' title='bbox 594 2161 627 2218; x_wconf 93' lang='lat' dir='ltr'><strong>in</strong></span> <span class='ocrx_word' id='word_1_180' title='bbox 649 2177 785 2219; x_wconf 85' lang='lat' dir='ltr'><strong>sermone</strong></span> <span class='ocrx_word' id='word_1_181' title='bbox 805 2157 953 2217; x_wconf 89' lang='lat' dir='ltr'><strong>Francico</strong></span> <span class='ocrx_word' id='word_1_182' title='bbox 973 2177 1008 2217; x_wconf 85' lang='lat' dir='ltr'><strong>ex</strong></span> <span class='ocrx_word' id='word_1_183' title='bbox 1038 2157 1152 2217; x_wconf 81' lang='lat' dir='ltr'><strong>Arabi-</strong></span> 
     </span>
     <span class='ocr_line' id='line_1_23' title="bbox 85 2239 1151 2323; baseline 0.008 -32"><span class='ocrx_word' id='word_1_184' title='bbox 85 2253 140 2295; x_wconf 85' lang='lat' dir='ltr'><strong>suo</strong></span> <span class='ocrx_word' id='word_1_185' title='bbox 159 2239 256 2322; x_wconf 77' lang='lat' dir='ltr'><strong>adbuc</strong></span> <span class='ocrx_word' id='word_1_186' title='bbox 275 2252 421 2322; x_wconf 86' lang='lat' dir='ltr'><strong>superest,</strong></span> <span class='ocrx_word' id='word_1_187' title='bbox 439 2251 474 2302; x_wconf 85' lang='lat' dir='ltr'><strong>ut</strong></span> <span class='ocrx_word' id='word_1_188' title='bbox 494 2252 612 2302; x_wconf 87' lang='lat' dir='ltr'><strong>notum.</strong></span> <span class='ocrx_word' id='word_1_189' title='bbox 636 2239 720 2318; x_wconf 86' lang='lat' dir='ltr'><strong>Quid</strong></span> <span class='ocrx_word' id='word_1_190' title='bbox 740 2240 833 2301; x_wconf 84' lang='lat' dir='ltr'><strong>fuerit</strong></span> <span class='ocrx_word' id='word_1_191' title='bbox 853 2241 1001 2323; x_wconf 69' lang='lat' dir='ltr'><strong>eliphases</strong></span> <span class='ocrx_word' id='word_1_192' title='bbox 1022 2241 1151 2301; x_wconf 68' lang='lat' dir='ltr'><strong>valuisi-</strong></span> 
     </span>
     <span class='ocr_line' id='line_1_24' title="bbox 84 2319 934 2406; baseline 0.009 -31"><span class='ocrx_word' id='word_1_193' title='bbox 84 2319 113 2375; x_wconf 87' lang='lat' dir='ltr'><strong>ni</strong></span> <span class='ocrx_word' id='word_1_194' title='bbox 130 2320 157 2379; x_wconf 91' lang='lat' dir='ltr'><strong>in</strong></span> <span class='ocrx_word' id='word_1_195' title='bbox 183 2323 288 2383; x_wconf 84' lang='lat' dir='ltr'><strong>charta</strong></span> <span class='ocrx_word' id='word_1_196' title='bbox 309 2325 488 2406; x_wconf 86' lang='lat' dir='ltr'><strong>Hispanica,</strong></span> <span class='ocrx_word' id='word_1_197' title='bbox 505 2326 625 2406; x_wconf 82' lang='lat' dir='ltr'><strong>exposui</strong></span> <span class='ocrx_word' id='word_1_198' title='bbox 646 2324 685 2384; x_wconf 90' lang='lat' dir='ltr'><strong>ad</strong></span> <span class='ocrx_word' id='word_1_199' title='bbox 707 2343 739 2405; x_wconf 90' lang='lat' dir='ltr'><strong>p.</strong></span> <span class='ocrx_word' id='word_1_200' title='bbox 755 2343 826 2406; x_wconf 80' lang='lat'><strong>271.</strong></span> <span class='ocrx_word' id='word_1_201' title='bbox 843 2321 884 2383; x_wconf 77' lang='lat' dir='ltr'><strong>A.</strong></span> <span class='ocrx_word' id='word_1_202' title='bbox 900 2322 934 2383; x_wconf 88' lang='grc'><strong>6.</strong></span> 
     </span>
    </p>

    <p class='ocr_par' dir='ltr' id='par_1_7' title="bbox 134 2403 1148 2491">
     <span class='ocr_line' id='line_1_25' title="bbox 134 2403 1148 2491; baseline 0.006 -29"><span class='ocrx_word' id='word_1_203' title='bbox 134 2403 201 2464; x_wconf 76' lang='grc'><strong>535.</strong></span> <span class='ocrx_word' id='word_1_204' title='bbox 212 2407 253 2466; x_wconf 89' lang='lat' dir='ltr'><strong>D.</strong></span> <span class='ocrx_word' id='word_1_205' title='bbox 267 2425 298 2489; x_wconf 85' lang='lat'><strong>7.</strong></span> <span class='ocrx_word' id='word_1_206' title='bbox 322 2405 410 2491; x_wconf 80' lang='lat'><strong>[581,</strong></span> <span class='ocrx_word' id='word_1_207' title='bbox 429 2405 471 2490; x_wconf 88' lang='lat'><strong>1.]</strong></span> <span class='ocrx_word' id='word_1_208' title='bbox 491 2403 721 2487; x_wconf 79' lang='grc' dir='ltr'><strong><em>γραπολέοντος.</em></strong></span> <span class='ocrx_word' id='word_1_209' title='bbox 741 2405 787 2466; x_wconf 81' lang='lat' dir='ltr'><strong>Ita</strong></span> <span class='ocrx_word' id='word_1_210' title='bbox 801 2405 902 2481; x_wconf 89' lang='lat' dir='ltr'><strong>edidi,</strong></span> <span class='ocrx_word' id='word_1_211' title='bbox 917 2425 988 2466; x_wconf 89' lang='lat' dir='ltr'><strong>cum</strong></span> <span class='ocrx_word' id='word_1_212' title='bbox 1007 2407 1039 2467; x_wconf 89' lang='lat' dir='ltr'><strong>in</strong></span> <span class='ocrx_word' id='word_1_213' title='bbox 1052 2425 1148 2468; x_wconf 82' lang='lat' dir='ltr'><strong>mern·</strong></span> 
     </span>
    </p>

    <p class='ocr_par' dir='ltr' id='par_1_8' title="bbox 376 2503 399 2540">
     <span class='ocr_line' id='line_1_26' title="bbox 376 2503 399 2540; baseline 0 0"><span class='ocrx_word' id='word_1_214' title='bbox 376 2503 399 2540; x_wconf 81' lang='grc' dir='ltr'><strong><em>α</em></strong></span> 
     </span>
    </p>
   </div>
   <div class='ocr_carea' id='block_1_6' title="bbox 85 2516 1150 2725">
    <p class='ocr_par' dir='ltr' id='par_1_9' title="bbox 85 2516 1150 2725">
     <span class='ocr_line' id='line_1_27' title="bbox 85 2516 1149 2642; baseline 0.011 -34"><span class='ocrx_word' id='word_1_215' title='bbox 85 2547 173 2614; x_wconf 85' lang='lat' dir='ltr'><strong>breuis</strong></span> <span class='ocrx_word' id='word_1_216' title='bbox 191 2567 266 2619; x_wconf 85' lang='lat' dir='ltr'><strong>esset</strong></span> <span class='ocrx_word' id='word_1_217' title='bbox 287 2555 531 2639; x_wconf 80' lang='grc' dir='ltr'><strong><em>γρσψολέοντος,</em></strong></span> <span class='ocrx_word' id='word_1_218' title='bbox 554 2559 634 2642; x_wconf 84' lang='lat' dir='ltr'><strong>quod</strong></span> <span class='ocrx_word' id='word_1_219' title='bbox 662 2557 896 2639; x_wconf 86' lang='lat' dir='ltr'><strong>interpretabar,</strong></span> <span class='ocrx_word' id='word_1_220' title='bbox 916 2516 944 2618; x_wconf 63' lang='lat' dir='ltr'><strong>ir</strong></span> <span class='ocrx_word' id='word_1_221' title='bbox 963 2577 1027 2619; x_wconf 86' lang='lat' dir='ltr'><strong>esse</strong></span> <span class='ocrx_word' id='word_1_222' title='bbox 1045 2579 1149 2640; x_wconf 84' lang='lat' dir='ltr'><strong>soper-</strong></span> 
     </span>
     <span class='ocr_line' id='line_1_28' title="bbox 87 2637 1150 2725; baseline 0.004 -27"><span class='ocrx_word' id='word_1_223' title='bbox 87 2637 212 2716; x_wconf 66' lang='lat' dir='ltr'><strong>emptam</strong></span> <span class='ocrx_word' id='word_1_224' title='bbox 233 2641 472 2704; x_wconf 81' lang='lat' dir='ltr'><strong>emendationem</strong></span> <span class='ocrx_word' id='word_1_225' title='bbox 503 2643 636 2704; x_wconf 90' lang='lat' dir='ltr'><strong>eiusdem</strong></span> <span class='ocrx_word' id='word_1_226' title='bbox 659 2641 775 2725; x_wconf 83' lang='lat' dir='ltr'><strong>librarii</strong></span> <span class='ocrx_word' id='word_1_227' title='bbox 794 2651 949 2722; x_wconf 85' lang='lat' dir='ltr'><strong>peccatum</strong></span> <span class='ocrx_word' id='word_1_228' title='bbox 971 2661 1060 2700; x_wconf 85' lang='lat' dir='ltr'><strong>suurn</strong></span> <span class='ocrx_word' id='word_1_229' title='bbox 1081 2663 1150 2701; x_wconf 88' lang='lat' dir='ltr'><strong>cor·</strong></span> 
     </span>
    </p>
   </div>
   <div class='ocr_carea' id='block_1_7' title="bbox 88 2716 1271 2809">
    <p class='ocr_par' dir='ltr' id='par_1_10' title="bbox 88 2716 1271 2809">
     <span class='ocr_line' id='line_1_29' title="bbox 88 2716 1271 2809; baseline 0.013 -38"><span class='ocrx_word' id='word_1_230' title='bbox 88 2716 197 2798; x_wconf 83' lang='lat' dir='ltr'><strong>rigentis</strong></span> <span class='ocrx_word' id='word_1_231' title='bbox 218 2733 248 2783; x_wconf 88' lang='lat' dir='ltr'><strong>et</strong></span> <span class='ocrx_word' id='word_1_232' title='bbox 269 2722 400 2787; x_wconf 87' lang='lat' dir='ltr'><strong>iubentis</strong></span> <span class='ocrx_word' id='word_1_233' title='bbox 419 2747 441 2784; x_wconf 90' lang='grc' dir='ltr'><em>π</em></span> <span class='ocrx_word' id='word_1_234' title='bbox 460 2747 517 2809; x_wconf 92' lang='lat' dir='ltr'><strong>pro</strong></span> <span class='ocrx_word' id='word_1_235' title='bbox 532 2741 560 2804; x_wconf 82' lang='grc' dir='ltr'><strong><em>ψ</em></strong></span> <span class='ocrx_word' id='word_1_236' title='bbox 573 2723 762 2785; x_wconf 85' lang='lat' dir='ltr'><strong>substituere.</strong></span> <span class='ocrx_word' id='word_1_237' title='bbox 806 2723 910 2783; x_wconf 87' lang='lat' dir='ltr'><strong>Nescio</strong></span> <span class='ocrx_word' id='word_1_238' title='bbox 929 2733 1030 2783; x_wconf 85' lang='lat' dir='ltr'><strong>tamen</strong></span> <span class='ocrx_word' id='word_1_239' title='bbox 1049 2744 1088 2784; x_wconf 89' lang='lat' dir='ltr'><strong>an</strong></span> <span class='ocrx_word' id='word_1_240' title='bbox 1101 2745 1150 2784; x_wconf 87' lang='lat' dir='ltr'><strong>se·</strong></span> <span class='ocrx_word' id='word_1_241' title='bbox 1266 2730 1271 2750; x_wconf 86' lang='lat'><strong>¹</strong></span> 
     </span>
    </p>
   </div>
   <div class='ocr_carea' id='block_1_8' title="bbox 78 2797 1161 4378">
    <p class='ocr_par' dir='ltr' id='par_1_11' title="bbox 78 2797 1161 4378">
     <span class='ocr_line' id='line_1_30' title="bbox 85 2797 1151 2887; baseline 0.007 -27"><span class='ocrx_word' id='word_1_242' title='bbox 85 2797 117 2856; x_wconf 74' lang='lat' dir='ltr'><strong>tis</strong></span> <span class='ocrx_word' id='word_1_243' title='bbox 136 2815 210 2872; x_wconf 86' lang='lat' dir='ltr'><strong>recte</strong></span> <span class='ocrx_word' id='word_1_244' title='bbox 231 2806 366 2867; x_wconf 82' lang='lat' dir='ltr'><strong>fecerim.</strong></span> <span class='ocrx_word' id='word_1_245' title='bbox 408 2807 522 2870; x_wconf 90' lang='lat' dir='ltr'><strong>Dicunt</strong></span> <span class='ocrx_word' id='word_1_246' title='bbox 540 2820 619 2869; x_wconf 88' lang='lat' dir='ltr'><strong>certe</strong></span> <span class='ocrx_word' id='word_1_247' title='bbox 633 2808 707 2868; x_wconf 84' lang='lat' dir='ltr'><strong>novi</strong></span> <span class='ocrx_word' id='word_1_248' title='bbox 727 2808 836 2866; x_wconf 80' lang='lat' dir='ltr'><strong>Graeci</strong></span> <span class='ocrx_word' id='word_1_249' title='bbox 854 2801 979 2885; x_wconf 72' lang='grc' dir='ltr'><strong><em>γρσψὸς</em></strong></span> <span class='ocrx_word' id='word_1_250' title='bbox 999 2825 1057 2887; x_wconf 86' lang='lat' dir='ltr'><strong>pro</strong></span> <span class='ocrx_word' id='word_1_251' title='bbox 1074 2827 1151 2886; x_wconf 72' lang='lat' dir='ltr'><strong>gry-</strong></span> 
     </span>
     <span class='ocr_line' id='line_1_31' title="bbox 83 2881 1151 2972; baseline 0.004 -26"><span class='ocrx_word' id='word_1_252' title='bbox 83 2881 148 2972; x_wconf 79' lang='lat' dir='ltr'><strong>pie,</strong></span> <span class='ocrx_word' id='word_1_253' title='bbox 168 2905 221 2949; x_wconf 84' lang='lat' dir='ltr'><strong>ave</strong></span> <span class='ocrx_word' id='word_1_254' title='bbox 253 2889 403 2951; x_wconf 87' lang='lat' dir='ltr'><strong>fabulosa.</strong></span> <span class='ocrx_word' id='word_1_255' title='bbox 452 2893 549 2952; x_wconf 88' lang='lat' dir='ltr'><strong>Favet</strong></span> <span class='ocrx_word' id='word_1_256' title='bbox 580 2902 681 2952; x_wconf 87' lang='lat' dir='ltr'><strong>tamen</strong></span> <span class='ocrx_word' id='word_1_257' title='bbox 707 2886 783 2949; x_wconf 81' lang='lat' dir='ltr'><strong>aiibi</strong></span> <span class='ocrx_word' id='word_1_258' title='bbox 809 2883 1039 2968; x_wconf 77' lang='grc' dir='ltr'><strong><em>γροαόναγροι,</em></strong></span> <span class='ocrx_word' id='word_1_259' title='bbox 1066 2887 1151 2970; x_wconf 85' lang='lat' dir='ltr'><strong>quod</strong></span> 
     </span>
     <span class='ocr_line' id='line_1_32' title="bbox 86 2962 1151 3056; baseline 0 -27"><span class='ocrx_word' id='word_1_260' title='bbox 86 2962 153 3056; x_wconf 62' lang='lat' dir='ltr'><strong>uba</strong></span> <span class='ocrx_word' id='word_1_261' title='bbox 180 2966 289 3053; x_wconf 80' lang='lat' dir='ltr'><strong>legitur</strong></span> <span class='ocrx_word' id='word_1_262' title='bbox 318 2994 350 3055; x_wconf 91' lang='lat' dir='ltr'><strong>p.</strong></span> <span class='ocrx_word' id='word_1_263' title='bbox 365 2972 436 3052; x_wconf 71' lang='lat'><strong>340.</strong></span> <span class='ocrx_word' id='word_1_264' title='bbox 450 2975 484 3034; x_wconf 89' lang='lat' dir='ltr'><strong>C.</strong></span> <span class='ocrx_word' id='word_1_265' title='bbox 500 2976 530 3037; x_wconf 82' lang='lat'><strong>5.</strong></span> <span class='ocrx_word' id='word_1_266' title='bbox 571 2976 741 3034; x_wconf 75' lang='lat' dir='ltr'><strong>Monstrum</strong></span> <span class='ocrx_word' id='word_1_267' title='bbox 760 2969 902 3032; x_wconf 86' lang='lat' dir='ltr'><strong>animalia</strong></span> <span class='ocrx_word' id='word_1_268' title='bbox 922 2967 1151 3052; x_wconf 73' lang='grc' dir='ltr'><strong>τραγελάφους,</strong></span> 
     </span>
     <span class='ocr_line' id='line_1_33' title="bbox 87 3049 1147 3134; baseline 0.011 -32"><span class='ocrx_word' id='word_1_269' title='bbox 87 3049 350 3134; x_wconf 73' lang='grc' dir='ltr'><strong><em>ιπσαλεκτρῦονας,</em></strong></span> <span class='ocrx_word' id='word_1_270' title='bbox 381 3057 492 3118; x_wconf 85' lang='lat' dir='ltr'><strong>aulaeis</strong></span> <span class='ocrx_word' id='word_1_271' title='bbox 512 3058 661 3117; x_wconf 86' lang='lat' dir='ltr'><strong>intexendi</strong></span> <span class='ocrx_word' id='word_1_272' title='bbox 684 3074 750 3116; x_wconf 88' lang='lat' dir='ltr'><strong>mos</strong></span> <span class='ocrx_word' id='word_1_273' title='bbox 776 3075 795 3116; x_wconf 85' lang='lat' dir='ltr'><strong>a</strong></span> <span class='ocrx_word' id='word_1_274' title='bbox 815 3054 915 3115; x_wconf 85' lang='lat' dir='ltr'><strong>Persis</strong></span> <span class='ocrx_word' id='word_1_275' title='bbox 929 3055 1033 3129; x_wconf 79' lang='lat' dir='ltr'><strong>renit3</strong></span> <span class='ocrx_word' id='word_1_276' title='bbox 1055 3075 1086 3113; x_wconf 82' lang='lat' dir='ltr'><strong>r.</strong></span> <span class='ocrx_word' id='word_1_277' title='bbox 1107 3053 1147 3114; x_wconf 83' lang='lat' dir='ltr'><strong>ci.</strong></span> 
     </span>
     <span class='ocr_line' id='line_1_34' title="bbox 87 3120 1150 3219; baseline 0.01 -32"><span class='ocrx_word' id='word_1_278' title='bbox 87 3120 251 3218; x_wconf 80' lang='lat' dir='ltr'><strong>Wcsseiing.</strong></span> <span class='ocrx_word' id='word_1_279' title='bbox 280 3139 319 3197; x_wconf 87' lang='lat' dir='ltr'><strong>ed</strong></span> <span class='ocrx_word' id='word_1_280' title='bbox 337 3139 464 3199; x_wconf 88' lang='lat' dir='ltr'><strong>Diodor.</strong></span> <span class='ocrx_word' id='word_1_281' title='bbox 521 3139 614 3200; x_wconf 74' lang='lat' dir='ltr'><strong>Sicut.</strong></span> <span class='ocrx_word' id='word_1_282' title='bbox 648 3140 686 3199; x_wconf 91' lang='lat' dir='ltr'><strong>T.</strong></span> <span class='ocrx_word' id='word_1_283' title='bbox 701 3139 742 3198; x_wconf 84' lang='lat' dir='ltr'><strong>ll.</strong></span> <span class='ocrx_word' id='word_1_284' title='bbox 763 3157 793 3219; x_wconf 90' lang='lat' dir='ltr'><strong>p.</strong></span> <span class='ocrx_word' id='word_1_285' title='bbox 810 3137 880 3217; x_wconf 83' lang='lat'><strong>278.</strong></span> <span class='ocrx_word' id='word_1_286' title='bbox 909 3135 961 3197; x_wconf 86' lang='lat'><strong>60.</strong></span> <span class='ocrx_word' id='word_1_287' title='bbox 1002 3137 1035 3196; x_wconf 85' lang='lat' dir='ltr'><strong>Si</strong></span> <span class='ocrx_word' id='word_1_288' title='bbox 1058 3137 1150 3198; x_wconf 89' lang='lat' dir='ltr'><strong>modo</strong></span> 
     </span>
     <span class='ocr_line' id='line_1_35' title="bbox 86 3211 1150 3302; baseline 0.006 -29"><span class='ocrx_word' id='word_1_289' title='bbox 86 3211 235 3296; x_wconf 68' lang='lat' dir='ltr'><strong>mgelaphi</strong></span> <span class='ocrx_word' id='word_1_290' title='bbox 256 3230 287 3280; x_wconf 91' lang='lat' dir='ltr'><strong>et</strong></span> <span class='ocrx_word' id='word_1_291' title='bbox 305 3214 568 3302; x_wconf 76' lang='grc' dir='ltr'><strong><em>ἱππαλεκτρύονες</em></strong></span> <span class='ocrx_word' id='word_1_292' title='bbox 598 3221 722 3282; x_wconf 86' lang='lat' dir='ltr'><strong>fuerunt</strong></span> <span class='ocrx_word' id='word_1_293' title='bbox 750 3219 978 3302; x_wconf 88' lang='lat' dir='ltr'><strong>compositiones</strong></span> <span class='ocrx_word' id='word_1_294' title='bbox 996 3230 1150 3279; x_wconf 76' lang='lat' dir='ltr'><strong>monstro·</strong></span> 
     </span>
     <span class='ocr_line' id='line_1_36' title="bbox 89 3301 1150 3384; baseline 0.008 -29"><span class='ocrx_word' id='word_1_295' title='bbox 89 3306 131 3350; x_wconf 63' lang='grc' dir='ltr'><strong>διο</strong></span> <span class='ocrx_word' id='word_1_296' title='bbox 150 3307 178 3354; x_wconf 90' lang='lat' dir='ltr'><strong>et</strong></span> <span class='ocrx_word' id='word_1_297' title='bbox 193 3317 253 3360; x_wconf 90' lang='lat' dir='ltr'><strong>non</strong></span> <span class='ocrx_word' id='word_1_298' title='bbox 275 3304 375 3384; x_wconf 86' lang='lat' dir='ltr'><strong>potius</strong></span> <span class='ocrx_word' id='word_1_299' title='bbox 401 3307 482 3365; x_wconf 83' lang='lat' dir='ltr'><strong>cervi</strong></span> <span class='ocrx_word' id='word_1_300' title='bbox 503 3303 629 3366; x_wconf 83' lang='lat' dir='ltr'><strong>ethinci</strong></span> <span class='ocrx_word' id='word_1_301' title='bbox 651 3303 797 3381; x_wconf 89' lang='lat' dir='ltr'><strong>seorsim,</strong></span> <span class='ocrx_word' id='word_1_302' title='bbox 829 3305 900 3362; x_wconf 89' lang='lat' dir='ltr'><strong>item</strong></span> <span class='ocrx_word' id='word_1_303' title='bbox 929 3303 998 3384; x_wconf 78' lang='lat' dir='ltr'><strong>equi</strong></span> <span class='ocrx_word' id='word_1_304' title='bbox 1028 3313 1059 3362; x_wconf 87' lang='lat' dir='ltr'><strong>et</strong></span> <span class='ocrx_word' id='word_1_305' title='bbox 1078 3301 1150 3383; x_wconf 74' lang='lat' dir='ltr'><strong>gatti</strong></span> 
     </span>
     <span class='ocr_line' id='line_1_37' title="bbox 88 3388 982 3530; baseline 0.007 -9"><span class='ocrx_word' id='word_1_306' title='bbox 88 3388 472 3528; x_wconf 64' lang='grc' dir='ltr'><strong><em>ν</em></strong></span> <span class='ocrx_word' id='word_1_307' title='bbox 606 3405 982 3530; x_wconf 61' lang='lat'><strong>...⁸³⁸²</strong></span> 
     </span>
     <span class='ocr_line' id='line_1_38' title="bbox 88 3488 1038 3632; baseline 0.011 -27"><span class='ocrx_word' id='word_1_308' title='bbox 88 3536 252 3617; x_wconf 67' lang='lat' dir='ltr'><strong>ipsissimo.</strong></span> <span class='ocrx_word' id='word_1_309' title='bbox 273 3549 404 3611; x_wconf 85' lang='lat' dir='ltr'><strong>Graecos</strong></span> <span class='ocrx_word' id='word_1_310' title='bbox 424 3513 542 3632; x_wconf 61' lang='lat' dir='ltr'><strong>repirto</strong></span> <span class='ocrx_word' id='word_1_311' title='bbox 562 3554 593 3614; x_wconf 89' lang='lat' dir='ltr'><strong>in</strong></span> <span class='ocrx_word' id='word_1_312' title='bbox 614 3552 785 3613; x_wconf 79' lang='lat' dir='ltr'><strong>Athenaeo.</strong></span> <span class='ocrx_word' id='word_1_313' title='bbox 887 3515 898 3545; x_wconf 59' lang='lat'><strong><em>⁹</em></strong></span> <span class='ocrx_word' id='word_1_314' title='bbox 1017 3488 1038 3551; x_wconf 69' lang='lat' dir='ltr'>p</span> 
     </span>
     <span class='ocr_line' id='line_1_39' title="bbox 140 3621 1151 3772; baseline 0.005 -85"><span class='ocrx_word' id='word_1_315' title='bbox 140 3621 252 3690; x_wconf 59' lang='lat' dir='ltr'><strong>mult.</strong></span> <span class='ocrx_word' id='word_1_316' title='bbox 269 3631 299 3690; x_wconf 76' lang='lat'><strong>3.</strong></span> <span class='ocrx_word' id='word_1_317' title='bbox 325 3630 420 3772; x_wconf 56' lang='grc' dir='ltr'><strong>ίρῦδι,</strong></span> <span class='ocrx_word' id='word_1_318' title='bbox 442 3632 504 3716; x_wconf 83' lang='grc' dir='ltr'><strong>ι8.]</strong></span> <span class='ocrx_word' id='word_1_319' title='bbox 532 3633 730 3714; x_wconf 80' lang='grc' dir='ltr'><strong><em>περιστερᾶς.</em></strong></span> <span class='ocrx_word' id='word_1_320' title='bbox 780 3631 898 3693; x_wconf 84' lang='lat' dir='ltr'><strong>infulae</strong></span> <span class='ocrx_word' id='word_1_321' title='bbox 931 3631 1151 3713; x_wconf 75' lang='lat' dir='ltr'><strong>Imperatorum</strong></span> 
     </span>
     <span class='ocr_line' id='line_1_40' title="bbox 78 3691 1151 3797; baseline 0.017 -38"><span class='ocrx_word' id='word_1_322' title='bbox 78 3691 225 3770; x_wconf 80' lang='lat' dir='ltr'><strong>babebant</strong></span> <span class='ocrx_word' id='word_1_323' title='bbox 245 3717 324 3776; x_wconf 87' lang='lat' dir='ltr'><strong>inter</strong></span> <span class='ocrx_word' id='word_1_324' title='bbox 347 3735 398 3774; x_wconf 91' lang='lat' dir='ltr'><strong>um</strong></span> <span class='ocrx_word' id='word_1_325' title='bbox 427 3718 459 3776; x_wconf 88' lang='lat' dir='ltr'><strong>in</strong></span> <span class='ocrx_word' id='word_1_326' title='bbox 492 3722 604 3779; x_wconf 79' lang='lat' dir='ltr'><strong>vertice</strong></span> <span class='ocrx_word' id='word_1_327' title='bbox 624 3737 743 3778; x_wconf 89' lang='lat' dir='ltr'><strong>crucem</strong></span> <span class='ocrx_word' id='word_1_328' title='bbox 763 3727 794 3776; x_wconf 89' lang='lat' dir='ltr'><strong>et</strong></span> <span class='ocrx_word' id='word_1_329' title='bbox 814 3736 905 3797; x_wconf 88' lang='lat' dir='ltr'><strong>super</strong></span> <span class='ocrx_word' id='word_1_330' title='bbox 923 3735 959 3776; x_wconf 89' lang='lat' dir='ltr'><strong>ea</strong></span> <span class='ocrx_word' id='word_1_331' title='bbox 979 3715 1151 3776; x_wconf 81' lang='lat' dir='ltr'><strong>columbam</strong></span> 
     </span>
     <span class='ocr_line' id='line_1_41' title="bbox 90 3791 1151 3878; baseline 0.008 -29"><span class='ocrx_word' id='word_1_332' title='bbox 90 3791 207 3860; x_wconf 78' lang='lat' dir='ltr'><strong>expansis</strong></span> <span class='ocrx_word' id='word_1_333' title='bbox 227 3794 282 3856; x_wconf 91' lang='lat' dir='ltr'><strong>alis</strong></span> <span class='ocrx_word' id='word_1_334' title='bbox 301 3795 386 3857; x_wconf 86' lang='lat' dir='ltr'><strong>velut</strong></span> <span class='ocrx_word' id='word_1_335' title='bbox 404 3798 569 3860; x_wconf 85' lang='lat' dir='ltr'><strong>volantem.</strong></span> <span class='ocrx_word' id='word_1_336' title='bbox 607 3799 753 3860; x_wconf 87' lang='lat' dir='ltr'><strong>Tractum</strong></span> <span class='ocrx_word' id='word_1_337' title='bbox 773 3798 833 3859; x_wconf 90' lang='lat' dir='ltr'><strong>boc</strong></span> <span class='ocrx_word' id='word_1_338' title='bbox 853 3819 872 3858; x_wconf 84' lang='lat' dir='ltr'><strong>e</strong></span> <span class='ocrx_word' id='word_1_339' title='bbox 891 3797 1055 3874; x_wconf 82' lang='lat' dir='ltr'><strong>Romanis,</strong></span> <span class='ocrx_word' id='word_1_340' title='bbox 1073 3818 1151 3878; x_wconf 89' lang='lat' dir='ltr'><strong>quo-</strong></span> 
     </span>
     <span class='ocr_line' id='line_1_42' title="bbox 89 3877 1150 3965; baseline 0.008 -34"><span class='ocrx_word' id='word_1_341' title='bbox 89 3877 149 3964; x_wconf 63' lang='grc' dir='ltr'><strong>ῖῑῑῐῐιΙ</strong></span> <span class='ocrx_word' id='word_1_342' title='bbox 164 3889 274 3936; x_wconf 83' lang='lat' dir='ltr'><strong>morem</strong></span> <span class='ocrx_word' id='word_1_343' title='bbox 294 3879 402 3940; x_wconf 85' lang='lat' dir='ltr'><strong>Graeci</strong></span> <span class='ocrx_word' id='word_1_344' title='bbox 421 3883 514 3958; x_wconf 86' lang='lat' dir='ltr'><strong>novi,</strong></span> <span class='ocrx_word' id='word_1_345' title='bbox 535 3882 747 3964; x_wconf 85' lang='lat' dir='ltr'><strong>antiquitatum</strong></span> <span class='ocrx_word' id='word_1_346' title='bbox 768 3882 877 3965; x_wconf 79' lang='lat' dir='ltr'><strong>ignari,</strong></span> <span class='ocrx_word' id='word_1_347' title='bbox 895 3883 1008 3962; x_wconf 78' lang='lat' dir='ltr'><strong>partim</strong></span> <span class='ocrx_word' id='word_1_348' title='bbox 1027 3901 1150 3962; x_wconf 86' lang='lat' dir='ltr'><strong>quoque</strong></span> 
     </span>
     <span class='ocr_line' id='line_1_43' title="bbox 90 3940 1149 4047; baseline 0.02 -46"><span class='ocrx_word' id='word_1_349' title='bbox 90 3940 243 4018; x_wconf 78' lang='lat' dir='ltr'><strong>Christiano</strong></span> <span class='ocrx_word' id='word_1_350' title='bbox 262 3965 406 4042; x_wconf 87' lang='lat' dir='ltr'><strong>mysterio</strong></span> <span class='ocrx_word' id='word_1_351' title='bbox 429 3965 637 4043; x_wconf 86' lang='lat' dir='ltr'><strong>sanctificare,</strong></span> <span class='ocrx_word' id='word_1_352' title='bbox 664 3965 746 4047; x_wconf 78' lang='lat' dir='ltr'><strong>qnod</strong></span> <span class='ocrx_word' id='word_1_353' title='bbox 770 3968 879 4041; x_wconf 89' lang='lat' dir='ltr'><strong>aiunt,</strong></span> <span class='ocrx_word' id='word_1_354' title='bbox 900 3961 1058 4039; x_wconf 84' lang='lat' dir='ltr'><strong>volentes,</strong></span> <span class='ocrx_word' id='word_1_355' title='bbox 1079 3965 1149 4022; x_wconf 87' lang='lat' dir='ltr'><strong>irni-</strong></span> 
     </span>
     <span class='ocr_line' id='line_1_44' title="bbox 90 4028 1161 4128; baseline 0.019 -45"><span class='ocrx_word' id='word_1_356' title='bbox 90 4028 168 4090; x_wconf 79' lang='lat' dir='ltr'><strong>ando</strong></span> <span class='ocrx_word' id='word_1_357' title='bbox 186 4039 232 4100; x_wconf 88' lang='lat' dir='ltr'><strong>vel</strong></span> <span class='ocrx_word' id='word_1_358' title='bbox 254 4044 410 4104; x_wconf 89' lang='lat' dir='ltr'><strong>retinendo</strong></span> <span class='ocrx_word' id='word_1_359' title='bbox 431 4046 639 4107; x_wconf 84' lang='lat' dir='ltr'><strong>obscurarunt.</strong></span> <span class='ocrx_word' id='word_1_360' title='bbox 683 4049 746 4109; x_wconf 89' lang='lat' dir='ltr'><strong>Pro</strong></span> <span class='ocrx_word' id='word_1_361' title='bbox 766 4049 899 4128; x_wconf 89' lang='lat' dir='ltr'><strong>scipione</strong></span> <span class='ocrx_word' id='word_1_362' title='bbox 919 4056 1055 4106; x_wconf 83' lang='lat' dir='ltr'><strong>veterum</strong></span> <span class='ocrx_word' id='word_1_363' title='bbox 1076 4045 1161 4104; x_wconf 54' lang='lat' dir='ltr'><strong>oon?</strong></span> 
     </span>
     <span class='ocr_line' id='line_1_45' title="bbox 90 4107 1150 4212; baseline 0.005 -32"><span class='ocrx_word' id='word_1_364' title='bbox 90 4107 174 4210; x_wconf 64' lang='lat' dir='ltr'><strong>tulum</strong></span> <span class='ocrx_word' id='word_1_365' title='bbox 191 4136 410 4209; x_wconf 82' lang='lat' dir='ltr'><strong>successoreset</strong></span> <span class='ocrx_word' id='word_1_366' title='bbox 428 4129 592 4190; x_wconf 87' lang='lat' dir='ltr'><strong>imitatores</strong></span> <span class='ocrx_word' id='word_1_367' title='bbox 621 4149 738 4207; x_wconf 91' lang='lat' dir='ltr'><strong>eorum,</strong></span> <span class='ocrx_word' id='word_1_368' title='bbox 761 4131 960 4212; x_wconf 86' lang='lat' dir='ltr'><strong>imperatores</strong></span> <span class='ocrx_word' id='word_1_369' title='bbox 979 4130 1004 4188; x_wconf 89' lang='lat' dir='ltr'><strong>B</strong></span> <span class='ocrx_word' id='word_1_370' title='bbox 1059 4127 1150 4201; x_wconf 87' lang='lat' dir='ltr'><strong>utini,</strong></span> 
     </span>
     <span class='ocr_line' id='line_1_46' title="bbox 90 4149 1151 4295; baseline 0.017 -46"><span class='ocrx_word' id='word_1_371' title='bbox 90 4189 289 4268; x_wconf 62' lang='lat' dir='ltr'><strong>substituebant</strong></span> <span class='ocrx_word' id='word_1_372' title='bbox 318 4227 459 4288; x_wconf 88' lang='lat' dir='ltr'><strong>cracem,</strong></span> <span class='ocrx_word' id='word_1_373' title='bbox 490 4221 521 4272; x_wconf 87' lang='lat' dir='ltr'><strong>et</strong></span> <span class='ocrx_word' id='word_1_374' title='bbox 543 4232 600 4294; x_wconf 94' lang='lat' dir='ltr'><strong>pro</strong></span> <span class='ocrx_word' id='word_1_375' title='bbox 630 4212 755 4293; x_wconf 85' lang='lat' dir='ltr'><strong>aquila,</strong></span> <span class='ocrx_word' id='word_1_376' title='bbox 786 4233 879 4295; x_wconf 87' lang='lat' dir='ltr'><strong>quam</strong></span> <span class='ocrx_word' id='word_1_377' title='bbox 904 4149 1151 4286; x_wconf 55' lang='lat' dir='ltr'><strong>consuffsuper</strong></span> 
     </span>
     <span class='ocr_line' id='line_1_47' title="bbox 90 4266 1149 4378; baseline 0.011 -31"><span class='ocrx_word' id='word_1_378' title='bbox 90 4266 204 4342; x_wconf 50' lang='grc' dir='ltr'><strong>εῘῐῑῑῑῐιεο</strong></span> <span class='ocrx_word' id='word_1_379' title='bbox 220 4291 348 4374; x_wconf 89' lang='lat' dir='ltr'><strong>scipione</strong></span> <span class='ocrx_word' id='word_1_380' title='bbox 369 4293 547 4378; x_wconf 73' lang='lat' dir='ltr'><strong>gestabant,</strong></span> <span class='ocrx_word' id='word_1_381' title='bbox 582 4293 622 4358; x_wconf 86' lang='lat' dir='ltr'><strong>ed</strong></span> <span class='ocrx_word' id='word_1_382' title='bbox 636 4315 752 4359; x_wconf 86' lang='lat' dir='ltr'><strong>morem</strong></span> <span class='ocrx_word' id='word_1_383' title='bbox 772 4306 908 4359; x_wconf 80' lang='lat' dir='ltr'><strong>veterum</strong></span> <span class='ocrx_word' id='word_1_384' title='bbox 928 4311 1033 4376; x_wconf 71' lang='lat' dir='ltr'><strong>regum</strong></span> <span class='ocrx_word' id='word_1_385' title='bbox 1053 4291 1149 4350; x_wconf 65' lang='lat' dir='ltr'><strong>Grae·</strong></span> 
     </span>
    </p>
   </div>
   <div class='ocr_carea' id='block_1_9' title="bbox 0 0 1498 4892">
    <p class='ocr_par' dir='ltr' id='par_1_12' title="bbox 0 0 1498 4892">
     <span class='ocr_line' id='line_1_48' title="bbox 0 0 1498 4892; baseline 0 0"><span class='ocrx_word' id='word_1_386' title='bbox 0 0 1498 4892; x_wconf 95' lang='lat' dir='ltr'><strong> </strong></span> 
     </span>
    </p>
   </div>
  </div>
 </body>
</html>
