2975 4892
334 323 419 414 366
501 339 505 348 '
565 353 620 420 10.
650 351 731 421 uc.
761 353 907 421 narsen
934 355 1213 425 commutari

335 531 407 586 στος
429 505 542 588 κλάδος
566 526 772 593 memoratnr3
795 517 880 575 cuius
899 513 1040 576 dictionis
1054 515 1185 599 exempla
1225 516 1285 579 lora
1305 531 1331 581 et
1343 519 1385 582 ille

274 632 282 646 =
334 600 378 660 ibi
400 599 492 658 habet
522 610 552 659 et
575 597 626 658 Du
653 601 756 682 Gange
775 619 808 658 v.
838 597 1149 680 Πορφνρογὲιννγιος.
1197 539 1325 662 litorum
1349 614 1388 664 cst

334 684 476 746 formatio
509 677 746 761 συνομόθρονας
773 702 830 762 pro
851 675 1120 761 ουνομοθρὸνονς,
1150 693 1285 766 tanquam
1302 689 1324 746 si
1340 707 1388 745 no·

335 769 499 826 minativus
533 775 608 824 esset
628 759 845 845 συνομόθρων.
887 765 1030 846 Magnam
1051 766 1107 826 sihi
1128 765 1272 828 licentiam
1288 771 1320 828 in
1335 767 1389 828 ior-

334 849 453 910 mandis
471 859 575 908 contra
595 847 714 930 regulas
743 849 953 929 grammaticas
982 847 1120 930 vulgares
1139 852 1302 912 nominihus
1318 873 1390 910 arro-

336 944 446 1016 garunt
466 953 528 991 uon
556 941 676 991 tantum
702 932 791 1004 novi,
814 932 867 1013 qui
888 931 997 991 hocin
1019 953 1127 1013 genere
1153 937 1235 996 trimii
1251 945 1279 994 et
1298 923 1390 1011 ἄλογοι

335 1037 457 1098 prorsus
478 1017 619 1093 firmant,
655 1015 706 1075 sed
729 1017 820 1076 etiam
840 1024 966 1075 veteres.
1007 1016 1135 1076 Possent
1158 1019 1286 1100 ingentes
1306 1017 1392 1076 acervi

336 1097 542 1179 exemplorum
561 1097 704 1158 similium
723 1101 866 1182 congeri,
889 1099 913 1156 si
928 1119 1004 1180 opus
1024 1109 1110 1159 eset.
1152 1101 1263 1162 Verum
1280 1109 1394 1185 praestat
1455 1162 1456 1167 γ

337 1182 507 1264 speciminis
527 1201 617 1242 causa
644 1203 740 1262 pauca
758 1181 907 1263 quaedam
926 1181 1071 1242 delibare.
1113 1182 1226 1244 Notum
1245 1178 1393 1262 ἔγγωνριο

333 1261 467 1344 ἔγγονος;
487 1285 520 1324 v.
548 1265 600 1324 Du
627 1265 728 1346 Gange
750 1265 783 1326 h.
806 1287 836 1326 v.
885 1265 921 1324 ln
946 1266 1135 1326 dedicatione
1156 1267 1282 1328 Herodis
1295 1276 1395 1326 statuae

333 1347 467 1429 Regillae
487 1369 532 1408 vs.
555 1348 605 1408 55.
623 1349 755 1407 occurrit
784 1341 1003 1428 πρωτόθρονος
1023 1344 1126 1427 ἕδραι,
1150 1353 1235 1430 quasi
1255 1371 1272 1410 a
1290 1339 1398 1429 προτό-

331 1431 432 1510 θρων,
454 1431 507 1492 ubi
524 1451 556 1492 v.
581 1430 720 1508 Salmas,
738 1433 792 1512 qui
813 1431 853 1491 ad
869 1430 963 1490 Aram
976 1431 1135 1497 Dosiadao‘
1156 1453 1225 1516 pag.
1246 1435 1309 1494 225.
1333 1429 1395 1492 edit.

335 1515 426 1573 Cren.
449 1513 521 1574 huic
542 1512 684 1598 ἓψανδροι
704 1537 762 1596 pro
775 1513 934 1591 ἓψονδρον
954 1517 1100 1595 imputat,
1124 1517 1211 1597 quasi
1228 1515 1266 1575 ab
1278 1506 1397 1591 ἓψάνιγρ.

335 1595 528 1658 Dioscorides
543 1619 572 1656 c.
594 1597 666 1659 661.
690 1591 863 1677 κννόθνγρες
887 1593 980 1656 habet
1002 1619 1058 1678 pro
1082 1600 1277 1679 κυνοθῆροιι,
1295 1609 1401 1656 aenae·

333 1701 380 1740 res
390 1701 457 1740 cum
472 1681 750 1756 commaculantes,
773 1682 860 1764 quasi
874 1699 892 1739 a
907 1674 1058 1760 ιιννόθνγρ.
1085 1680 1315 1764 chrysostomus
1331 1687 1400 1738 orat.
1455 1714 1456 1753 3

336 1761 375 1824 de
396 1767 488 1824 circo:
511 1757 747 1836 ἱππειὶςοιῖτοιῖ
767 1756 825 1822 οὐκ
843 1756 905 1822 ἀπὸ
931 1764 1044 1842 λευκῆς
1063 1759 1117 1824 s'm'
1136 1759 1294 1848 σφενδόνα
1311 1764 1403 1838 μιλιο·

337 1843 475 1925 δρυμῶν,
508 1847 594 1928 quasi
621 1867 639 1905 a
662 1841 810 1926 σφενὸὠν
845 1864 902 1926 pro
932 1839 1100 1928 σφενδόνη.
1165 1847 1340 1908 scholiastes
1369 1840 1403 1900 ad

332 1928 552 2011 Harmenopuli
581 1930 741 2011 Epitomen
769 1932 802 1988 in
824 1929 894 1988 lure
914 1930 1228 1993 Graeco-Romanor
1269 1943 1404 1992 ονοταιι-

243 2024 252 2050 “
329 2011 389 2072 καί
405 2009 485 2072 εἰσιν
516 2007 551 2071 ai
580 2006 744 2088 διδόμεναι
765 2017 831 2080 τοῖς
851 2003 914 2070 aiud
936 2010 1091 2088 emeritana
1111 2006 1157 2084 ὥς
1178 2009 1334 2083 ἆθώοσιν,
1353 2026 1402 2089 pro

333 2091 464 2171 ιῖθώοις,
486 2105 630 2176 tanquam
649 2095 674 2154 si
694 2094 734 2154 ab
754 2084 871 2155 sillaim
883 2094 1030 2176 singulari
1049 2107 1140 2157 esset.
1183 2097 1361 2176 Procopius,
1378 2091 1407 2148 in

334 2177 465 2236 editione
496 2175 715 2238 Hoescheliaoa
744 2189 845 2253 certe,
881 2200 913 2260 p.
942 2178 994 2239 52.
1017 2177 1068 2239 26.
1106 2174 1172 2238 ὖιιὸ
1190 2173 1307 2258 μήδεσι
1328 2174 1407 2235 habet
1455 2208 1456 2211 ι

333 2271 478 2341 tanqtmm
499 2281 518 2320 a
540 2262 727 2322 nominativo
750 2260 919 2342 μῆδεςριο
939 2260 1059 2341 pidet,
1088 2275 1122 2323 et
1141 2283 1175 2344 p.
1193 2262 1245 2325 55.
1281 2263 1324 2323 15.
1355 2254 1408 2334 μῆ·

334 2341 394 2402 δαν
424 2338 560 2422 ο-τριιιόν
588 2365 645 2425 pro
674 2343 796 2424 μῆιῖον,
824 2354 970 2426 tanquam
998 2343 1101 2424 ομῆς
1132 2345 1333 2406 nominativo.
1377 2339 1408 2395 ln

335 2425 520 2486 carminibus
544 2448 562 2487 a
585 2427 683 2488 lensio
702 2447 759 2508 pro
778 2427 934 2488 anecdotis
952 2427 1039 2488 editis
1057 2449 1090 2487 n.
1113 2427 1168 2490 58.
1196 2430 1237 2489 de
1250 2418 1410 2508 Amphipoli

333 2507 462 2590 legitur:
491 2507 656 2589 Alyattem
687 2509 770 2588 μέγα
788 2513 899 2588 νεῖκος,
927 2523 1134 2592 argumentum
1156 2512 1346 2573 contemmis
1360 2523 1411 2589 pm

299 2627 304 2636 ·
333 2594 459 2673 Aegrilzs
492 2613 546 2654 seu
571 2594 805 2654 Atheniensibw.
853 2594 903 2654 Ad
931 2594 1014 2655 hunc
1042 2595 1174 2654 modum
1215 2593 1315 2656 Latitfi
1347 2589 1411 2648 linea

334 2675 475 2736 dixaunt
496 2697 554 2757 pro
573 2673 672 2756 ληνοὶ,
693 2677 777 2737 lacus
799 2677 872 2736 vino
893 2678 1042 2738 servando
1059 2699 1076 2738 e
1097 2678 1251 2740 torculari
1277 2690 1411 2756 expresso,

335 2771 390 2818 aut
411 2771 441 2819 et
464 2779 570 2840 aquae.
591 2759 702 2837 Στίχες
722 2780 779 2842 pro
811 2757 914 2837 στίχοι
940 2761 1016 2821 dixit
1038 2762 1197 2822 Homerus
1231 2760 1343 2823 etalii.
1381 2753 1411 2810 ln

334 2841 437 2902 codice
452 2854 530 2905 msto
554 2845 747 2904 Reimariano
763 2842 964 2924 Anthologiae
986 2845 1124 2906 Graecae
1158 2847 1266 2906 inveni
1279 2861 1351 2946 pag·
1369 2835 1415 2932 69·

333 2944 364 2984 2.
395 2925 443 2984 ed.
464 2923 568 3005 Steph.
592 2921 786 3003 α’ριστονὸας,
806 2925 989 2986 chieditnm
1007 2918 1230 3004 ἐριοιονὸονς.
1287 2917 1415 2987 Pododa·

334 3009 447 3078 ιιτνλος
466 3029 523 3086 pro
538 3001 771 3088 ῥοδοδαιιτύλον
788 3019 834 3068 est
853 3012 885 3068 in
897 3009 1103 3091 Anthologiae
1121 3011 1200 3073 edit.
1224 3009 1311 3072 Flor.
1326 2996 1415 3066 ethl-

333 3088 426 3167 dina‚
457 3090 510 3150 ubi
544 3091 617 3152 edit.
648 3091 690 3150 Η.
710 3091 858 3172 Stephani
889 3092 942 3156 det
962 3089 1206 3175 ῥοδοδάκτύλου
1229 3117 1262 3176 p.
1289 3090 1354 3169 124.
1377 3105 1417 3142 10·

332 3173 439 3275 Aeque
459 3167 547 3250 νοὸς,
569 3172 622 3234 νοῒΙ
647 3195 683 3234 ac
695 3174 753 3234 νοῦ
770 3173 820 3234 vet
839 3166 915 3239 riae
934 3187 965 3238 et
987 3174 1022 3237 νο’
1049 3226 1059 3254 ,
1081 3178 1161 3237 item
1184 3176 1302 3251 πλοῦς,
1322 3163 1413 3238 πλοὸς.

333 3257 425 3332 utor,
447 3277 539 3336 quam
557 3249 656 3317 πλόου
687 3256 866 3335 velationi,
904 3252 989 3342 πλόῳ
1018 3196 1079 3320 dici
1109 3272 1248 3321 constat.
1293 3256 1364 3316 Vid.
1384 3246 1418 3310 ad

332 3359 364 3420 p.
390 3341 441 3422 γᾶ.
466 3341 501 3398 Β.
527 3339 578 3418 8.,
602 3341 657 3400 ubi
676 3335 714 3400 de
731 3340 910 3402 formatione
933 3339 1069 3419 διιέντων,
1093 3339 1259 3419 διάκονος,
1282 3336 1416 3403 ardore,

332 3431 365 3564 οὲ
389 3443 426 3564 rpl
451 3421 561 3505 plurali
584 3417 723 3495 derisoriae
744 3425 817 3485 dixi.
860 3425 950 3486 Coos.
974 3427 1027 3486 Du
1057 3425 1168 3510 Gange
1196 3448 1229 3490 v.
1263 3425 1376 3488 Parma
1395 3424 1420 3474 cl

362 3527 394 3562 a!
424 3526 477 3565 ox!

395 3586 466 3666 224.
481 3591 516 3648 B.
531 3587 563 3650 8.
586 3589 674 3673 [584
692 3588 737 3672 5.]
760 3586 928 3655 densata.
970 3590 1102 3654 Schema
1120 3590 1210 3671 hoc,
1233 3612 1296 3676 qno
1312 3583 1421 3651 uomina

332 3665 461 3747 pluralia
483 3693 544 3731 non
568 3684 675 3733 neutra
703 3695 774 3734 cum
793 3673 889 3733 verbo
910 3674 1055 3756 ungulari
1073 3688 1334 3758 componuntur,
1355 3669 1423 3730 Pin·

332 3749 470 3812 daricum
494 3753 684 3835 appellatur,
707 3757 746 3818 de
771 3777 832 3839 quo
861 3758 926 3816 vid.
950 3759 1125 3819 Lesbonax.
1174 3761 1291 3820 Nescio
1306 3752 1423 3816 huccine

333 3831 461 3894 referam
477 3827 515 3914 ἢν
544 3857 600 3918 pro
609 3829 707 3916 ἦσαν,
731 3841 770 3900 de
793 3861 855 3921 quo
878 3842 948 3903 dico
972 3841 1013 3901 ad
1036 3841 1226 3924 Thucydid.
1253 3836 1374 3921 1V.75.
1395 3855 1422 3912 p·

336 3915 405 3990 254.
429 3915 480 3999 89.
524 3919 639 4001 Negare
661 3921 739 3982 illud
758 3945 856 4004 nuper
882 3923 979 3984 voluit
1010 3925 1166 3986 Pauwius
1191 3926 1234 3985 ad
1253 3922 1422 3992 Pindarum·

332 3995 391 4090 Sed
419 4020 480 4059 non
499 4023 654 4064 moramur
684 4006 839 4066 hominem
870 4004 1052 4086 fanaticum,
1079 4010 1117 4076 in
1150 4011 1284 4070 Graecis
1314 3999 1427 4087 quidem

332 4076 452 4142 htteris.
472 4083 544 4143 Vid.
566 4087 604 4144 ad
614 4105 685 4170 pag.
708 4089 781 4167 412.
804 4089 837 4150 B.
860 4112 891 4150 2.
914 4089 1053 4150 dicenda.

348 4236 359 4260 t
417 4163 452 4224 C.
473 4189 499 4225 1.
518 4167 601 4250 1384,
619 4167 662 4253 7.]
682 4167 735 4243 ὥς.
779 4173 856 4232 Tam
889 4193 977 4255 saepe
1001 4175 1109 4233 inveni
1143 4175 1283 4238 Graecis
1299 4174 1331 4233 in
1352 4167 1428 4231 libris

333 4264 377 4320 ως
396 4269 453 4330 pro
474 4238 499 4310 ei
520 4254 669 4333 positum,
692 4266 727 4316 ut
747 4257 779 4316 in
801 4255 998 4340 hathuloga,
1019 4259 1166 4340 Diogene
1188 4258 1329 4334 Lentia,
1349 4251 1427 4316 artie
1449 4263 1456 4287 l
