2975 4892
320 218 430 338 Ιδιο
576 245 632 308 ιο.
661 243 744 310 nc.
772 243 931 340 aarum
945 241 1224 309 oomuu‘rsnu
1274 257 1278 264 ·

339 401 545 478 bammedani,
557 411 593 462 ut
609 421 705 483 nugas
716 411 748 461 et
768 400 992 480 superstitiones
1011 396 1120 458 multas
1132 396 1213 470 alias,
1226 408 1388 488 senape-unt.

341 487 385 547 Hi
407 488 489 554 enim
517 484 739 546 Muhammedis
767 503 888 564 quoque
916 481 1042 542 burdam
1069 501 1123 542 seu
1155 480 1307 542 amiculum
1338 501 1386 540 non

341 579 461 628 tantum
482 571 513 628 in
534 571 617 648 regni
642 563 801 648 Bagdadici
822 563 986 644 insignibus
1006 563 1166 640 habebant,
1187 563 1237 626 sed
1258 566 1388 646 etiampa

339 652 419 713 acies
447 657 478 710 in
512 651 693 732 gravissimis
726 648 846 729 praeliis
875 645 1153 727 circumgestabant.
1225 645 1292 706 Vid.
1318 644 1390 726 paulo

339 745 409 817 post
429 733 467 792 ad
489 731 579 793 buius
598 753 666 813 pag.
681 731 722 790 D.
747 751 777 790 a.
834 729 901 788 Huc
921 733 1049 812 pertinet
1069 733 1158 790 etiam
1179 732 1275 812 imago
1292 728 1323 788 B.
1338 729 1389 804 V.;

340 813 362 896 ἦ
386 813 442 896 τῆς
461 810 654 895 &superenne
675 807 784 886 εἰκῶν,
808 806 846 892 ἢν
867 804 896 871 oi
916 813 1055 886 βασιλεῖς
1071 804 1236 887 Ῥωμαίων
1256 809 1390 870 ποιοῦνται

341 891 578 976 συστράτηγον,
609 901 674 966 τοῖς
699 893 852 965 ἐναντίοις
884 885 1042 972 ἑάλωκεν,
1064 897 1107 954 nit
1129 896 1247 956 Ninetas
1267 891 1350 953 Chen.
1365 913 1388 973 p.

343 981 414 1041 300.
427 979 463 1038 C.
479 1001 509 1040 κ.
520 1028 530 1057 ,
550 980 632 1062 quod
652 979 824 1041 traductum
844 999 879 1038 ex
904 980 998 1038 veteri
1028 999 1112 1038 more
1132 978 1248 1058 signum
1267 977 1391 1036 Victoriae

345 1073 376 1122 et
394 1063 549 1122 Fortunae
569 1065 600 1121 in
635 1065 739 1122 castris
762 1071 792 1120 et
812 1063 962 1142 praetorio
983 1059 1125 1120 habendi.
1172 1059 1248 1120 Nam
1266 1071 1297 1118 ut
1318 1060 1393 1140 genti·

343 1143 387 1206 les
408 1146 537 1205 Romani
557 1145 631 1204 haec
652 1147 736 1225 signa
756 1147 917 1204 numinum
937 1164 1060 1204 suorum
1082 1166 1136 1224 pro
1157 1144 1277 1224 pignore
1295 1141 1393 1202 felicita·

343 1229 383 1286 tis
403 1229 519 1308 imperii
539 1225 692 1287 habebant
705 1238 735 1287 et
756 1227 867 1307 absque
888 1229 924 1288 iis
944 1237 1044 1286 aetum
1065 1227 1103 1286 de
1121 1247 1155 1286 se
1175 1223 1345 1286 credebant:
1362 1226 1392 1282 sie

345 1313 417 1370 novi
439 1311 546 1370 Graeci
567 1313 695 1372 Mariam
715 1320 874 1391 pauonum
896 1321 925 1370 et
945 1309 1083 1372 nitricem
1102 1329 1205 1369 rerum
1226 1329 1336 1370 suarum
1353 1305 1394 1364 ba·

341 1391 455 1453 bebant
491 1404 522 1453 et
542 1415 611 1452 cum
649 1395 713 1453 eius
733 1393 862 1472 imagine
889 1413 920 1452 se
954 1391 1116 1454 credebaut
1133 1411 1271 1473 prospere
1289 1401 1393 1450 acturos.

342 1474 468 1534 Praeter
492 1474 565 1536 alias
586 1477 728 1555 imagines
748 1473 860 1536 babere
883 1495 1004 1556 quoque
1022 1478 1053 1534 in
1074 1473 1190 1554 capella
1209 1495 1261 1536 sua
1279 1474 1394 1533 castrensi
1442 1545 1443 1548 Ἴ

343 1556 482 1618 solebant
514 1559 612 1640 impp.
640 1560 785 1639 imagines
810 1579 896 1636 suas,
931 1557 1013 1638 quod
1033 1553 1141 1640 colligo
1171 1578 1188 1617 e
1217 1557 1280 1617 loco
1298 1557 1394 1616 Nicetae

343 1639 531 1717 Cboniatae,
564 1641 617 1701 ubi
648 1651 754 1702 narrat
774 1641 877 1700 Solum
910 1639 1062 1722 aliquem,
1093 1641 1151 1702 boc
1180 1651 1224 1700 est
1243 1637 1395 1698 montebon

344 1724 499 1784 eremitam
528 1723 653 1784 stultum
682 1723 870 1804 eundemque
885 1745 940 1805 pro
960 1735 1063 1783 sancto
1077 1733 1106 1783 et
1116 1723 1264 1806 propbeta
1276 1721 1395 1788 habitum,

343 1807 450 1887 spiritu
472 1806 602 1866 vatidico
623 1807 717 1867 isaaci
738 1806 867 1887 begali,
890 1809 943 1887 qui
962 1806 1102 1886 deinceps
1122 1805 1320 1867 exeoeenndus
1336 1813 1394 1875 erat,

344 1888 490 1970 imagini,
532 1883 599 1968 ἥτις
626 1883 707 1948 κατὰ
726 1882 762 1947 τὸ
784 1885 829 1958 εἰς
859 1884 956 1969 εὐχὴν
977 1880 1062 1971 adripi
1082 1883 1323 1966 σίκοτεταγιιὲνον
1340 1883 1396 1944 oiu'·

343 1968 412 2032 δίον
428 1964 597 2053 χρῶμασιν
617 1967 789 2051 emilane,
812 1972 914 2032 oculos
937 1973 1060 2052 eruisse,
1082 1993 1114 2052 p.
1130 1971 1204 2032 236.
1224 1971 1264 2030 D.

429 2055 464 2114 B.
488 2053 521 2116 8.
553 2052 643 2131 [466,
671 2051 730 2133 ιι.]
767 2053 923 2125 κοιτῶνος.
976 2056 1056 2132 Quia
1089 2055 1120 2114 in
1156 2053 1209 2116 illo
1234 2049 1335 2134 palatio
1359 2067 1397 2108 seu

344 2137 445 2216 magni
467 2135 569 2216 palatii
589 2146 676 2216 parte
696 2135 757 2212 illa,
780 2157 857 2218 quae
874 2149 980 2198 coeton
1002 2159 1037 2197 ex
1058 2157 1095 2197 eo
1116 2131 1396 2219 appellationeque

344 2217 515 2298 imperator
536 2218 577 2276 ibi
598 2218 778 2295 dormiebat,
799 2223 972 2280 vestiarium
992 2231 1056 2282 erat
1081 2223 1164 2280 etin
1186 2217 1318 2280 vestiario
1340 2233 1397 2274 suu

341 2301 385 2357 mi
406 2321 542 2381 qriaeque
562 2301 650 2381 pretii
671 2322 737 2376 res,
757 2306 874 2362 nummi
894 2305 990 2384 parati
1004 2349 1013 2378 ,
1027 2323 1175 2384 gemmae,
1198 2323 1267 2363 vasa
1286 2305 1398 2359 aureaet

343 2394 503 2464 argentea,
526 2387 617 2443 vestis
636 2387 730 2468 serica
752 2395 810 2444 etc.
833 2385 1075 2461 asservabantur,
1098 2385 1171 2447 binc
1193 2396 1246 2462 est,
1266 2392 1340 2444 utet
1358 2397 1396 2438 τι·

343 2465 481 2524 stiarium
514 2475 545 2524 et
578 2478 686 2527 coeton
708 2469 878 2544 promiscue
906 2469 944 2529 dc
965 2469 1107 2530 thesauro
1130 2472 1213 2551 regio
1234 2474 1396 2546 usurpentur.

343 2545 384 2606 V.
414 2547 466 2606 Du
502 2547 603 2630 Gange
622 2571 654 2610 κ.
690 2549 866 2611 Venerios.
923 2553 1072 2612 Hearicus
1102 2551 1271 2636 Knyglrton
1301 2546 1334 2607 ad
1351 2545 1397 2603 An·

347 2629 462 2690 1381st
486 2633 597 2691 ιἰικσυίι
614 2631 696 2717 quod
713 2633 848 2706 credidit,
867 2635 950 2718 quod
970 2633 1120 2697 uon'esset
1135 2637 1245 2720 alr’qrn'e
1265 2653 1316 2692 rex
1338 2627 1398 2688 clui-

341 2714 453 2773 stiauus
475 2715 583 2774 babens
603 2717 753 2775 mliorem
778 2717 1005 2802 gar-demptam.
1060 2717 1162 2793 Nam,
1183 2731 1215 2778 ut
1230 2717 1323 2789 dau,
1336 2721 1398 2769 lam

343 2810 409 2855 erut
424 2799 511 2878 copia
532 2819 671 2858 uasorum
692 2812 721 2858 et
741 2800 881 2860 iocalium
905 2801 942 2860 de
970 2814 1102 2881 argento,
1153 2802 1232 2861 Hinc
1264 2806 1304 2858 est
1320 2790 1397 2874 quod,

343 2898 415 2937 cum
437 2879 556 2939 Nicetes
585 2881 747 2941 Cbonmtes
777 2882 809 2940 in
830 2882 934 2943 codice
953 2883 1084 2966 quodam
1107 2893 1208 2961 msto,
1230 2891 1300 2942 teste
1319 2879 1399 2936 Mont-

343 2958 484 3020 fauconio
510 2964 541 3020 in
577 2963 813 3046 Palaeogmphia
844 2965 962 3026 Graeca
989 2987 1021 3050 p.
1043 2967 1135 3050 327..,
1159 2964 1320 3049 appelletur
1351 2953 1398 3014 τῶν

343 3039 478 3118 κρίσεων
507 3038 622 3125 ἔφορος
644 3047 699 3105 καί
718 3041 956 3124 προκαθήμενος
982 3049 1040 3108 τοῦ
1061 3050 1227 3122 κοιτῶνος,
1250 3046 1279 3106 id
1300 3042 1400 3104 reulus

338 3127 505 3206 praesertin
519 3127 777 3209 fiseimrperzblir.
828 3129 906 3191 Hinc
936 3133 1026 3192 etiam
1046 3143 1102 3206 est,
1126 3131 1211 3216 quod
1231 3123 1398 3190 Cassiodorus

341 3205 501 3266 fusienum
515 3231 570 3288 pro
591 3231 669 3290 gaza
682 3214 783 3291 posuit
802 3211 923 3273 Variar.
940 3214 966 3273 l.
986 3236 1034 3295 ep.
1046 3235 1101 3275 a.:
1123 3237 1189 3276 eran
1208 3213 1313 3290 biam,
1329 3222 1399 3290 qm

342 3302 442 3350 uestro
462 3291 591 3352 crebierdo
610 3292 683 3353 dare
703 3295 826 3374 singulis
847 3299 935 3356 annis
954 3299 1153 3377 numeravisti,
1178 3299 1278 3357 cestrie
1295 3288 1398 3373 stein.

343 3371 435 3447 Quod
458 3383 488 3433 et
509 3373 558 3434 alii
579 3386 715 3436 auctores
736 3377 1011 3440 Latini-fecerunt:
1031 3402 1060 3440 v.
1086 3382 1136 3441 Du
1151 3381 1252 3462 Gange
1265 3371 1401 3438 vuum·

341 3454 423 3527 luae,
446 3457 524 3516 rilem
544 3458 626 3542 qzmd
636 3480 769 3532 camara,
784 3465 952 3535 aerarium,
975 3463 1134 3536 thesaurus,
1155 3467 1229 3526 item
1247 3447 1401 3521 adAlexiad.

339 3555 372 3613 p.
390 3536 460 3598 286.
480 3550 510 3598 ct
534 3561 565 3599 v.
586 3534 723 3603 Κοιτῶν.
767 3543 858 3604 Recte
880 3545 983 3625 igitur,
1005 3546 1045 3607 ad
1065 3549 1131 3610 aevi
1152 3550 1200 3607 sui
1221 3541 1333 3626 quidem
1347 3551 1398 3594 11¹⁰·

342 3635 408 3689 res,
437 3621 614 3699 xiphilinus
644 3647 675 3705 p.
686 3624 758 3706 984
786 3625 832 3687 ed.
854 3627 1023 3710 Hambnrg.
1057 3650 1104 3689 vs.
1127 3627 1179 3706 48.
1215 3623 1285 3696 τούς
1313 3619 1341 3682 ἐν
1366 3610 1400 3693 τ’,ῑῖ

343 3698 498 3796 βσσιλικῷ
529 3707 654 3766 κοιτῶνι
686 3704 873 3790 &annuende
902 3712 1002 3787 dixit,
1030 3733 1170 3793 quamtus
1191 3711 1267 3772 sorte
1285 3707 1337 3766 nio
1352 3715 1400 3757 110ss

342 3800 385 3872 ⁸19
406 3786 567 3862 sctupserit.
623 3789 693 3850 Non
723 3794 805 3852 euim
836 3814 954 3876 semper
985 3797 1025 3854 ita
1046 3796 1154 3854 Dionis
1175 3809 1307 3856 sermone
1325 3783 1401 3843 nunu

342 3862 540 3960 xiphilinus,
576 3874 650 3950 quin
680 3872 718 3933 de
744 3891 801 3935 suo
821 3877 969 3937 inferciat.
1022 3879 1126 3954 Quare
1146 3875 1267 3936 mallem
1286 3873 1313 3932 in
1331 3879 1401 3947 prat·

341 3953 522 4038 stantisuma
537 3949 588 4010 illa
609 3953 741 4016 editione
761 3958 942 4020 vocabulum
961 3959 1082 4020 κοιτῶνι
1106 3962 1233 4020 eiectum
1245 3976 1302 4016 non
1320 3949 1399 4011 fuisse.

341 4026 468 4107 insignis
486 4031 545 4090 buc
574 4034 684 4096 faciens
705 4037 857 4102 Alexiadis
881 4041 964 4102 locus
985 4043 1222 4122 praetereundus
1242 4059 1298 4100 non
1317 4042 1355 4093 est
1373 4047 1396 4106 Ρ·

341 4108 393 4172 56·
416 4111 479 4211 A·
502 4112 669 4203 Βυζαντίῳ
690 4121 753 4184 τινιΙ
771 4125 848 4184 καθ’
867 4119 943 4186 ὁδὸν
961 4123 1102 4204 ἐντυχών
1119 4124 1245 4206 χρυσοῦ
1261 4110 1400 4200 fluidum
