2975 4892
312 262 369 347 62
516 291 571 355 ιο.
603 289 1169 357 nc.ausmconumrm11

313 449 524 508 commuuione
539 446 671 528 quadam
685 449 764 507 inter
781 468 812 507 se
834 450 1025 524 iunctarum,
1047 450 1079 508 in
1099 470 1191 509 unam
1212 468 1317 510 vocem
1332 449 1395 513 coi·

312 530 466 612 liquaudi,
498 530 595 610 qualis
608 540 653 591 est
669 532 702 589 iu
722 550 798 590 voce
818 527 1068 611 δισκοτιοτὴριον,
1098 532 1193 592 diam
1216 554 1394 616 cumsapera

311 616 445 697 ιάιροείιο
465 615 581 691 calyce,
613 614 711 673 dicam
731 612 770 672 ad
793 633 823 694 p.
841 611 892 690 45.
913 614 953 673 D.
971 613 1025 674 ult.
1070 615 1160 691 Quod
1182 616 1253 675 novi
1282 611 1396 690 ’ξεστὸν

312 711 445 772 sextam,
478 700 664 772 sextaruim,
687 694 897 777 appellabant,
931 716 985 756 seu
1016 700 1205 779 guttumium
1229 701 1394 759 sextarium

312 801 407 862 aquae
423 783 599 856 continens,
620 779 652 838 id
673 790 790 839 veteres
819 770 956 859 πρόχοον
974 779 1174 861 appellabant.
1218 779 1394 843 Homerusz

395 878 552 961 Χὲρνιβον
584 874 763 959 α’μφύιολος
782 871 917 959 πρόχοόν
936 878 969 943 a’
986 868 1054 955 ἅμα
1071 875 1183 959 χερσιύν
1201 870 1328 957 ἔχουσα.
1455 890 1456 907 ³

312 979 412 1061 Equo
426 978 494 1039 loco
509 975 596 1038 simul
613 988 706 1058 patet,
726 974 896 1056 χέρνιβον,
917 979 997 1061 quod
1013 980 1044 1038 in
1075 977 1185 1038 robatis
1195 980 1319 1039 vetustis
1333 1001 1396 1041 au·
1452 974 1456 1005 ύ

313 1062 448 1123 ctoribus
465 1082 528 1120 uon
551 1064 699 1142 reperitur
728 1058 788 1138 (illi
806 1064 886 1121 enim
908 1061 1024 1144 χέρνιψ
1045 1000 1165 1139 dicunt)
1193 1062 1253 1120 iam
1271 1066 1394 1123 tamin
1454 1058 1456 1092 ύ

312 1166 370 1206 usu
387 1144 496 1220 titisse,
523 1155 558 1204 ut
580 1142 676 1203 multa
696 1144 819 1205 luerunt
839 1166 963 1223 eorum,
984 1166 1061 1225 quae
1081 1146 1113 1203 in
1134 1142 1192 1203 boc
1216 1155 1319 1205 nostru
1336 1166 1394 1206 eo-
1455 1155 1456 1164 ’

313 1228 380 1288 dice
403 1226 608 1308 similibusque
625 1248 705 1287 nova
730 1225 913 1288 videbuntur
937 1228 1012 1287 viris
1037 1226 1148 1302 doctis,
1178 1236 1231 1286 aut
1253 1238 1396 1289 veterum
1453 1240 1456 1263 ‘¹

312 1331 522 1391 novorumque
541 1308 631 1369 simul
645 1332 707 1371 non
721 1313 794 1371 satis
814 1309 1031 1385 familiaribus,
1052 1320 1103 1369 aut
1119 1329 1180 1368 non
1196 1309 1267 1369 satis
1287 1310 1397 1374 firmae
1453 1315 1456 1347 *

313 1394 487 1454 memoriae.
532 1392 647 1452 Habuit
673 1394 794 1471 omnia,
831 1413 909 1476 quae
928 1391 1086 1453 manifesto
1111 1412 1192 1451 nova
1212 1401 1243 1452 et
1260 1393 1396 1456 barbara
1447 1396 1456 1431 ύ

312 1496 375 1536 non
396 1487 484 1551 sunt,
511 1475 565 1536 sed
585 1476 707 1537 sordida
724 1487 844 1536 tantum
868 1487 955 1553 sunt,
988 1476 1189 1535 remstissima
1214 1494 1320 1555 maaca
1338 1499 1396 1539 ae·
1455 1486 1456 1541 Ξ

312 1569 378 1640 tas;
398 1578 507 1619 verum
526 1560 563 1617 iis
584 1570 720 1619 auctores
741 1559 957 1619 munditiarum
976 1557 1100 1618 studiosi
1126 1556 1344 1619 abstinuerunt.
1445 1578 1456 1607 a

396 1640 476 1784 emi).
504 1640 552 1724 [9,
568 1639 637 1724 aa]
668 1635 723 1702 διδ
742 1643 799 1701 τού
818 1636 978 1717 νεύματος.
1021 1641 1079 1701 Hic
1102 1639 1231 1699 habetur
1253 1640 1395 1703 scholion
1443 1650 1445 1654 ’

312 1726 345 1785 in
367 1745 415 1783 me
468 1726 566 1801 ranis,
587 1724 670 1804 quod
687 1726 759 1806 quia
777 1727 809 1785 in
830 1735 960 1785 extremo
980 1734 1132 1805 praesecto
1157 1724 1291 1805 margine
1313 1729 1396 1787 scri·
1445 1740 1456 1778 ῚῚ1

332 1819 398 1867 tum
415 1818 445 1867 et
458 1805 594 1867 hiulcum
616 1818 700 1884 erat,
727 1809 780 1886 (ut
799 1808 910 1889 passim
927 1818 998 1867 sunt
1015 1806 1119 1866 eadem
1134 1805 1172 1865 de
1194 1827 1284 1866 causa
1303 1808 1398 1869 seho-
1433 1816 1456 1869 'a

311 1829 354 1951 ba
369 1890 459 1950 huius
476 1890 626 1966 codicis,)
655 1890 799 1950 omissum
821 1889 889 1948 fuit.
932 1889 1067 1949 Unicum
1081 1887 1181 1950 locum
1197 1888 1335 1972 supplere
1358 1914 1398 1953 ex
1441 1910 1456 1949 a

311 1975 434 2055 ingenio
447 1992 510 2032 non
516 1975 628 2069 potui,
648 1973 702 2032 ubi
720 1982 833 2051 puncta
847 1972 944 2054 posui.
967 1971 1022 2032 Est
1033 1983 1134 2032 autem
1149 1972 1226 2031 hoc:
1266 1969 1396 2053 Ἰστὲον,
1431 1999 1456 2034 1-ι

311 2047 360 2116 ὅτι
372 2048 425 2115 διδ
437 2072 580 2114 τοιουτου
602 2048 791 2134 σχήματος.
814 2096 822 2114 .
848 2097 857 2114 .
879 2050 909 2115 εἰ
929 2054 970 2139 [f.
994 2050 1111 2135 ύσαειύ]
1134 2053 1167 2117 ἐν
1188 2047 1402 2129 nicostrate
1442 2080 1456 2119 u

313 2136 428 2217 δοχαῖς
447 2129 502 2195 διοὶ
521 2132 674 2212 νεύματος
701 2136 762 2196 τού
783 2130 934 2197 δεσπότου
963 2132 979 2199 ὃ
1000 2131 1205 2219 πραιαύσιτος
1224 2128 1309 2195 νεύει
1329 2144 1401 2211 τοῖς
1426 2170 1456 2209 aa

314 2217 497 2302 δφειλουσιν
517 2216 641 2293 εἰσάξει
663 2211 726 2277 εἴτε
752 2213 791 2278 τύ
821 2214 898 2279 κατὰ
927 2216 1024 2280 τύπον
1050 2214 1237 2300 εἷσαγόμενα
1256 2219 1338 2295 βῆλα
1361 2220 1401 2283 ἐν
1431 2244 1456 2293 ῆι,

311 2306 381 2374 ταῖς
401 2300 530 2380 δοχαῖς,
552 2293 615 2360 εἴτε
634 2297 768 2361 ἐθνικῶν
788 2294 907 2371 εἴσοδος
928 2294 945 2359 d
973 2298 1050 2363 ειλει
1068 2302 1214 2379 γενέσθαι
1221 2346 1231 2377 ,
1261 2296 1323 2362 εἴτε
1343 2303 1400 2377 ξε·
1425 2320 1456 2379 ηρ

311 2382 428 2447 ναλίυιν
446 2382 480 2457 ἐξ
498 2381 674 2443 attotam
685 2374 862 2459 μελλόντων
882 2380 1023 2446 εἰσιεναι.
1063 2385 1113 2445 Ad
1124 2405 1188 2445 rem
1202 2385 1296 2465 ipsam
1309 2387 1398 2465 quod
1431 2423 1456 2464 a,

312 2469 434 2541 attinet,
457 2460 561 2525 νεύειν
590 2470 676 2527 novis
692 2467 814 2527 Graecis
840 2476 884 2525 est
898 2478 975 2527 nutu
995 2467 1113 2549 signum
1139 2468 1212 2527 dare
1231 2472 1399 2549 opportuni
1429 2490 1456 2551 ‚J

312 2553 455 2633 temporis
474 2549 661 2651 peragendae
676 2548 803 2609 alicuius
821 2552 985 2631 imperatae
1000 2552 1065 2627 rei,
1087 2572 1143 2633 pro
1162 2570 1223 2631 quo
1243 2554 1332 2609 etiam
1354 2552 1403 2612 di·

313 2645 387 2694 cunt
400 2653 512 2711 καιρον
532 2624 676 2710 διδόναι,
697 2643 732 2692 ut
746 2643 850 2693 eontra
863 2635 916 2713 qui
930 2636 1014 2715 signo
1028 2632 1099 2694 dato
1112 2634 1310 2714 obtemperat,
1329 2654 1404 2694 ναι·
1423 2631 1452 2716 JJ

313 2711 371 2793 ρύν
389 2709 559 2793 λαμβάνειν
576 2715 704 2793 dicitnr,
725 2715 855 2776 formula
867 2715 1015 2797 frequenti
1030 2718 1062 2775 iu
1080 2715 1249 2776 Pontificali
1272 2715 1400 2777 Haber-
1423 2703 1456 2798 ξύ

311 2800 347 2857 ti.
390 2799 452 2858 Pro
473 2791 526 2858 διαὶ
546 2791 700 2874 νεύματος
719 2795 873 2874 κελεύειν,
901 2800 1007 2859 moino
1029 2800 1216 2859 αααιιιαιίοιιε
1239 2798 1399 2879 indicare,
1421 2786 1456 2848 'ii

311 2878 436 2957 iubere,
463 2900 597 2959 nempe,
628 2879 678 2938 hic
701 2881 824 2961 quidem
847 2880 925 2958 loci,
959 2902 1097 2963 proceres
1123 2882 1161 2941 ad
1185 2857 1438 2965 vener-auduini
1449 2872 1456 2909 ύ

312 2962 484 3045 Augustum
510 2963 753 3021 intromittendos
780 2982 862 3040 esse,
896 2962 986 3024 Anna
1006 2965 1160 3025 Comnena
1184 2962 1335 3023 Alexiadis
1361 2988 1397 3047 p.
1414 2946 1445 3023 a,

311 3044 385 3107 265.
409 3045 449 3105 D.
473 3064 500 3104 1.
523 3043 606 3106 dedit
626 3038 662 3103 τύ
685 3042 797 3104 δούναι
816 3048 881 3116 τοῖς
901 3039 1019 3121 ἔξωθεν
1045 3041 1102 3126 τὴν
1124 3040 1242 3107 εἴσοδον
1263 3039 1318 3106 διδ
1338 3048 1402 3109 τού
1424 3031 1456 3084 ύύύ

311 3124 490 3207 βλέμματος
504 3124 679 3209 ἐμφαίνειν.
720 3127 838 3209 Dignus
859 3138 922 3207 est,
950 3129 1003 3211 qui
1026 3140 1107 3190 totus
1128 3139 1317 3211 apponatur,
1340 3124 1456 3209 itlegtt

311 3210 416 3289 loeus3
441 3222 472 3270 et
492 3210 574 3270 hunc
594 3220 781 3290 praesentem
799 3221 960 3289 nostrum,
981 3222 1011 3291 et
1030 3211 1105 3274 alios
1128 3213 1232 3272 Nostri
1252 3212 1402 3295 deinceps
1415 3203 1456 3262 Tu

310 3293 413 3376 plures
428 3293 651 3369 illustraturus,
672 3296 704 3352 in
720 3292 830 3375 quibus
849 3292 887 3353 de
901 3295 1028 3355 Senatus
1043 3288 1078 3355 in'
1096 3294 1314 3355 consistorium
1327 3318 1403 3378 pro·
1415 3296 1420 3371 ς’
1434 3272 1456 3373 iu

253 3452 257 3457 ξ
311 3380 444 3438 cessione
465 3398 518 3438 seu
536 3388 687 3437 conventu
702 3388 732 3437 et
752 3375 884 3437 Silentiis
899 3379 1021 3459 agitur,
1044 3388 1079 3437 ut
1097 3380 1150 3459 qui
1171 3376 1250 3438 clare
1268 3378 1401 3459 doceat,
1413 3370 1454 3439 4³¹³

311 3459 465 3541 quomodo
484 3459 667 3540 praesederit
691 3460 874 3541 imperator,
901 3460 1052 3541 quomodo
1074 3471 1255 3542 protectores
1282 3446 1446 3546 corpo-⁸lte

310 3544 353 3602 ris
373 3544 450 3603 sacri
475 3541 664 3619 adstiterint,
691 3563 782 3624 quem
811 3540 911 3601 locum
937 3543 1122 3604 obtinuerint
1142 3544 1216 3625 regii
1237 3540 1444 3625 sanguinisviai

311 3624 394 3701 viri,
415 3644 506 3705 quern
526 3635 695 3700 senatores,
717 3624 805 3705 quid·
814 3628 847 3685 in
864 3624 988 3686 silentiis
1008 3636 1127 3703 actum,
1149 3626 1302 3707 quomodo
1322 3648 1399 3709 pro·
1414 3618 1456 3687 *ta

313 3728 430 3767 cessum
445 3705 546 3767 fuerit.
593 3700 631 3766 Oi
652 3705 752 3767 πάλαι
772 3706 834 3767 τῶν
854 3706 1023 3785 βασιλικῶν
1038 3706 1192 3786 σωμάτιον
1211 3700 1456 3787 τεταγμένοιξύιι

313 3784 451 3872 φύλακες
471 3786 592 3866 πρῶτοι
611 3782 691 3867 πρὸς
710 3784 767 3868 τὴν
786 3784 953 3870 βασιλικὴν
975 3782 1118 3871 ε’χυύρουν
1130 3784 1262 3871 σκηνὴν,
1284 3783 1315 3851 οἱ
1337 3793 1396 3867 μὲι
1412 3786 1456 3861 cp,

313 3871 389 3955 ξίφη
409 3869 670 3953 περιεζωσμένοι,
693 3870 785 3953 [sunt
806 3874 949 3954 spatharii
973 3884 1003 3933 et
1024 3896 1128 3935 omnes
1144 3874 1182 3933 de
1201 3872 1316 3953 spathis
1341 3877 1442 3944 noia.

312 3953 438 4036 minati]
461 3949 538 4017 οἶδὲ
554 3948 673 4033 δόρατα
685 3954 847 4035 φέροντες,
872 3956 961 4038 [sunt
980 3951 1019 4017 τὰ
1038 3947 1211 4034 ύΑρματοι,
1232 3957 1376 4037 armigeri
1386 3956 1456 4040 Jtts,

312 4030 343 4096 oi
370 4035 406 4099 dl
433 4031 491 4107 τοὶς
518 4032 754 4115 βαρυσιδήρους
785 4032 1025 4119 ρομφαίαςβιιιύ
1047 4038 1110 4099 τῶν
1135 4027 1232 4115 ὤμων
1258 4030 1453 4123 ἔχοντεςιεΙ

312 4118 391 4202 [Per
407 4114 466 4189 τὰς
487 4114 649 4201 ῥομφαίας
670 4118 810 4200 intelligit
828 4121 919 4181 Ἀοοε
935 4132 988 4181 aut
1010 4114 1050 4181 ati
1070 4116 1312 4196 σπαδοβυὶκλια,
1340 4134 1391 4179 aut
1403 4130 1456 4207 ’λι-,ηρ

312 4202 658 4285 neomesBarangorum,
676 4204 815 4282 quamvis
825 4203 964 4265 vocabuli
973 4224 1034 4265 uon
1046 4205 1168 4287 propria
1177 4202 1444 4304 significastiome'ssi,¹

1399 4284 1456 4379 lut
