2975 4892
296 268 397 379 ¹128
545 295 601 359 ιο.
630 289 710 360 nc.
739 294 887 360 nusrn
914 279 1198 360 communituri

786 397 794 426 Ι

358 447 495 532 1·5.A.7.
513 444 583 530 Μ,
599 445 646 530 5.]
668 443 731 506 τῶν
752 444 798 506 dl.
839 446 884 504 Μ.
904 445 968 504 τῶν
986 463 1030 504 τε.

393 531 434 592 A.
451 529 481 590 8.
501 528 571 614 Μ,
584 529 631 610 6.]
650 521 726 598 τούς
747 522 870 588 δώδεκα
887 522 1155 608 χρυσοϋφᾰντους
1173 523 1305 611 luipone.
1345 525 1392 590 Ut

295 616 344 674 “in
362 612 615 676 festoPascbatis
635 607 795 672 duodecim
814 609 934 692 patricii
949 609 1031 671 loros
1048 610 1224 691 gestabant,
1254 611 1292 672 ad
1313 611 1391 670 refe-

309 689 435 758 rendam
456 697 617 777 imaginem
635 692 794 753 duodecim
816 691 1032 774 discipulorum
1053 692 1186 766 Christi,
1218 697 1306 754 cuius
1322 716 1393 775 per-

308 801 414 842 sonam
442 777 610 860 imperator
630 773 814 853 sustinebat,
847 775 1102 857 quemadmodum
1123 797 1141 836 e
1162 777 1262 837 Nostri
1284 777 1322 836 L.
1346 776 1391 836 ll.

172 861 377 945 Edbltcap.
396 865 450 940 40.
477 871 611 923 constat:
643 861 738 919 itaer
760 857 818 918 boc
843 858 910 919 loco
930 858 1093 936 discimus,
1126 858 1201 920 festo
1221 861 1392 920 Natiuitatis

310 946 425 1008 Christi
450 948 482 1006 in
507 942 575 1006 aula
598 943 764 1025 Byzantina
793 940 958 1002 exhibitum
985 942 1076 1002 finisse
1097 943 1226 1003 eundem
1250 945 1390 1004 mimum.

176 1072 182 1090 .
309 1029 443 1092 Multum
461 1025 612 1108 thymclae
631 1025 797 1086 admixtum
815 1035 879 1085 erat
899 1035 972 1084 tunc
986 1027 1130 1106 temporis
1150 1025 1244 1086 cultui
1264 1025 1368 1086 divino
1378 1070 1391 1100 ‚

309 1123 340 1172 et
358 1111 500 1174 videntur
519 1109 575 1190 ipsi
592 1107 637 1170 illi
658 1107 846 1184 sacerdotes,
873 1109 925 1190 qui
943 1107 1034 1168 hodie
1057 1107 1234 1189 thymelicos
1254 1129 1393 1168 commu·

305 1195 400 1255 nIone
425 1193 665 1253 Christianorum
680 1193 768 1252 vivos
784 1199 979 1273 mortuosque
998 1202 1119 1268 arcent,
1141 1213 1178 1252 eo
1197 1203 1332 1273 tempore
1354 1193 1392 1251 in

309 1277 382 1362 ipsis
403 1276 501 1360 adytis
517 1295 587 1336 suae
606 1274 758 1356 religionis
779 1273 916 1334 dramata
937 1276 1050 1356 egisse,
1071 1295 1201 1356 quorum
1223 1295 1278 1334 nos
1298 1273 1397 1334 hodie
1458 1344 1459 1347 Ἴ

308 1357 413 1442 pudet.
457 1359 664 1440 Recogitemus
685 1357 777 1417 modo
803 1357 912 1418 festum
929 1356 1112 1434 stultorum,
1142 1358 1252 1420 festum
1275 1356 1396 1438 palma·-
1458 1368 1459 1373 ’

309 1463 397 1586 ῗω,
426 1442 537 1502 festum
560 1443 737 1518 asinorum,
766 1439 805 1502 de
822 1439 932 1525 quibus
955 1441 1008 1503 Du
1024 1440 1124 1524 Cange
1143 1440 1249 1516 Gloss,
1264 1430 1332 1502 Lat.
1352 1460 1391 1500 v.

338 1539 440 1592 estem.

393 1609 436 1670 A.
452 1629 523 1694 pen.
539 1607 608 1693 Μ,
626 1605 692 1692 in]
729 1609 776 1693 τῷ
807 1602 952 1687 στόματι.
1009 1607 1174 1668 Rarissime
1203 1604 1280 1668 alias
1317 1625 1399 1668 con-

310 1711 450 1772 cessum,
487 1704 523 1754 ut
549 1713 689 1776 proceres
718 1693 916 1774 Imperatoris
941 1690 1057 1754 labium
1089 1689 1313 1764 oscularentur,
1347 1687 1396 1750 ob

310 1777 540 1847 sanctimoniam
558 1775 647 1852 festi,
680 1775 721 1836 ob
748 1797 841 1858 qnam
860 1777 1028 1857 Imperator
1046 1795 1110 1836 sese
1131 1771 1328 1853 humiliabat,
1359 1784 1400 1834 et
1458 1770 1460 1785 '

308 1847 1401 2024 {attenuatum‘intentamenta

475 1984 484 2003 ·
1386 1984 1399 2017 s

309 2027 449 2104 quamvis
477 2045 539 2084 non
569 2044 690 2100 omnes,
731 2035 888 2100 senatum,
923 2035 954 2086 et
979 2035 1050 2084 ante
1077 2044 1181 2084 omnes
1208 2022 1401 2105 praefectum
1438 2068 1451 2089 .

308 2108 462 2188 praetorio
479 2104 629 2180 osculari,
651 2111 687 2166 ut
702 2127 719 2166 e
737 2106 846 2188 Script.
866 2107 946 2168 tlist.
968 2108 1050 2189 Aug.
1075 2107 1114 2166 T.
1135 2107 1161 2165 l.
1187 2127 1220 2188 p.
1240 2126 1310 2188 297.
1324 2125 1401 2165 con·

309 2199 380 2250 stat.
422 2189 611 2250 Procedente
637 2200 738 2250 autem
765 2201 902 2272 tempore
926 2212 990 2251 non
1009 2186 1134 2264 licebat,
1170 2191 1227 2249 nisi
1246 2188 1285 2249 ad
1310 2208 1403 2248 sum-

309 2291 395 2332 mum
418 2271 552 2332 dextram
570 2271 736 2333 mamillam
761 2273 913 2352 osculari,
934 2284 988 2334 aut
1013 2293 1142 2356 genam,
1163 2273 1277 2353 siquis
1299 2271 1403 2331 maxi·
1458 2284 1459 2293 ¹

310 2350 429 2415 maedi
483 2357 553 2416 tatis
572 2365 659 2416 esset.
703 2355 881 2419 Patriarcha
903 2369 1005 2417 tamen
1027 2367 1058 2416 et
1077 2357 1245 2437 imperator
1266 2352 1324 2416 sibi
1347 2357 1404 2415 in-

309 2439 409 2498 vicem
431 2377 518 2498 laiubiis
540 2435 642 2498 oscula
661 2437 814 2520 figebant,
842 2439 925 2522 qnod
947 2440 998 2500 hic
1019 2438 1105 2500 illum
1125 2459 1182 2519 pro
1198 2449 1284 2520 patre
1303 2439 1403 2520 spiri-

306 2520 404 2600 tuali,
437 2520 541 2582 stille
567 2521 649 2581 hunc
672 2541 728 2603 pro
755 2522 817 2583 filio
839 2533 1024 2606 agnosceret.
1070 2519 1145 2582 Tale
1174 2520 1311 2582 osculum
1348 2522 1406 2580 la-

307 2601 423 2666 bratum
451 2603 670 2704 appellabatur.
699 2604 850 2666 Glossae:
874 2607 1049 2683 Labramm,
1074 2603 1198 2686 φίλημα
1220 2597 1405 2681 βασιλικὸν,

308 2681 502 2749 tenueram
532 2683 699 2765 βασιλέως.
740 2688 905 2750 Salmasius
930 2701 1032 2749 tamen
1055 2687 1094 2748 ad
1116 2687 1181 2748 Scr.
1215 2687 1257 2747 Η.
1287 2685 1330 2748 A.
1354 2687 1404 2747 Τ.

308 2767 349 2826 Π.
370 2791 402 2850 p.
419 2768 492 2830 686.
521 2769 609 2830 aliter
632 2773 766 2852 exponit.
807 2771 881 2833 Vid.
907 2771 1026 2834 selden.
1050 2772 1113 2831 Tit.
1134 2770 1215 2830 Hon.
1239 2769 1266 2829 l.
1286 2789 1321 2851 p.
1343 2767 1405 2830 53.

309 2869 399 2930 sqq.‚
425 2851 479 2910 ubi
501 2850 603 2912 multis
620 2852 657 2912 dc
675 2854 779 2914 osculo
795 2855 1030 2936 imperatoribus
1051 2853 1123 2913 dato
1141 2864 1172 2913 et
1193 2852 1232 2913 ab
1253 2851 1327 2934 ipsis
1347 2872 1408 2912 ac-

308 2942 396 3013 cepto
414 2933 487 3014 agit.
530 2933 625 3052 *μω
646 2935 869 3010 Ραίνε,6αἰεειιε
887 2939 915 2998 le
937 2959 1004 3017 roy.
1033 2936 1194 3000 ceremon.
1210 2933 1249 2995 de
1263 2935 1402 2996 France.

308 3013 350 3075 Τ.
372 3014 399 3074 l.
420 3035 451 3096 p.
473 3011 544 3098 28.]
605 3015 717 3098 Nempe
741 3041 845 3081 recens
862 3032 1050 3082 coronatum.
1094 3019 1250 3080 Arnoldus
1275 3018 1409 3078 Lubec-

307 3099 404 3160 censis
425 3097 465 3160 ll.
491 3095 562 3158 15.:
585 3097 644 3168 Est
667 3101 813 3184 paraeciam
830 3103 1006 3164 detestabilis
1023 3103 1197 3164 consuendo
1212 3102 1278 3183 trgi
1297 3101 1409 3162 Grae-

307 3201 428 3256 comm,
448 3193 480 3241 ut
501 3181 630 3242 osculnm
648 3183 831 3246 animationis
852 3188 932 3248 nulli
949 3185 1072 3268 affirm,
1102 3185 1157 3248 sed
1176 3187 1409 3270 qm'cmtquefa·

307 3265 382 3324 crem
410 3265 471 3324 etin
505 3264 607 3325 uidere
636 3280 780 3344 uteretur,
819 3270 990 3330 irtcmmnms
1019 3290 1115 3352 gemm
1146 3271 1207 3330 eius
1237 3267 1407 3329 osculatam.

310 3345 401 3428 Quod
423 3347 576 3408 Conmdua
597 3370 655 3408 rex
675 3349 711 3410 ob
733 3351 873 3412 bonorem
900 3354 1021 3437 imperii
1043 3354 1162 3428 ommno
1186 3351 1409 3414 detestabatur.

308 3428 357 3590 Dp
378 3431 480 3573 vaIgiis5
499 3431 716 3514 Imperatorem
740 3433 896 3497 osculandi
924 3436 1024 3497 modis
1044 3435 1090 3518 egi
1113 3455 1234 3519 quoque
1259 3432 1300 3494 ad
1324 3455 1409 3517 pag.

309 3529 382 3572 ao.
437 3556 444 3571 .
484 3555 492 3571 .

393 3593 428 3652 B.
446 3615 478 3677 9.
492 3592 561 3678 Μ,
583 3594 647 3680 ι8.]
666 3596 897 3678 χρυσοτάβλων
917 3599 1088 3680 [lantifor.
1129 3601 1176 3662 De
1194 3599 1313 3677 cattia,
1346 3619 1414 3660 seu

308 3685 462 3757 praetexta
482 3698 498 3736 c
519 3677 581 3738 iad
604 3701 636 3760 p.
652 3680 722 3742 255.
748 3681 784 3742 B.
802 3705 834 3766 9.
878 3682 1040 3744 Chlanides
1059 3687 1159 3744 aureis
1180 3680 1293 3744 tabulis
1308 3702 1415 3762 prae-

308 3768 406 3818 textae
424 3757 474 3818 hic
492 3699 644 3855 dicuntur.
673 3763 771 3826 Erant
787 3767 868 3826 enim
881 3766 977 3845 aliae,
998 3789 1078 3850 quae
1089 3787 1278 3850 purpureas,
1300 3763 1388 3824 aliae
1400 3810 1417 3842 ,

308 3861 388 3924 quae
407 3852 606 3926 segmentmas
627 3843 773 3908 haberent
791 3849 928 3926 tabulas,
951 3871 1005 3911 sen
1024 3861 1203 3934 praetextas.
1248 3850 1286 3908 ln
1306 3869 1418 3910 mem·

308 3992 413 4054 branis
435 4005 479 4056 est
498 3997 605 4074 χλανι.
647 3999 752 4079 Quum
770 4002 864 4082 igitur
881 4016 1024 4065 accentus
1044 4026 1135 4088 super
1153 4023 1167 4064 ι
1187 4002 1288 4081 desit,
1308 4001 1342 4062 id
1353 4022 1418 4075 ar-

309 4087 453 4158 gumento
487 4077 563 4138 mihi
586 4091 651 4155 est,
682 4079 856 4161 χλανιδίων
888 4085 1052 4169 legendum
1082 4109 1156 4149 esse.
1202 4088 1240 4146 ln
1262 4085 1418 4147 lectioni-

205 4195 209 4206 ·
308 4157 367 4222 bus
385 4159 486 4228 dubiis
509 4166 605 4226 nostri
624 4163 736 4228 codicis
756 4168 875 4250 respexi
897 4190 1015 4252 semper
1036 4170 1084 4232 ad.
1097 4180 1280 4254 accentum,
1313 4169 1422 4233 cuius
