2975 4892
192 311 249 379 sn
278 307 504 379 sororius
523 309 671 383 roure
692 311 749 376 or
773 309 915 380 murus
938 313 1015 377 us.
1043 313 1085 380 u.
1122 283 1219 398 669·

126 465 590 614 fflhsaspensospsollehmts
605 485 647 568 J.
668 465 809 612 {inghelli
823 465 953 612 Elpistol.
983 465 1208 612 ‘deheim

127 633 162 696 s.
181 645 213 696 u
231 572 397 696 sttui.
418 571 673 718 iiiiii&
687 571 1208 696 xslmliiiimnliio‘il'liii

127 716 204 780 lineo
231 719 414 780 coniectura.
465 718 544 778 Nam
571 739 603 800 p.
628 715 702 796 542.
718 717 760 778 A.
781 717 829 778 ιδ.
856 717 966 779 dicitur
998 714 1116 794 πτυχία
1144 717 1209 778 sair

127 793 384 879 adunationes
408 804 487 861 inter
510 800 584 862 alias
609 803 754 881 pretiosas
771 800 892 884 publice
909 821 1011 861 coram
1036 799 1139 882 legatis
1152 801 1208 859 Sa-

128 885 274 945 raceniois
296 883 427 966 exposite
451 895 627 966 spectatum
643 883 742 943 fuisse.
787 884 934 944 Theanus
953 903 1075 965 quoque
1096 882 1208 943 descri-

127 965 204 1027 bens
220 970 453 1048 processionem,
464 987 524 1048 qua
541 966 866 1028 Pseudo-Demetrius
877 965 916 1026 A.
936 967 1023 1030 1605.
1064 967 1210 1026 illosoovi·

128 1067 179 1110 nm
193 1053 344 1132 ingressus
363 1061 408 1111 est
424 1051 591 1132 imperator
603 1047 767 1110 salutatus:
785 1051 932 1134 proxima
952 1048 1109 1110 secumdam
1119 1051 1208 1131 prsis-

127 1134 236 1216 cipem,
259 1135 313 1210 nit,
333 1134 484 1194 incedebat
492 1133 667 1193 clericam
685 1133 770 1192 turba
782 1155 846 1194 cum
856 1133 979 1193 uexillis
992 1131 1160 1218 quadratis,
1176 1133 1209 1190 in
1231 1161 1233 1171 ,

127 1235 253 1302 quonam
266 1217 389 1298 singulis
411 1236 544 1300 appensa
575 1227 641 1276 erut
666 1228 718 1275 aut
742 1215 823 1275 Diui
851 1216 974 1276 altcuiru
1003 1217 1101 1296 imago
1113 1257 1123 1290 ,
1156 1227 1211 1275 aut

127 1299 347 1380 nungelrorm
361 1300 448 1360 iiber.
473 1299 517 1360 ln‘
540 1297 595 1359 illo
613 1297 680 1359 loco
691 1296 761 1358 libri
782 1297 996 1373 Mubachiani‚
1018 1319 1108 1378 quern
1151 1339 1159 1355 .
1176 1295 1208 1362 6.
1228 1303 1262 1382 “,

127 1379 240 1442 horum
265 1382 469 1442 Commentar.
483 1383 661 1460 citavimus,
678 1379 809 1441 vidimus
830 1381 910 1462 apud
927 1382 1042 1442 Russos
1060 1319 1209 1462 praelatos

128 1483 250 1546 quoque
271 1465 389 1526 codices
410 1463 645 1548 Evangeliornm
665 1465 696 1524 in
715 1463 836 1545 publicu
855 1463 1041 1546 processione
1069 1463 1221 1524 fustiLum

128 1550 258 1608 minum.
300 1548 425 1609 Accedit
444 1545 515 1624 hnc,
541 1548 623 1629 quod
639 1567 714 1607 nevo
732 1547 832 1607 medin
852 1547 992 1608 Pontifici
1019 1547 1155 1606 Romano
1175 1549 1209 1616 iu

128 1631 367 1712 processionibus
393 1629 522 1713 publicis
540 1628 703 1713 pugillares
720 1628 964 1710 praeferrentur3
985 1630 1088 1689 v.'Du
1106 1631 1209 1710 Gange

130 1733 164 1773 v.
185 1713 367 1794 Pugillares,
395 1735 472 1797 quos
507 1725 582 1796 puto
602 1713 719 1773 codices
741 1712 961 1794 evangeliarius¹
977 1712 1088 1787 fuisse,
1110 1731 1219 1792 neque⁴

130 1793 215 1856 aliud
229 1798 395 1880 pugillum,
415 1818 508 1880 quam
540 1796 675 1858 codicem
688 1795 836 1878 evangelii
853 1841 863 1877 ‚
885 1803 1086 1857 memoratum
1102 1793 1155 1855 illo
1176 1796 1209 1854 in

128 1875 213 1957 loco,
238 1900 328 1961 quern
348 1880 427 1940 idern
442 1900 474 1940 v.
494 1879 627 1962 Pugillru
647 1881 731 1940 citat.

213 1960 250 2022 ln
265 1962 373 2028 -multis
388 1983 510 2046 quoque
527 1964 661 2023 nummis
687 1963 907 2043 imperatorum
934 1957 1127 2023 CPtanorurn
1151 1957 1210 2019 du-

126 2041 214 2106 bium
240 2045 336 2106 videri
365 2056 476 2128 queat,
504 2044 681 2108 labarumne
701 2065 741 2105 au
760 2045 852 2106 codex
876 2043 1022 2128 evangelii
1046 2042 1210 2126 quadratus

129 2137 258 2188 econto
273 2127 450 2210 dependeat.
494 2128 523 2188 A
549 2130 671 2190 Graecis
694 2129 834 2189 Saraceni
851 2149 973 2210 quoque
991 2128 1120 2192 mutuati
1138 2137 1210 2187 sunt

128 2231 246 2272 morem
272 2211 302 2272 al
320 2213 431 2272 Coroni
447 2211 564 2273 codices
587 2213 713 2274 econtis
733 2211 935 2292 dependentes
955 2209 1071 2271 in'acie
1089 2229 1144 2291 pru
1157 2229 1210 2270 ve-

128 2292 208 2355 xillis
226 2294 435 2376 praeferendi,
456 2294 570 2377 quode
590 2315 674 2356 mora
690 2294 729 2355 ad
744 2293 928 2356 Abulfedam
945 2293 1025 2354 dico.
1045 2295 1150 2372 Quum
1162 2303 1210 2352 ta-

128 2397 200 2437 rnen
225 2379 314 2458 primi
342 2379 542 2461 lmperatores
568 2377 725 2460 Byzantini
756 2377 887 2461 plurima
920 2377 1030 2438 veteris
1056 2378 1211 2438 Romanae

129 2462 232 2521 euriae
247 2460 408 2543 imperialis
426 2463 562 2526 institam
580 2463 765 2535 retinerent,
796 2481 875 2542 quae
897 2470 997 2520 secuta
1020 2459 1137 2520 saecula
1157 2471 1211 2521 aut

129 2542 339 2604 additamentis
360 2543 580 2604 Christianismi
610 2555 777 2620 auxerunt,
813 2552 868 2604 aut
891 2542 1010 2624 ineptiis
1028 2545 1090 2602 suis
1109 2541 1211 2602 defor-

129 2636 272 2687 marunt:
300 2638 332 2687 et
350 2627 429 2688 inter
452 2625 562 2688 vexilla
584 2637 720 2686 veterum
752 2628 972 2708 Imperatorum
995 2625 1079 2706 signa
1097 2624 1210 2684 Fortu-

130 2721 190 2769 noe
206 2729 328 2791 quoqne
345 2710 475 2785 fuerint,
497 2712 553 2791 ipsi
572 2729 694 2791 quoque
710 2710 743 2769 in
771 2707 917 2784 cubiculis
931 2711 992 2769 suis
1021 2728 1112 2770 auree
1131 2706 1211 2768 For-

129 2797 223 2852 tunae
237 2793 416 2866 simnhura,
440 2792 525 2853 velut
541 2793 702 2860 maiestatis
723 2802 754 2852 et
769 2791 918 2852 felicitatis
938 2793 1056 2871 imperii
1074 2789 1209 2872 pignora,

131 2873 279 2936 haberent
300 2887 331 2936 et
354 2876 507 2936 colerent:
534 2887 564 2937 et
584 2879 615 2936 in
635 2875 803 2957 primorum
832 2876 1054 2956 imperatorum
1072 2875 1213 2954 Byzanti·

132 2978 242 3018 norum
259 2963 393 3020 nummis
418 2957 497 3020 alata
516 2960 652 3020 Victoria
666 2959 807 3040 frequens
833 2959 1055 3038 conspiciatur:
1082 2967 1112 3016 et
1133 2957 1212 3018 infra

131 3061 164 3122 p.
179 3039 252 3119 4¹5·
267 3041 302 3108 C.
314 3041 346 3118 l·
370 3044 559 3104 Domesticus
578 3042 760 3102 Solrnlarum
783 3043 864 3102 iuter
881 3041 1020 3102 officiales
1037 3038 1213 3100 suoshobe·

130 3121 551 3207 redicamnedrogroodnouc
568 3136 599 3186 et
611 3119 976 3206 nsquruospdpovc,quod
990 3123 1097 3206 procul
1117 3123 1212 3184 dubio

132 3207 173 3267 sd
188 3207 384 3269 imitationem
405 3208 492 3269 aulae
506 3206 669 3290 imperialis
676 3207 788 3267 factum
797 3207 872 3268 fuit:
888 3209 1086 3290 (nequeenim
1098 3218 1213 3288 puten-

131 3287 219 3363 dum,
237 3291 435 3352 domesticum
465 3291 575 3352 vexilla
594 3303 626 3352 et
646 3291 828 3352 vexilliferos
845 3290 1000 3367 habuisse,
1030 3287 1141 3372 quibus
1152 3291 1213 3350 lm-

131 3384 254 3454 perator
280 3375 434 3458 oaruetz)
463 3374 544 3438 conf.
598 3371 705 3454 ·l27·
730 3373 794 3434 C.:
830 3373 934 3436 nullus
970 3370 1078 3434 dubito
1107 3393 1213 3434 vocem

131 3456 251 3533 πτυχία
270 3470 301 3519 et
320 3453 453 3534 εὐτύχια
474 3457 524 3518 vel
584 3462 695 3535 τυχεῖα
714 3477 779 3518 esse
804 3468 976 3538 corruptam
998 3466 1027 3516 et
1044 3453 1152 3516 vexillo
1172 3457 1215 3517 si-

133 3539 285 3620 gnificare,
301 3561 430 3623 quorum
454 3551 508 3600 ant
523 3543 619 3602 contis
629 3543 660 3600 in
684 3559 804 3601 summo
830 3541 1056 3621 superimposita
1073 3539 1214 3607 authen-

131 3621 180 3682 dis
195 3622 244 3683 vel
263 3624 371 3705 pannis
387 3627 498 3684 intexta
511 3635 611 3684 essent
632 3623 788 3686 Fortunae
802 3621 852 3682 vel
869 3623 1021 3683 Victoriae
1041 3621 1211 3695 simulacra,

131 3697 282 3786 νικάρια,
311 3707 505 3779 victoriolas,
527 3718 562 3766 ut
581 3706 713 3788 appellat
732 3705 888 3767 Cedrenus
900 3727 934 3789 p.
951 3707 1022 3766 322.
1039 3706 1077 3766 A.
1096 3725 1137 3778 r.‚
1160 3705 1215 3768 ubi

133 3791 253 3868 exponit
263 3789 432 3865 CONOB.7
450 3788 604 3850 solennem
615 3799 811 3854 nuntmorurn
828 3791 1063 3872 Byzantinnrum
1083 3787 1226 3852 subscri-¹

131 3873 288 3953 ptionem,
310 3895 387 3956 quae
409 3873 485 3933 mihi
498 3874 620 3955 quidem
633 3874 754 3934 videtur
772 3873 1037 3958 Commututopolii
1059 3872 1134 3934 olim
1147 3874 1216 3951 By·

132 3957 262 4016 sanum
283 3955 462 4039 significare.
510 3956 605 4017 Nullo
629 3967 767 4039 tempore
793 3957 965 4038 Byzantinis
981 3956 1101 4018 desiisse
1126 3975 1217 4016 usum

132 4037 286 4102 victorine
304 4040 336 4100 in
356 4042 381 4102 si
401 4044 449 4101 uis
466 4051 585 4103 constat
607 4060 624 4099 e
641 4039 709 4101 loco
721 4039 829 4100 Codini
849 4037 940 4102 Offic.
955 4040 1075 4106 vtes.
1099 4061 1131 4121 p.
1149 4059 1215 4118 φφ,

131 4120 187 4182 ubi
208 4134 355 4185 memorat
374 4063 541 4186 fiamullum
560 4121 821 4207 Archistrategum
852 4122 980 4185 dictum.
1023 4124 1082 4184 llic
1104 4106 1226 4184 Arelli-v

130 4214 279 4289 mique
291 4228 349 4270 seu
365 4205 501 4293 Angelus
520 4206 651 4270 Michail
673 4207 756 4270 alind
770 4207 847 4270 nihil
870 4201 936 4272 ersi
959 4227 1051 4291 quem
1066 4205 1226 4276 Victoria·
