2975 4892
347 293 426 408 178
550 317 606 386 ro.
637 317 717 386 rac.
747 318 896 386 auram
923 317 1208 388 comerrien
1288 364 1293 379 ‚

340 473 500 557 κρητῆρας
535 467 617 546 ἴδοις
646 469 802 553 ὑπένερθε
831 470 988 572 paginae
1013 470 1158 552 δένδρεσι
1188 467 1421 556 πυρσοιιόμοισι.

340 558 443 619 Latini
465 557 557 618 medii
581 559 649 618 aevi
674 559 806 618 canistra
830 575 894 615 ano
923 556 980 616 tori
1005 557 1105 617 κανοῦ·
1136 553 1186 618 vel
1211 552 1372 621 xavwat'on
1392 567 1420 616 et

339 642 497 702 cauatam
519 639 721 722 appellabant.
768 639 808 699 V.
831 639 885 700 Du
904 637 1006 722 Cange
1025 637 1073 699 his
1096 641 1129 702 in
1147 639 1295 717 vocibus,
1320 651 1352 701 et
1367 637 1421 700 ll·

339 734 445 785 tenerr.
474 723 513 784 ad
542 723 683 784 Anastaa.
708 745 741 804 p.
764 742 816 783 ar.
851 721 979 784 Canales
1009 732 1112 784 autem
1137 722 1188 786 vel
1217 722 1361 798 bibulos,
1391 723 1419 781 in

339 807 451 890 quibus
471 805 639 868 haerebant
657 815 688 866 et
703 806 778 866 recti
791 805 1017 867 sustinebantur
1036 808 1140 886 cerei,
1163 805 1357 890 appellabant
1368 807 1420 866 ta·

201 916 207 926 ·
338 905 398 951 etas
418 901 614 966 etcemetata,
631 909 681 952 seu
706 889 850 950 stationes
866 908 1039 963 cereorum,
1062 889 1095 948 in
1117 889 1228 970 quibua
1250 893 1329 950 cerei
1345 900 1424 950 stare

339 973 502 1050 iubentur,
536 972 618 1033 unde
645 974 812 1054 iunguntur
838 973 983 1034 canthara
1005 985 1173 1050 cerostata,
1200 991 1253 1034 sen
1278 972 1371 1049 disci,
1405 993 1425 1029 e

338 1055 448 1138 quibus
471 1057 604 1116 eminent
625 1053 782 1117 acetabula
804 1054 958 1137 capiendis
978 1065 1010 1116 et
1027 1053 1210 1118 sustinendis
1223 1056 1328 1115 cereis.
1369 1055 1423 1113 Po

337 1149 462 1199 ruerunt
478 1159 599 1220 quoque
624 1138 777 1203 manualia
800 1137 893 1200 fuisse
914 1140 996 1221 scapi
1021 1137 1066 1199 illi
1081 1137 1195 1222 lignei,
1217 1137 1267 1200 vel
1284 1137 1421 1220 pulpita,

337 1241 427 1302 super
449 1221 560 1302 quibus
591 1221 772 1282 candelabra
794 1241 863 1281 cum
888 1223 981 1284 cereia
1043 1221 1077 1285 ni
1104 1220 1223 1300 solent,
1255 1219 1307 1282 dea
1324 1222 1423 1303 grieri-

336 1304 433 1381 dom,
454 1303 710 1386 quemadmodum
727 1302 869 1364 manuale
890 1316 935 1365 eat
1010 1304 1128 1386 prtum,
1149 1304 1233 1385 quod
1254 1304 1424 1387 evangelio·

337 1407 408 1446 rum
431 1386 599 1448 aliorumve
617 1407 773 1448 sacrorum
793 1386 944 1450 librorum
963 1389 1007 1450 im
1064 1390 1120 1448 'tos
1140 1387 1258 1448 codicea
1276 1389 1422 1456 sustinet,

338 1468 484 1550 equibus
502 1472 534 1532 in
552 1469 677 1531 ecclesia
693 1471 883 1532 recitandum
902 1481 957 1531 est.
980 1469 1121 1533 Gossaee
1148 1469 1304 1544 Μαιιιιαίε,
1326 1463 1425 1532 Ἀνα-

336 1544 459 1631 λόγιον,
492 1574 545 1614 seu
566 1552 737 1636 pulpitum,
758 1573 857 1636 equo
878 1551 1071 1633 ὥναλέγεται,
1092 1551 1292 1633 sublegnntar
1309 1554 1421 1630 verba,

336 1643 367 1694 et
389 1637 533 1698 continua
556 1639 633 1698 aerie
653 1640 832 1697 recitantur.
875 1632 917 1697 Et
936 1657 973 1696 eo
991 1655 1082 1699 senaa
1095 1640 1245 1717 accepisse
1259 1632 1423 1718 agnulum

337 1715 416 1777 banc
444 1739 551 1780 vocem
581 1721 717 1781 existimo
745 1720 777 1780 in
800 1719 852 1780 illo
870 1740 901 1801 p.
923 1717 976 1787 68.
1007 1717 1149 1780 Pontific.
1172 1719 1345 1780 Ravenuat.
1373 1719 1420 1778 ed.

335 1799 507 1863 Manatum:
534 1802 628 1864 Galla
648 1803 792 1863 Plaeadia
812 1803 947 1883 Augusta
971 1821 1061 1887 uqaer
1079 1815 1205 1888 quotuor
1223 1815 1303 1864 roma
1320 1802 1427 1862 nabent

335 1883 1427 2050 ffiiiiiiifflffiaffi'ifflm'‘ili''...ipi‘iaffiiiissi

335 2060 365 2108 et
384 2050 513 2110 iactabat
532 2061 619 2110 nocta
640 2072 670 2110 re
691 2052 723 2112 ἰιι
746 2051 845 2111 noedrb
866 2051 1041 2134 pavinieato
1094 2071 1129 2110 eo
1144 2049 1283 2130 fitadere
1300 2066 1424 2134 preces,

334 2142 363 2190 et
383 2132 498 2192 tamam
507 2134 701 2215 pernoctabat
717 2135 750 2192 ιἰι
770 2133 914 2214 lacman
931 2153 1040 2209 orara,
1059 2134 1203 2220 qnmradiu
1222 2135 1290 2216 ι’ρια
1309 2134 1427 2194 mama

331 2213 548 2294 perdurabant.
567 2213 570 2218 '
592 2215 644 2275 Du
677 2215 779 2298 Gange
799 2215 849 2276 Gl.
877 2218 934 2276 Gr.
961 2235 1069 2278 vocem
1096 2215 1176 2277 hane
1209 2216 1430 2300 interpretatur

334 2315 390 2376 per
415 2295 626 2358 candelabrum
651 2299 809 2374 manuale,
844 2318 898 2363 aea
922 2298 1006 2381 quod
1030 2318 1123 2360 mann
1152 2300 1278 2382 geritur.
1322 2300 1427 2378 Quem

335 2389 455 2440 secutus
482 2380 540 2440 fnit
557 2379 804 2442 lllontfauconius
822 2383 855 2442 iu
876 2385 974 2447 veteri
995 2379 1160 2465 diplomate
1181 2383 1319 2460 Graeco,
1342 2381 1429 2465 meod

333 2479 367 2542 p.
399 2460 472 2540 405.
497 2461 752 2546 Palaeographiae
775 2465 909 2526 Graecae
934 2463 1050 2543 edidit,
1083 2465 1335 2547 interpretand03
1373 2466 1427 2524 ubi

332 2537 532 2622 μαγνουάλια
565 2547 724 2626 scribitur3
756 2545 843 2608 nullo
872 2546 1057 2611 discrimine.
1098 2546 1204 2609 Solent
1224 2551 1297 2609 novi
1315 2549 1430 2608 Graeci
1461 2614 1462 2629 ,

278 2655 283 2664 ·
332 2623 456 2706 literas,
489 2649 564 2710 quas
587 2651 649 2691 non
674 2629 850 2710 oportebat,
872 2632 1044 2713 geminare,
1066 2643 1096 2691 et
1117 2627 1312 2714 geminandae
1332 2630 1430 2691 semel

333 2718 452 2770 tantum
479 2733 610 2794 ponere,
645 2710 862 2795 geminumque
881 2729 920 2792 yy
942 2713 1069 2796 perinde
1090 2724 1183 2796 atque
1202 2735 1238 2774 aa
1261 2726 1429 2795 rumpant.

333 2790 372 2850 Iu
390 2795 515 2871 eodem,
537 2817 599 2875 quo
622 2795 699 2876 dixi,
722 2797 889 2876 diplomate
905 2807 950 2856 est
972 2791 1087 2878 ἔγδῆν,
1108 2797 1213 2896 (pund,
1235 2799 1308 2878 qnia
1326 2799 1433 2858 Mont-

332 2869 492 2935 iauconius
517 2879 547 2936 iu
572 2877 689 2938 Latinis
709 2879 882 2958 praeteriit,
916 2876 1006 2940 liceat
1026 2879 1100 2940 milri
1124 2899 1154 2941 ιιι
1179 2883 1310 2940 transitu
1330 2880 1436 2939 inter-

331 2957 458 3056 pretari.
502 2958 656 3038 Significat
679 2961 772 3041 igitur
800 2963 996 3036 raorozrirma,
1036 2973 1067 3024 et
1088 2974 1133 3023 est
1160 2973 1248 3024 rems
1269 2962 1434 3027 Graecum

332 3027 433 3118 tydeiq.
476 3037 593 3099 lbidem
613 3052 683 3100 sunt
705 3035 979 3124 γαργαριστάρια,
1007 3044 1116 3128 pomula
1133 3065 1186 3106 aeu
1200 3048 1299 3126 vina,
1321 3066 1343 3106 e
1365 3048 1436 3129 qui·

331 3117 391 3180 bus
412 3119 553 3182 hauritur
573 3144 652 3205 aqua
675 3119 765 3184 niune
781 3130 828 3186 ori
851 3122 990 3188 elumdo.

414 3203 450 3263 B.
471 3225 517 3265 ιι.
534 3203 601 3290 [75,
616 3203 665 3288 7·]
686 3207 760 3266 καθ’
782 3199 928 3289 ἑκάστην.
967 3197 1089 3272 Suh‘nt.
1128 3207 1331 3293 apodievatv.
1379 3211 1437 3272 In·

331 3294 415 3368 tegra
436 3288 529 3348 dictio
546 3287 656 3371 legitur
675 3311 707 3370 p.
727 3288 780 3368 46.
800 3291 840 3351 D.
851 3311 930 3389 peu.
1145 3352 1150 3365 ,
1198 3298 1202 3307 ’

330 3391 338 3402 ·
418 3369 454 3430 C.
472 3391 501 3453 7.
519 3369 587 3454 [75,
610 3367 674 3454 15.]
699 3390 972 3453 προσκυνησαιτες
999 3367 1073 3446 τοὺς
1101 3363 1268 3455 ἆλλὴλοιιςὲ
1307 3374 1441 3435 Vocem

330 3454 462 3516 mediam
486 3455 681 3514 membranae
698 3475 760 3514 non
779 3467 959 3538 agarnecunt.

415 3529 523 3596 uult.
579 3537 611 3614 5,
625 3529 789 3680 angnia&
810 3527 863 3603 dv.
906 3539 940 3598 ln
958 3535 1144 3600 membranis
1159 3539 1202 3600 ita
1224 3547 1372 3609 exarante
1388 3549 1443 3600 aet

329 3617 381 3678 hic
403 3615 504 3678 locus:
570 3618 608 3676 at
630 3616 669 3682 dv
705 3620 737 3680 “a
760 3613 819 3700 τὴν
840 3620 940 3702 μέσην
960 3619 1125 3700 διέρχεται
1147 3615 1203 3680 dmi
1223 3638 1258 3686 aa
1277 3619 1345 3681 mir
1361 3611 1444 3700 ἆρ-

329 3695 500 3760 ronmic'wv.
541 3699 684 3762 Viderint
698 3701 773 3780 alii,
795 3703 949 3785 quomodo
964 3706 1074 3764 vitium
1087 3725 1123 3769 cn
1188 3701 1335 3802 idebeat.
1389 3704 1443 3765 ln·

330 3781 406 3840 cidit
427 3779 514 3855 milri,
533 3799 592 3860 pro
613 3781 720 3844 ἀνθῶν
739 3797 793 3847 aut
817 3782 886 3846 ἀνθ’
908 3774 953 3847 dv
973 3784 1033 3869 legi
1057 3804 1148 3870 posse
1166 3808 1207 3847 αν
1226 3774 1328 3846 ιιιιτισ.Ι
1370 3787 1444 3848 Sed

329 3864 408 3924 l'orte
418 3863 506 3921 novin
518 3864 641 3924 Graecia
655 3863 728 3926 ἀνθ’
741 3855 787 3930 aiv
796 3867 942 3951 significat
953 3869 1087 3953 parando.
1109 3872 1151 3931 V.
1164 3869 1245 3951 adp.
1258 3889 1331 3929 ιοι.
1344 3869 1389 3931 C.
1400 3869 1442 3932 8.

413 3943 496 4004 Ibid.
515 3943 583 4026 [75‚
598 3946 667 4030 ιιι]
688 3943 745 4028 triv
760 3951 869 4030 μέσην.
912 3951 971 4012 llic
985 3952 1170 4034 etdeincaps
1184 3948 1227 4013 D.
1243 3944 1276 4010 82
1297 3971 1370 4012 non
1390 3967 1447 4014 est

330 4024 457 4103 Medm,
489 4047 601 4088 nomen
623 4029 760 4110 plateae,
791 4031 948 4096 sedidem
976 4046 1068 4116 atque
1091 4031 1127 4095 τὸ
1150 4033 1185 4094 e'v
1199 4031 1306 4116 μᾶσῳ,
1342 4037 1446 4117 qnod

329 4105 415 4204 inter·
439 4110 551 4205 exitam
583 4119 613 4171 et
639 4111 730 4175 finem
757 4119 957 4198 processionis
971 4130 976 4141 '
989 4116 1103 4198 aficere
1129 4116 1193 4180 ddo
1222 4137 1450 4202 quoacunque

327 4199 473 4254 terminos
491 4195 649 4258 anteriaaat
668 4199 748 4260 adae.
1292 4210 1297 4219 '
