2975 4892
135 351 177 418 tn
200 352 420 423 consrtnr.
449 353 599 420 ronan.
629 353 683 420 uu
711 353 848 420 marm
880 357 957 418 am.
985 359 1010 418 r.
1048 325 1133 442 373

92 506 203 588 Apprime
221 509 282 610 hup
304 510 376 572 fucit
396 509 480 612 lacus
494 509 618 612 lltlacarii
633 507 750 608 ΗοαιὶΙ.
772 505 849 612 dd..
869 497 1132 612 1δῖσοοεροιολέμοο

91 591 1134 757 tt'tttt'tttttltsbittit?etttntf‘ttttt‘st.

90 747 221 830 βάλλονται
243 757 343 840 [velut
361 770 479 820 scutum
498 759 570 840 ipsis
589 759 788 830 obiiciuntur,
811 768 842 819 et
859 759 1060 836 proiieiuutur
1076 757 1133 817 ad·

90 856 165 898 rusus
183 839 289 922 hostes]
313 836 342 900 oi
361 837 489 920 τίροοοες
510 836 566 900 καί
584 835 613 902 of
633 835 831 926 na'vpreesxai
850 833 879 900 oi
899 837 1035 900 ἰδιῶται.
1057 840 1132 900 vid.

90 917 126 976 Du
147 921 233 1004 Gange
255 923 354 984 Gloss.
379 923 486 984 Graec.
511 923 545 984 h.
565 943 598 984 v.
650 924 803 1000 Quoniam
824 921 899 983 tales
923 920 1048 983 militiae
1067 925 1134 1005 opi·

91 1021 139 1062 mae
154 1017 244 1080 eraut,
268 1019 298 1066 et
318 1017 371 1066 aut
392 1007 472 1088 rogis
493 1007 621 1086 annuis,
651 1017 703 1067 aut
723 1006 825 1066 fundis
844 1004 1025 1066 militaribus
1045 1007 1135 1068 dota-

91 1093 139 1160 tae,
157 1099 180 1146 et
198 1088 367 1150 facultatem
392 1089 562 1163 habebant,
588 1091 642 1171 qui
662 1111 712 1150 eas
739 1088 950 1171 possiderent,
971 1087 1038 1148 aliis
1058 1109 1133 1150 ven·

36 1187 38 1194 ⁴
91 1163 173 1244 tendi,
192 1173 255 1234 iure
275 1171 498 1255 approbationis
516 1175 691 1254 Imperatori
712 1182 884 1245 mservato,
903 1191 974 1232 casu
994 1170 1133 1232 solebant

32 1307 34 1330 μ
92 1247 143 1309 illae
158 1253 271 1316 militiae
291 1260 414 1332 venire,
445 1266 475 1316 et
495 1257 616 1338 grandis
636 1275 757 1338 quoque
784 1265 850 1316 erat
868 1264 942 1338 taxa,
967 1275 1023 1336 pro
1056 1275 1132 1316 eon·

90 1329 221 1398 iuratione
251 1338 320 1400 talis
352 1349 522 1400 contractus
542 1339 612 1400 fisco
640 1337 795 1400 alveum.
838 1337 898 1398 sed
916 1336 992 1398 haec
1012 1359 1031 1398 a
1051 1338 1134 1398 tetis

90 1413 169 1476 melias
185 1421 292 1482 tradita
314 1443 377 1482 esse
399 1443 460 1482 nou
480 1419 597 1486 dubito.

149 1500 177 1560 B.
193 1525 216 1564 1.
241 1501 410 1588 [389,18.]
440 1503 483 1588 τῷ
504 1503 595 1582 μέρει
624 1503 681 1584 τῆς
709 1501 883 1583 δεσποίνης.
933 1501 981 1566 lta
1011 1523 1135 1586 quoque

90 1577 164 1642 Latini
178 1607 247 1669 pars
275 1587 382 1648 dicunt
409 1608 465 1668 pro
492 1587 675 1672 obsequelam,
698 1589 879 1646 comitativa.
921 1587 978 1648 Res
993 1590 1135 1670 privatae

88 1668 159 1741 partis
175 1669 320 1752 Angit-stae
344 1680 389 1730 est
421 1671 452 1730 in
474 1669 586 1730 Notitin
612 1669 742 1750 imperii.
794 1671 900 1746 Quum
918 1668 957 1730 de
976 1681 1063 1749 purte
1081 1691 1136 1730 seu

89 1745 139 1807 tuln
154 1753 284 1824 etaulica
304 1753 515 1814 constitutione
529 1775 632 1814 rerum
644 1751 800 1832 Augustae
812 1752 953 1812 CPtauae
972 1773 1136 1832 perparum

90 1844 232 1896 annotatam
269 1839 434 1918 reperiam,
463 1848 493 1896 et
521 1836 728 1918 Augustarum
755 1855 825 1894 rara
846 1837 961 1896 mentio
982 1835 1035 1894 liat
1054 1835 1136 1916 apud

89 1915 215 1995 scriptores
237 1919 433 2000 Byzantinos,
463 1917 549 1997 libet,
580 1940 659 2002 quae
679 1917 826 1979 hactenus
855 1919 1016 1979 observavi
1046 1915 1139 1978 huius

88 1996 237 2064 eiluein
267 2002 390 2062 brevem
417 2001 597 2079 indiculum,
623 2000 708 2063 nulla
736 1999 841 2060 habita
861 2001 976 2062 ordiu'u
1005 2001 1135 2078 ratione,

89 2082 212 2150 conlisere.
251 2086 373 2146 Dicitur
392 2085 441 2145 hic
463 2083 523 2146 loci
544 2084 680 2166 Augusta
710 2105 800 2144 suum
821 2083 1058 2145 referendarium
1079 2082 1136 2144 ba·

85 2157 170 2225 huba.
184 2167 343 2228 Habehaut
350 2189 422 2250 ergo
432 2167 587 2251 Augustae
593 2167 776 2249 peculiarem
796 2167 854 2228 sibi
867 2165 968 2228 aulam
981 2177 1012 2228 et
1029 2165 1137 2226 eadem

88 2243 161 2307 officia
179 2261 265 2332 atque
294 2251 472 2334 Imperator,
494 2272 573 2332 quae
593 2251 716 2333 quidem
743 2250 939 2312 foemininum
960 2271 1064 2310 sexum
1082 2249 1137 2310 de-

86 2342 174 2392 cerent.
213 2335 300 2395 ldem
331 2335 369 2396 de
390 2335 499 2416 reginis
524 2335 550 2394 F
551 2335 670 2394 tanciae
700 2331 914 2395 observaverat
935 2331 975 2394 cl.
996 2332 1138 2394 leichius

87 2407 301 2478 universatis.
351 2415 453 2500 *[Les
472 2420 570 2478 reines
599 2417 636 2478 dc
657 2417 682 2478 F
684 2438 774 2478 rance
795 2417 917 2476 avoiemt
934 2414 1014 2478 leurs
1037 2413 1138 2476 offices

86 2511 177 2558 warne
195 2499 236 2562 les
254 2501 330 2560 mia.
372 2499 521 2560 Fauchet.
542 2521 612 2582 pag.
635 2497 749 2582 477.]*
791 2499 841 2558 Sic
861 2498 1014 2558 habebant
1031 2499 1138 2579 primi·

85 2581 174 2641 cerium
196 2605 296 2644 suum.
350 2583 528 2644 Eustatlrius
556 2584 587 2643 in
607 2586 670 2644 vita
699 2583 732 2642 S.
760 2581 925 2662 Eutychii,
945 2579 1140 2640 Patriambae

86 2657 187 2738 crum,
208 2678 425 2728 commemorat
450 2659 651 2746 πριμικὴριον
672 2663 791 2742 μέρους
812 2659 1022 2742 Αδγοδστης,
1056 2661 1139 2743 apud

84 2739 122 2801 Du
140 2745 231 2831 Gange
249 2772 284 2810 v.
308 2746 518 2830 πριμοκὴριος.
570 2749 646 2808 Erat
675 2748 747 2826 ipsis
772 2744 927 2828 peculiare
964 2745 1141 2806 vestiarium

84 2841 122 2884 δῦ
139 2833 377 2916 gazophylacium
398 2835 440 2910 (v.
463 2831 572 2913 Script.
592 2841 660 2913 post
681 2828 863 2911 Theophani.
883 2850 916 2910 p.
984 2833 1017 2905 .),
1036 2839 1066 2888 et
1085 2848 1138 2887 ae·

84 2913 185 2972 rarium.
228 2915 419 2996 Nicephorus
439 2915 589 2996 Gregoras
620 2915 657 2974 L.
681 2913 754 2971 Vll.
780 2913 918 2972 litator-‚z
940 2903 958 2971 δ’
982 2929 1016 2970 εν
1032 2901 1140 2989 χιλιό-

85 2987 127 3060 teg
143 2992 336 3074 νομισμάτων
356 2995 413 3058 oal'x
435 2989 542 3074 ὀλίγας
560 3001 624 3068 τοῖς
647 2989 825 3072 οἰκοδόμοις
844 2987 987 3064 δεδωκώς
1007 2985 1024 3051 ὅ
1043 2993 1139 3072 βασι·

81 3067 138 3145 lale
156 3071 187 3137 ἐκ
207 3081 270 3142 τῶν
291 3079 348 3159 τῆς
379 3077 542 3160 δεσποίνης
560 3071 743 3159 χρημάτων.
796 3076 957 3139 Cudebunt
986 3087 1139 3136 monetam

83 3159 259 3222 &officinam
292 3185 378 3224 mam
406 3165 602 3222 monetariam
633 3159 798 3220 habebant.
840 3159 920 3222 Sane
941 3159 1141 3241 Theophanes

82 3256 145 3300 ³⁰⁰⁰
163 3245 424 3306 20.·Constantini
445 3247 489 3304 M.
513 3245 555 3306 nit
575 3265 643 3306 eum
666 3245 756 3302 matri
769 3243 902 3304 Helenae
922 3253 1074 3304 monetam
1094 3243 1141 3301 in-

83 3319 196 3388 dulsisse.
253 3329 365 3390 Putem
386 3339 487 3388 tamen
510 3327 543 3388 id
562 3327 600 3386 de
620 3326 762 3386 omnibus
781 3325 979 3406 Augrrstabus
998 3325 1059 3384 diei
1079 3343 1141 3382 non

84 3421 168 3486 Ρῡοεθς
186 3412 238 3472 sed
259 3433 339 3494 quae
359 3410 479 3472 illarum
501 3431 536 3472 eo
552 3412 618 3472 iure
638 3407 830 3484 fruerentur,
854 3407 920 3468 illas
940 3427 975 3466 ex
996 3403 1142 3487 pectilinri

83 3487 182 3554 indultu
201 3497 384 3556 maritorum
403 3505 456 3556 aut
475 3493 608 3554 filiorum
623 3491 775 3552 habuisse.
817 3490 1007 3552 Exercebant
1026 3507 1143 3548 meron-

86 3579 163 3634 nram
183 3581 243 3639 suis
272 3579 426 3654 navibus,
454 3589 489 3638 ut
509 3597 544 3637 ex
565 3575 690 3636 historia
708 3573 874 3654 Theophili
893 3582 1030 3649 constat,
1048 3590 1142 3654 praru

84 3651 190 3719 fadreu.
212 3683 244 3742 p.
269 3661 343 3741 514.
364 3663 405 3721 D.
428 3671 542 3720 narrat.
585 3657 699 3720 Diebus
720 3657 966 3718 festismatronas
985 3675 1144 3736 macetum

86 3735 154 3800 alae
172 3743 358 3826 gratulatum
387 3743 582 3826 procedentes
614 3739 802 3824 excipiebant
828 3737 910 3820 epuli
945 3759 983 3799 ue
1016 3737 1143 3800 adbibe-

84 3813 155 3898 hant,
175 3839 209 3888 ut
230 3850 266 3888 ex
289 3827 391 3888 multis
412 3827 511 3887 Nostri
531 3823 605 3886 locis
634 3829 677 3904 (v.
710 3845 741 3906 p.
760 3845 829 3906 ¹7²·
851 3821 884 3882 C.
905 3823 976 3924 ut.)
998 3833 1028 3882 et
1045 3843 1063 3882 e
1082 3821 1145 3883 Pa·

86 3901 313 3992 fhymerisVlll.
369 3920 504 3988 constat,
526 3909 610 3970 cuius
630 3908 704 3968 haec
725 3917 798 3967 sunt
819 3905 933 3966 verba:
956 3897 1064 3984 suetdp'
1083 3897 1144 3982 γάρ

85 3984 157 4069 ‘terp
176 3982 214 4071 ἦν
229 3987 323 4066 aad?
339 4013 366 4053 ει
379 3987 521 4066 σονάξεις
535 3989 594 4068 μὲν
612 3989 673 4052 τοῖο
683 3983 879 4068 μεγιστάνων
898 3985 979 4084 pade
997 3982 1144 4064 βασιλέα,

86 4069 243 4148 προσόδους
264 4095 299 4136 τε
320 4069 374 4136 sal
391 4075 459 4136 sair
475 4073 650 4152 ματροοοῶν
671 4066 759 4151 παρὰ
781 4067 837 4152 τὴν
857 4071 1050 4150 Αογοοοταο
1068 4063 1146 4146 ylat-

86 4147 158 4214 aaut.
197 4157 256 4218 Sed
290 4159 502 4219 assistebantne
535 4159 566 4216 iu
593 4154 794 4232 consistorio,
821 4151 944 4235 quando
963 4173 1012 4215 res
1031 4151 1149 4232 imperii

85 4237 287 4304 mauman?
308 4241 463 4309 Interdum
484 4240 515 4304 id
535 4239 648 4303 factum
668 4249 756 4322 puto,
778 4247 813 4298 ut
833 4232 955 4320 vando
978 4233 1079 4306 marta
1101 4251 1148 4292 ee·
