2975 4892
72 432 74 437 ,
130 380 186 463 ιο
210 378 435 445 cousraur.
468 372 618 447 roura.
646 379 701 445 na
729 379 867 447 maru.
894 382 969 449 un.
995 388 1038 449 11.
1068 354 1154 482 857

73 530 296 621 magistratibus
316 533 525 596 lactionalsttua
546 532 606 595 alio
626 532 693 596 loco
713 532 1052 599 dinumeratam
1071 535 1160 599 facile

75 614 288 697 observabitur
314 615 408 701 paulo
444 618 595 678 attentiori
623 638 686 678 non
706 636 874 699 congruere
894 638 1022 681 numero
1042 622 1161 703 posito,

74 717 183 789 septem
203 714 292 787 puta,
320 702 460 781 deinceps
480 700 641 763 recensitas
667 700 849 783 dignitates,
878 722 958 784 qliae
984 715 1054 764 sunt
1080 706 1162 767 iuxta

73 785 228 846 calculum
254 794 392 845 nostrum
412 784 528 861 decem,
550 795 602 843 aut
625 793 694 844 octo
712 782 879 845 secundnm
898 784 1047 854 cdculurn
1068 808 1164 847 mem·

74 858 261 967 lsranammx,
299 866 462 949 inquibus
489 869 531 929 sio
558 876 623 927 erat
643 876 824 928 exaratum:
854 860 872 927 ὅ
891 862 1163 947 χαατοιιλάριοςά

74 946 206 1031 ποιητής
233 968 384 1029 αρχοντες
405 950 519 1031 absque
539 948 602 1009 ulla
616 948 829 1031 distinctione,
848 960 995 1033 tanquam
1015 955 1041 1012 si
1060 954 1164 1033 omnia

76 1033 133 1097 ista
157 1045 236 1095 unus
257 1030 421 1109 articulus,
442 1054 504 1096 una
527 1032 656 1111 dignitas
677 1043 789 1094 essent.

136 1114 210 1194 418.
232 1112 509 1199 A.1.[7no,16.]
532 1114 577 1197 τῷ
596 1108 651 1176 ἐπὶ
669 1113 726 1195 τῆς
746 1106 979 1189 καταστάσεως.
1023 1112 1085 1193 llli,
1108 1118 1163 1200 qni

76 1198 214 1281 invigilet
231 1198 362 1260 tuendae
382 1219 486 1259 rerum
505 1198 735 1274 consistentiae,
767 1196 866 1257 idest
884 1196 951 1277 illi,
983 1199 1036 1281 qui
1057 1210 1165 1279 curat,

79 1294 113 1368 ut
133 1304 168 1343 ex
189 1293 303 1365 statuto¹
322 1275 428 1359 ordine
448 1281 603 1357 modeste,
624 1278 815 1362 tranquille,
842 1279 969 1356 decore,
991 1302 1162 1363 pmsonm,

78 1366 231 1449 ¹auctiones,
259 1386 307 1437 res
327 1384 431 1440 omnes
452 1364 633 1445 procedant,
661 1371 846 1445 quapropter
864 1364 954 1425 etiarn
976 1364 1050 1425 alias
1070 1360 1088 1427 d
1111 1363 1167 1428 tut

78 1448 135 1527 τῆς
157 1444 303 1521 εὐταξίας
324 1446 493 1531 appellatur
521 1447 691 1528 saepissime
710 1449 741 1506 in
762 1444 933 1507 Pontificali
954 1446 1103 1525 llaberti,
1131 1457 1168 1511 ut

80 1551 217 1613 proceres
238 1530 269 1591 in
289 1550 358 1603 suas
377 1528 505 1615 quisqne
524 1530 631 1597 classes
651 1529 810 1603 secedant,
832 1539 862 1589 ct
879 1528 1007 1610 gradum
1020 1530 1077 1591 sibi
1090 1552 1166 1592 con·

80 1616 190 1695 gruum
216 1620 394 1697 occupent,
412 1608 508 1682 ut'ru'
523 1605 716 1693 καθεστηκὸς
740 1611 942 1685 observetur,
971 1610 1167 1674 verbosen-

78 1696 238 1769 iuoniario.
280 1696 338 1757 Est
366 1696 449 1757 enim
471 1688 506 1757 τὸ
526 1688 716 1775 καθεστηκὸς
735 1696 780 1769 id,
807 1692 890 1779 quod
906 1715 949 1754 esc
969 1698 1064 1757 reteri
1081 1697 1168 1756 onti-

80 1793 137 1865 ¹tuto
159 1774 212 1839 αὀιι
224 1794 370 1863 receptum
392 1776 422 1841 et
439 1790 587 1860 seruatam
599 1790 651 1838 est.
694 1778 739 1847 lta
762 1777 844 1859 apud
858 1775 1008 1857 Xiphilin.
1028 1799 1060 1860 p.
1078 1776 1167 1857 1243.

82 1853 164 1937 5ι.τ“
180 1855 319 1939 ’μάλιστα
337 1860 372 1922 δὲ
394 1856 567 1923 ἐπεκάλουν
587 1860 669 1932 τινὲς
689 1858 794 1943 αὐτῷ,
817 1851 865 1921 ὅτι
885 1854 1114 1939 καθεστηκότος
1135 1853 1170 1920 ἔκ

81 1964 113 2005 τε
135 1942 194 2023 τῆς
211 1940 344 2017 Ἰταλίας
364 1977 404 1991 -
433 1938 507 2015 τούς
534 1938 808 2024 σωματοφύλακας
830 1934 936 2019 εἶναι,
958 1945 1095 2003 maxime
1121 1962 1173 2003 ac-

83 2026 224 2107 cusabunt
243 2050 305 2087 eum
333 2028 487 2102 τιοιταιιίἰὶ,
514 2024 612 2110 quod,
646 2048 732 2111 quum
751 2046 795 2085 ex
813 2026 911 2085 ueteri
927 2025 1056 2085 iauuuo
1075 2037 1171 2085 auto·

81 2111 131 2191 des
147 2111 296 2193 principis
315 2108 358 2171 ear
376 2102 472 2171 Italia
488 2104 679 2212 ἱιιβετοπιιω.Ι
706 2107 803 2189 Apud
821 2106 951 2177 eundem
968 2117 1014 2167 est
1033 2130 1066 2189 p.
1085 2105 1174 2173 1085.

83 2214 129 2275 pa.
155 2187 175 2271 ἦ
194 2188 383 2265 κατάστασις
403 2192 462 2253 rori
481 2194 572 2270 βιοο,
592 2192 687 2269 ordo,
707 2192 873 2276 sequentia,
898 2191 1170 2263 maciomanum,

83 2276 134 2352 ubi
159 2274 220 2339 vid.
241 2272 279 2341 cl.
301 2275 432 2359 Reimar.
454 2272 546 2357 Apud
568 2272 709 2333 Nostrum
730 2270 857 2355 p'.'354.
879 2273 919 2338 D.
943 2294 973 2335 a.
994 2283 1040 2334 est
1064 2268 1084 2352 ἡ
1106 2293 1166 2334 κα·

83 2352 236 2437 τάστασις
253 2350 315 2419 τὀἷκ
336 2358 484 2439 δεσμίων,
509 2354 698 2417 merdinum
718 2349 874 2435 collocatur
891 2357 1099 2439 captivorum
1120 2375 1177 2415 κα-

84 2438 235 2510 τάστασις
253 2438 317 2501 τῶν
334 2436 529 2519 πραγμάτων
549 2449 594 2499 est
613 2439 695 2524 apud
704 2436 922 2521 Theophanem
959 2438 1034 2502 .63.
1057 2437 1107 2515 C.,
1125 2458 1177 2497 ικ-

86 2544 151 2599 mm
166 2524 455 2585 modulatarum
475 2524 656 2595 consumto,
679 2524 832 2581 restitutio
844 2523 878 2580 in
891 2541 911 2580 ο
949 2523 1041 2587 inem.
1083 2520 1178 2601 Apud

87 2604 216 2687 eundem
226 2616 296 2667 sunt
309 2603 553 2681 ἀκαταστασίαι,
569 2624 615 2663 ms
630 2604 777 2681 umidae,
790 2624 824 2685 p.
841 2605 894 2686 73.
910 2597 1048 2669 C.lde1n
1063 2625 1094 2683 p.
1107 2603 1181 2687 add.

87 2689 123 2749 C.
143 2688 176 2755 8'.
212 2685 299 2765 μάθε
325 2682 382 2768 τῆν
415 2680 605 2746 κατάστασιν
631 2686 742 2759 habet,
779 2687 859 2761 duo,-
879 2683 1023 2763 modeste,
1051 2684 1178 2761 ordire,

85 2772 183 2831 sedate
205 2793 304 2852 agere.
344 2773 379 2831 ln
400 2768 577 2837 officialibus
596 2768 787 2851 patriarchae
804 2779 870 2829 erat
899 2763 917 2826 d
940 2768 997 2846 τῆς
1014 2765 1103 2848 ἱερᾶς
1121 2788 1180 2826 κα·

85 2848 332 2933 ταστάσεως’,-ἀο
353 2874 415 2937 quo
435 2854 528 2912 Gnar.
542 2868 582 2994 p.
602 2854 651 2914 15.
666 2848 706 2915 ad
720 2852 831 2913 Codin.
852 2862 884 2911 et
896 2849 1032 2910 Gretser.
1052 2871 1085 2931 p.
1107 2848 1177 2931 167.

87 2932 198 3009 Petrus
220 2940 364 3019 Magister
384 2934 545 3017 scripsit'li
570 2956 618 3009 ros
643 2929 717 3015 περὶ
748 2934 804 3014 τῆς
831 2933 992 3011 πολιτικῆς
1021 2926 1181 2993 καταπά-

86 3038 177 3097 στως,
198 3019 237 3093 de
256 3022 366 3102 quibus
386 3020 448 3091 dixi
469 3020 501 3079 in
522 3018 730 3099 praelatione3
751 3017 816 3078 vid.
837 3016 996 3097 DuCange
1009 3014 1107 3075 Glosa.
1124 3016 1181 3074 Gr.

87 3100 304 3181 Ceremoniarii
332 3114 397 3163 erat
417 3100 716 3187 ordinare'proceres
736 3099 903 3161 secundum
923 3097 1122 3179 praecedendi
1150 3108 1183 3157 et

86 3186 231 3267 sequendi
253 3193 332 3265 iura,
356 3188 488 3267 incipere
508 3188 688 3267 troparium,
713 3204 840 3245 evocare
854 3201 995 3264 proceres
1017 3179 1184 3260 secundum

89 3287 158 3331 suos
187 3267 310 3329 ordines
342 3269 382 3347 ad
403 3288 520 3331 sacram
542 3266 802 3347 communionem,
823 3268 856 3328 in
878 3266 996 3344 magnis
1016 3263 1184 3345 processio·

87 3347 237 3413 nibus'in
262 3373 371 3434 magna
399 3351 522 3413 ecclesia
544 3350 682 3413 osculnm
702 3352 785 3433 pacis
813 3346 854 3407 ab
882 3345 1070 3428 imperatore
1098 3366 1186 3406 acce-

88 3446 193 3514 pturos
214 3454 307 3495 manu
322 3434 362 3496 ad
377 3456 446 3499 eum
460 3434 590 3513 ducere,
610 3432 679 3496 vela
702 3454 756 3495 seu
777 3428 885 3503 classes
906 3448 1068 3511 procerum
1089 3438 1120 3488 et
1141 3426 1187 3488 le·

87 3528 171 3598 gatos
191 3516 384 3582 introducere
405 3530 463 3601 etc.
494 3516 521 3578 E
545 3514 581 3600 p.
611 3518 660 3593 14.
683 3515 720 3575 C.
744 3516 776 3576 3.
806 3514 905 3573 Nostri
926 3510 990 3573 fere
1011 3510 1187 3592 concludas,

90 3590 339 3680 peremoniarium
360 3602 449 3663 fuisse
469 3612 561 3701 caput
580 3598 829 3668 silentiariorum.

170 3686 211 3745 A.
232 3706 301 3766 pen.
324 3683 414 3767 [7²¹2
435 3682 480 3767 1.]
493 3704 585 3769 εργῳ.
628 3684 685 3745 Est
708 3681 814 3761 idem,
824 3676 908 3762 quod
921 3699 1013 3764 supra
1026 3678 1190 3741 habuimus

91 3776 120 3833 el
141 3770 280 3849 protinus
300 3764 451 3843 recurret,
475 3762 528 3827 διά
549 3762 719 3845 βραβεάαν.

171 3850 206 3911 Β.
230 3849 260 3913 5.
286 3848 372 3933 [τοι.
387 3850 432 3933 5.]
464 3847 698 3930 τιψιστιαρίωκ.
752 3846 816 3924 Qui
847 3844 1027 3907 malluvium
1055 3845 1192 3927 impera·

90 3934 148 4011 tori
170 3944 275 3993 tenent
288 3946 341 4009 ant
361 3943 520 4015 apponunt
543 3942 614 4013 strat
636 3925 865 4009 τιψιστιάριρι.
911 3928 1097 3989 Malluvium
1109 3924 1193 3987 enirn

90 4024 134 4094 est
159 4016 335 4094 νιψίατιοος
368 4036 386 4077 a
415 4016 512 4076 πίπτω
532 4016 566 4081 lit
587 4010 685 4097 νάψις,
709 4011 780 4072 λιίοο
808 4010 945 4089 eructem
968 4012 1101 4072 formant
1120 4008 1195 4076 novi

91 4096 210 4175 Graeci,
230 4099 302 4159 hinc
314 4092 461 4176 τιψιστὴς
473 4109 503 4159 ετ
518 4096 715 4174 caprariensi
730 4094 854 4155 tandem
863 4092 949 4155 illinc
967 4084 1190 4167 κιψιστιάριος.

171 4180 207 4243 Β.
231 4203 262 4263 7.
298 4182 384 4283 [pau
401 4178 447 4261 6.]
476 4176 772 4259 άποβλαττομέτωκ.
840 4178 902 4245 Sic,
918 4177 1044 4259 placuit¹
1064 4172 1192 4234 librario

89 4282 211 4351 eantare
231 4286 290 4348 pro
309 4264 607 4346 οποβλαττωμοόον,
626 4260 709 4349 quod
732 4261 813 4348 idern
836 4272 986 4345 astatque
999 4256 1194 4337 άποβτβλατ-
