2975 4892
316 206 344 291 8
539 226 1194 297 ro.uc.ns1su11couumrann

314 380 565 446 suaembsidiurn
586 382 793 464 conscriptos,
815 390 898 464 patet
920 398 955 441 ex
975 378 1077 463 paullo
1096 390 1166 443 ante
1184 376 1307 442 laudato
1327 378 1402 443 cte·
1428 425 1429 459 .

313 466 393 528 torol
434 468 463 526 'o
485 465 659 543 Phiiothei3
679 464 781 547 quod,
807 474 953 545 quantum
971 483 1026 545 ego
1051 462 1173 545 quidem
1196 465 1320 525 memini
1340 484 1399 525 so-
1429 486 1431 535 ῑ

313 548 379 610 lum
426 568 590 611 enumero
613 558 754 609 retemm
773 546 920 609 librorum
945 544 1187 609 ceremonialium
1209 557 1314 609 nostro
1334 566 1401 607 an-
1431 585 1432 615 ι

313 632 480 716 tiquiorum
500 632 541 693 ad
558 652 615 693 nos
633 631 781 715 pervenit.
1158 693 1162 707 ,
1432 638 1434 699 ζ

374 738 454 817 rag.
465 738 495 800 5.
504 736 544 805 Α.
558 734 699 821 limum,
716 732 779 819 23]
788 731 955 817 πρέποντα.
982 735 1108 797 Schema
1127 734 1186 796 hoc
1206 746 1252 797 cst
1279 734 1402 797 Nosco
1434 743 1435 787 t

313 820 403 881 valde
418 820 558 903 frequens
585 832 616 883 et
634 818 758 903 singulis
774 838 869 903 paene
893 820 1009 901 paginis
1029 838 1209 899 recurrens,
1233 819 1399 879 nominati-
1434 797 1437 869 i

314 922 389 966 vum
411 902 583 965 ahsotuum
604 924 662 986 pro
678 904 811 986 genitivo
833 904 1061 983 consequentiae
1080 920 1201 985 ponere.
1232 901 1401 962 Debuisset
1437 903 1439 981 i

312 987 525 1067 enimproprie
544 986 653 1047 dixisse
671 1020 687 1033 ·
702 1020 719 1033 -
730 984 793 1046 τῶν
804 1020 821 1032 -
831 1018 848 1033 -
862 976 1042 1066 πρεπόντων
1061 980 1172 1045 soi-⁵
1188 980 1284 1056 α’ξίων
1301 1001 1403 1043 soro·

312 1067 521 1145 πενομένων.
567 1070 791 1151 Frequentatur
811 1069 969 1129 recentiori
995 1070 1138 1128 Graeciae
1164 1085 1294 1149 quoqne.
1333 1064 1401 1125 Sed

312 1170 334 1211 n
395 1151 557 1215 e‘vetusus
576 1162 607 1213 et
625 1154 747 1234 optimis
767 1152 962 1233 scriptoribus
982 1152 1157 1234 ignoratum
1182 1160 1213 1211 et
1230 1146 1413 1230 Euripidi,¹
1442 1169 1444 1241 ι

386 1234 515 1295 maxime
534 1233 719 1297 Philostrato
740 1235 774 1294 in
794 1234 906 1295 deliciis
927 1242 980 1297 est.

374 1339 460 1405 Ibid.
476 1341 520 1416 A.
539 1342 596 1410 tin.
620 1364 650 1427 7.
667 1340 723 1427 [5‚
739 1338 782 1425 5.]
796 1338 1051 1425 καθωμιλημένῃ.
1071 1338 1187 1401 Eadem
1206 1340 1401 1403 excusatione
1444 1275 1447 1425 i

313 1422 411 1485 utitur
428 1422 617 1507 Augustinus
637 1424 787 1486 Patricius
800 1427 886 1487 initio
900 1420 1113 1503 ceremonialia
1136 1422 1278 1483 Romani.
1299 1420 1400 1505 *[vid.
1445 1428 1448 1481 t

312 1505 505 1567 Constantin.
535 1508 569 1569 in
602 1510 665 1569 vita
687 1506 778 1573 Basil.
802 1496 835 1569 C.
854 1505 905 1569 53.
929 1504 1025 1568 Allat.
1044 1504 1083 1565 de
1102 1500 1214 1588 Georg'.
1239 1526 1307 1587 pag.
1323 1503 1401 1565 362.
1447 1487 1450 1571 i

312 1587 361 1653 ed·
381 1585 536 1672 Fabric.]*
557 1591 704 1673 Designat
716 1590 795 1651 sorte
815 1590 858 1655 V.
870 1590 915 1659 D.
928 1587 1028 1649 locum
1050 1589 1083 1647 in
1101 1586 1272 1671 Symmictis
1288 1586 1400 1648 Aliatii
1450 1593 1452 1677 ζ

312 1690 344 1751 p.
363 1669 431 1738 135.
456 1668 512 1733 lin.
533 1670 567 1733 8.
591 1684 623 1733 et
703 1684 825 1735 etomo
847 1674 891 1733 X.
915 1670 1117 1733 Bibliothecae
1141 1692 1263 1753 graecae
1282 1669 1399 1730 Fabri·
1452 1700 1453 1729 ι

313 1754 417 1813 denae
432 1772 465 1836 p.
483 1775 554 1836 70⁰·
577 1694 811 1839 flue‘iiszmw.
851 1752 965 1815 Multos
985 1762 1090 1814 nostro
1110 1752 1221 1813 similes
1242 1752 1325 1815 locos
1338 1774 1400 1813 au·
1453 1751 1455 1837 i

313 1845 451 1930 dorum,
471 1834 644 1919 uulgarium
659 1850 690 1899 et
709 1840 741 1899 in
787 1840 793 1853 '
817 1846 936 1897 atamm
957 1834 1124 1897 dictionum
1147 1856 1236 1897 usum
1255 1856 1401 1896 excusan-
1454 1850 1457 1923 ’χ

312 1918 663 2082 &arriduit
677 1917 1401 2083 irruiturumurar
1457 1964 1459 2029 ι

313 2091 419 2162 ceptus
443 2092 509 2159 est,
537 2082 637 2144 medio
664 2085 744 2145 inter
769 2082 927 2165 vulgarem
956 2094 987 2145 et
1009 2104 1121 2167 purum
1150 2084 1337 2165 antiquum,
1357 2080 1404 2143 de

314 2183 376 2245 quo
401 2162 463 2227 uid
481 2164 522 2227 D.
539 2165 577 2226 C.
602 2166 697 2248 praef.
713 2164 754 2229 ad
779 2165 879 2229 Gloss.
898 2166 951 2233 Gr.
973 2188 1004 2249 p.
1029 2168 1070 2229 X.
1093 2166 1160 2229 fine.

376 2276 461 2339 Ibid.
476 2276 510 2338 B.
528 2278 584 2346 lin.
595 2280 624 2345 5.
641 2280 688 2365 [5,
699 2279 747 2364 7.]
765 2278 981 2359 sinodicam.
998 2283 1096 2342 Mirus
1109 2291 1174 2342 crat
1191 2283 1320 2362 impetus
1337 2280 1401 2341 ho-

314 2362 431 2420 minum
451 2360 543 2422 medii
564 2366 632 2425 aeri
654 2366 756 2426 omnia
774 2364 900 2446 mystice
915 2364 1091 2445 exponendi.
1111 2364 1306 2425 Praesertim
1319 2364 1401 2424 scitu

314 2440 475 2524 diganum
501 2445 620 2507 inscitie
641 2466 705 2508 non
727 2456 867 2530 poterant
889 2449 1025 2508 animum
1046 2450 1104 2509 nisi
1124 2449 1212 2529 nugis
1237 2466 1401 2528 occupare.

316 2608 324 2620 '
389 2607 522 2690 iigebant
546 2631 609 2673 non
638 2632 726 2694 posse
754 2632 787 2673 sc
815 2632 903 2673 suam
930 2616 1138 2674 auctoritatem
1166 2634 1184 2673 a

211 2720 216 2725 Δ
313 2692 417 2768 tueri,
446 2693 504 2751 nisi
525 2696 699 2774 opinionem
730 2692 776 2755 illi
807 2693 968 2777 singularis
994 2695 1148 2756 doctrinae
1193 2714 1261 2755 ese
1281 2696 1398 2754 movis-

314 2782 400 2850 sent,
427 2792 528 2854 neque
548 2787 689 2856 poterant
709 2776 770 2838 alio
788 2776 880 2838 modo
902 2778 983 2839 docti
1003 2778 1124 2855 videri,
1152 2778 1210 2837 nisi
1235 2776 1398 2859 loqueren-

315 2862 385 2930 tur,
410 2874 491 2934 qnae
511 2876 602 2917 nemo
628 2856 802 2919 mortalium
832 2870 933 2941 posset
957 2858 1132 2942 intelligere.
1172 2860 1270 2921 Tenet
1295 2858 1419 2923 adhuc.

313 2933 367 2994 ille
385 2937 582 3018 mysticorum
607 2960 694 3001 amor
707 2940 795 3083 ppud
814 2943 956 3007 Graecos.
1004 2940 1151 3023 Exemplo
1175 2944 1214 3003 sit
1237 2942 1397 3025 Symeonis

313 2524 531 2667 Etepraetema
558 2528 794 2591 dominabantur
817 2539 885 2591 turn
908 2532 1054 2611 temporis
1082 2528 1203 2609 elerici,
1225 2531 1277 2672 pri
1297 2528 1400 2672 probe

313 2618 361 2667 snt
1205 2632 1227 2673 u
1275 2612 1398 2703 penem

314 3016 590 3083 Thessalonicensis
607 3042 627 3083 o
648 3042 685 3083 us
795 3022 857 3096 de,
878 3024 992 3087 ritibus
1012 3036 1044 3087 et
1062 3024 1217 3105 mysteriis
1241 3025 1396 3087 eeclesiae

316 3096 464 3162 Graecae
483 3121 565 3163 anno
592 3124 603 3164 ι
650 3105 682 3167 5.
695 3108 728 3166 in
784 3106 904 3167 oidavia
915 3104 1042 3185 editum,
1057 3109 1142 3169 cuius
1159 3106 1338 3188 partiendam
1354 3104 1397 3167 de

314 3182 431 3279 templo
449 3193 481 3243 et
494 3187 594 3247 missa
607 3188 670 3248 iam
688 3197 777 3249 antes
795 3189 913 3251 Goarus
936 3190 969 3249 in
986 3188 1173 3272 Eucbologio
1195 3188 1331 3267 dederat,
1351 3198 1398 3249 to·

313 3273 376 3323 trus
406 3284 497 3327 usum
523 3286 560 3329 ex
589 3270 645 3331 ind
696 3274 776 3331 entia
801 3268 839 3334 ci.
864 3272 1228 3351 Reimarihabu13item
1257 3272 1396 3333 Christo-

313 3344 430 3429 phorus
449 3347 586 3432 Angelus
606 3355 639 3413 in
679 3356 686 3369 ⁶
709 3374 744 3415 ro
766 3352 808 3413 dc
823 3366 910 3415 statu
930 3354 1080 3417 ecelesiae
1105 3372 1243 3435 graecae
1264 3352 1395 3416 dedier·-

313 3445 366 3492 no.
414 3428 509 3511 Apud
534 3434 658 3497 Latinos
682 3456 775 3519 quam
807 3438 892 3497 miris
920 3437 1020 3498 modis
1043 3458 1143 3499 sacros
1166 3440 1242 3498 ritus
1267 3435 1398 3520 explicat

313 3508 480 3574 Durandus
499 3514 533 3574 in
559 3515 725 3580 stationali
747 3518 927 3581 divinorum
948 3514 1152 3598 officiorum!
1191 3522 1292 3598 Quam
1317 3518 1396 3579 nihil

314 3602 362 3653 est
378 3615 441 3656 non
471 3597 621 3659 minutum
643 3602 678 3661 in
693 3604 806 3663 vestitu
826 3602 1028 3679 sacerdotum,
1049 3604 1081 3666 in
1099 3604 1180 3663 vasis
1199 3612 1229 3663 et
1243 3610 1394 3663 structura

313 3673 535 3772 Ecclesiam,
552 3682 585 3741 in
598 3682 706 3744 ritibus
719 3688 829 3763 meris,
846 3686 880 3744 in
896 3706 958 3766 quo
971 3681 1149 3767 mysterium
1168 3683 1220 3745 ille
1233 3704 1294 3745 non
1312 3704 1396 3765 repe·

313 3762 405 3819 terat!
421 3760 546 3842 Videas,
558 3766 713 3846 ingenium
725 3766 786 3827 illis
798 3767 972 3829 hominihus
985 3768 1165 3829 foecundum
1176 3788 1236 3827 non
1252 3766 1394 3845 defirisse,

312 3839 367 3900 sed
381 3840 503 3905 deiirere
515 3848 629 3908 semina
642 3868 733 3910 verae
744 3846 908 3914 doetrinae.
927 3850 997 3927 Quo
1011 3849 1136 3927 facturn,
1151 3860 1186 3910 ut
1198 3870 1233 3910 ea
1243 3860 1394 3930 tempora,

311 3920 398 3983 velut
416 3946 489 4009 ager
510 3927 628 4010 fertilis,
648 3930 700 3992 sed
715 3928 881 4014 neglectus,
902 3932 1030 3994 carduos
1049 3944 1079 3993 et
1095 3934 1237 3994 senticeta
1256 3930 1393 3991 aderint.

313 4001 433 4067 Auctor
445 4020 548 4072 noster
560 4014 615 4090 ait,
636 4013 737 4074 aulam
754 4034 819 4075 esse
833 4015 942 4077 debere
963 4017 1124 4099 imaginem
1138 4016 1231 4075 totius
1245 4014 1393 4089 universi,

196 4096 202 4103 “
313 4094 345 4148 ct
369 4088 483 4157 ordinis
502 4112 606 4175 terum
626 4096 832 4181 naturalium,¹
853 4118 931 4181 quae
950 4116 1006 4183 per
1022 4101 1105 4163 vices
1124 4096 1185 4160 sibi
1206 4094 1392 4173 succedunt,
