2975 4892
305 278 388 381 540
508 308 564 372 ro.
595 307 675 374 rso.
702 307 848 373 ansnr
878 304 1160 374 conannrran

300 463 373 525 vid.
407 465 459 526 Du
486 465 586 549 Cange
608 465 657 532 Gl.
680 477 810 550 utroque
837 467 870 526 in
896 487 929 526 v.
952 463 1140 544 Analogiwn.
1179 459 1353 521 Vocabulum

301 548 439 630 deinceps
458 570 476 610 a
498 552 589 610 sacris
611 549 752 611 analectis
773 549 811 610 ad
830 569 953 632 mappas
967 567 1071 610 omnes
1091 545 1229 629 profanas
1246 563 1352 626 quoque

300 631 406 692 similis
427 631 539 693 formae
556 643 587 692 et
610 632 741 695 fabricae
758 631 907 694 transiisse
930 630 1063 692 videtur.
1440 643 1441 652 ¹

383 715 418 774 B.
433 713 466 776 6.
490 713 658 798 [469,15.]
677 714 834 794 δίσχιστα.
876 715 907 775 Si
931 735 1007 796 quae
1044 709 1104 772 alia
1125 731 1194 792 pars
1216 706 1354 770 vaurum

300 797 428 858 obscura
448 809 504 874 est,
528 817 576 858 res
591 795 723 880 profecto
750 807 794 858 est
819 796 976 873 vestiaria,
1005 813 1097 878 quam
1125 794 1353 872 fortenunquam

299 881 373 940 satis
392 879 611 962 intelligemus,
641 901 736 961 quum
768 879 869 941 nullae
895 891 1011 941 veteres
1037 881 1171 960 picturae
1197 885 1304 935 exstent
1328 883 1354 932 et
1440 887 1441 920 1

298 985 377 1044 qnae
398 972 557 1043 supersunt
582 972 701 1024 vetusta
730 962 789 1023 alia
815 973 1010 1022 monumenta
1046 981 1139 1042 saepe
1157 960 1249 1040 magis
1267 953 1353 1036 impli-

299 1056 385 1125 cent,
411 1066 503 1127 quam
523 1048 647 1122 iuvent,
669 1043 798 1107 Romani
818 1045 883 1106 aliis
899 1066 991 1128 quam
1010 1045 1118 1104 Graeci
1151 1041 1281 1101 vestibus
1300 1037 1355 1098 fire·

299 1130 361 1189 rint
378 1131 444 1204 usi,
459 1139 489 1188 et
500 1127 583 1188 nulla
610 1130 642 1188 in
652 1149 688 1189 re
701 1131 794 1210 magis
809 1149 899 1210 quarn
920 1129 951 1187 in
970 1128 1079 1188 vestita
1099 1126 1249 1186 luxuriare
1270 1120 1356 1182 bomi-

296 1230 373 1270 narn
387 1211 497 1292 cupido
515 1211 723 1272 novaturiendi
749 1211 859 1288 soleat,
883 1231 930 1271 res
953 1219 1053 1271 tamea
1068 1208 1120 1268 illa
1139 1209 1183 1268 sic
1202 1214 1357 1286 comparata

298 1295 352 1368 sit,
376 1304 411 1353 ut
427 1293 527 1354 verbis
542 1295 613 1354 satis
631 1294 712 1355 clare
733 1293 892 1376 significari
910 1303 1055 1376 nequeat,
1079 1292 1134 1351 nisi
1159 1309 1259 1349 coram
1274 1283 1355 1348 oculis

298 1376 528 1436 demonstretur.
558 1375 673 1438 Multus
687 1397 788 1438 sermo
815 1375 896 1457 apud
912 1387 1026 1437 veteres
1040 1375 1078 1435 de
1092 1373 1226 1434 vestibus
1255 1370 1357 1430 schistis

297 1478 351 1519 seu
363 1459 459 1520 scissis
470 1457 519 1519 vel
532 1457 617 1519 fissis.
628 1530 632 1536 Ι
642 1461 712 1538 Qua
724 1481 755 1520 rn
768 1481 801 1520 re
811 1459 888 1521 bene
906 1457 1115 1540 distinguenda
1129 1466 1282 1516 auctarum
1292 1463 1357 1511 tem-

295 1562 396 1623 pora,
426 1553 456 1602 et
476 1551 574 1602 vestes
596 1563 737 1624 quoque,
766 1541 804 1602 de
835 1541 945 1624 quibus
1044 1551 1149 1600 untur.
1197 1535 1264 1597 Alia
1290 1539 1358 1594 enim

296 1632 343 1682 est
371 1624 478 1684 fissura
502 1623 606 1706 pallii,
630 1623 689 1686 alia
714 1627 843 1686 tunicae.
898 1624 946 1684 De
1026 1622 1065 1683 lio
1097 1625 1230 1704 primum
1260 1618 1356 1678 dicam.
1441 1703 1442 1706 Ἴ

296 1704 429 1766 Pallirrm
458 1708 583 1767 scissum
616 1719 753 1769 veterum
771 1709 957 1769 Graecorum
989 1705 1072 1768 aliud
1107 1715 1197 1776 erat,
1238 1700 1358 1785 quanvis
1441 1709 1442 1776 l

296 1788 461 1850 admodum
490 1790 586 1849 simile
622 1790 714 1871 pallio
740 1791 940 1851 Francorum.
1013 1787 1103 1850 Pallii
1129 1788 1240 1846 veteris
1268 1781 1358 1842 Graeci
1441 1805 1442 1846 ;

294 1869 742 2016 irnkapiginrilrn'apllp‘uc'baclpppputp¹
763 1876 796 1934 in
816 1871 940 2016 illpposic
961 1871 1060 2015 nobppa
1075 1864 1357 2014 dpatishqrotpilb'clpn,
1441 1939 1442 1960 Χ

294 1974 332 2013 το
364 1976 510 2016 scorar
535 1976 617 2015 ussa
690 1977 710 2016 o
743 1977 846 2016 rnnos
895 1976 975 2017 rum.
1061 1975 1140 2014 suas
1189 1971 1249 2028 r,a
1303 1969 1357 2028 pa·

294 2048 380 2098 netas
404 2036 567 2118 appellant.
614 2037 721 2099 Casula
754 2057 861 2120 nempe
895 2038 964 2100 talis
983 2057 1080 2120 usque
1101 2036 1139 2096 ad
1156 2035 1312 2094 humerum
1330 2047 1358 2088 ex
1441 2065 1442 2072 κ

294 2130 425 2200 utroque
456 2120 549 2180 latere
574 2123 664 2182 scissa
688 2131 719 2180 et
744 2123 777 2180 in
802 2142 920 2183 summo
947 2124 1027 2181 circa
1051 2119 1164 2180 collum
1187 2115 1293 2188 solida,
1315 2132 1359 2172 serr

296 2201 407 2262 collum
431 2203 462 2261 in
495 2202 601 2263 orbem
629 2201 785 2278 ambiens,
816 2215 860 2264 est
881 2215 1018 2265 veterum
1038 2199 1167 2284 pallium
1182 2199 1357 2281 quadratum.

296 2282 463 2345 Constabat
486 2283 610 2365 pallium
632 2287 782 2347 Graecum
812 2286 929 2347 duabus
953 2285 1036 2348 velot
1066 2283 1142 2362 alis,
1176 2279 1359 2350 aasentias,

296 2365 391 2428 altera
416 2370 542 2449 postica.
592 2369 682 2448 Quod
709 2368 767 2430 bae
791 2363 875 2430 'duee
896 2367 961 2430 alae
981 2378 1112 2452 quatuor
1140 2359 1360 2446 anguloseffice·

293 2461 408 2523 renue
441 2450 578 2511 adratum
608 2473 646 2532 ap
685 2450 827 2513 llabatur.
882 2452 929 2512 De
947 2449 1133 2533 ootangnlari
1160 2450 1274 2509 dicetur
1295 2441 1358 2504 inle-

293 2531 370 2592 rius.
407 2473 476 2594 llas
512 2532 577 2594 alas
594 2474 698 2596 ambis
721 2527 912 2612 ἇπέβαλλον,
948 2533 1154 2618 replicabant,
1175 2529 1356 2598 reficiebant,

294 2616 385 2674 sicut
403 2637 494 2696 pms,
514 2637 594 2698 quae
613 2617 705 2699 pallio
723 2621 869 2698 promisso
892 2617 982 2697 pedes
1016 2609 1171 2698 tangeret,
1201 2615 1259 2673 iam
1282 2627 1362 2689 super
1442 2631 1443 2666 r

292 2694 427 2759 humeris
448 2700 659 2780 recumberet,
687 2701 741 2760 uba
759 2712 812 2760 aut
833 2695 992 2779 περόναις,
1020 2699 1148 2771 acubus,
1179 2693 1358 2777 affigebatur,
1442 2723 1443 2772 4

294 2791 348 2839 aut
370 2775 486 2864 πόρπῃ,
505 2781 599 2843 fibula
617 2786 740 2856 inserta,
763 2783 944 2844 firmaretur.
968 2782 1098 2861 Quando
1114 2778 1254 2862 plueret,
1275 2777 1359 2853 ninge
1442 2806 1443 2821 1

291 2872 360 2935 ret,
381 2875 491 2925 ventas
511 2869 659 2946 spiraret,
683 2877 798 2927 exemta
834 2886 891 2925 acu
924 2864 972 2925 vel
999 2865 1097 2926 laxata
1129 2861 1224 2922 fibula
1240 2857 1360 2920 sinebant

292 2941 372 3004 alam
403 2946 545 3008 deorsum
573 2948 691 3010 cadere.
754 2949 918 3028 Propterea
948 2958 1063 3008 assutae
1103 2944 1232 3026 singulis
1259 2935 1361 3021 angulis

291 3039 379 3086 eraru
406 3028 530 3090 laciniae
546 3034 661 3112 panni,
682 3052 758 3114 qaas
774 3041 827 3091 aut
843 3029 961 3090 acubus
980 3029 1192 3111 configebant,
1214 3037 1265 3086 aut
1278 3027 1307 3081 in
1330 3017 1361 3077 fi·

291 3107 379 3169 bulas
396 3109 530 3171 humeris
555 3116 680 3173 summis
699 3113 862 3174 insidentes
893 3113 1118 3187 immittebant,
1151 3129 1230 3192 quae
1247 3105 1304 3167 alas
1320 3121 1363 3161 rt·

291 3191 412 3252 volutas
427 3213 548 3254 sarsum
561 3197 735 3258 retinerent.
781 3197 844 3257 Has
856 3192 979 3256 lacinias
998 3194 1154 3274 πτέρυγας
1173 3187 1360 3273 appellabant·

291 3272 330 3332 ln
352 3275 528 3337 universum
559 3276 614 3338 ubi
634 3289 710 3340 esset
734 3277 851 3357 fibula,
877 3279 918 3338 ibi
947 3297 964 3338 e
1000 3279 1123 3359 regione
1159 3285 1225 3336 erat
1261 3266 1361 3346 πτέρυξ

291 3355 323 3495 in
340 3356 472 3503 libulppp1
486 3360 666 3521 inperenda,
686 3362 722 3422 rit
739 3371 823 3445 patet
842 3381 876 3422 ex
896 3359 1108 3444 Aristophanis
1127 3357 1196 3420 loao
1212 3345 1361 3440 apadPol-

304 3457 391 3500 ueem
474 3463 512 3504 01
557 3463 567 3503 z
915 3477 918 3484 ν

412 3533 469 3618 τήν
490 3539 629 3624 πτέρυγα
649 3536 942 3618 nuperrimam&
959 3541 1133 3622 χιτωνίου,

412 3620 469 3680 καί
487 3619 543 3682 τὸν
561 3622 730 3702 ἐπίδεσμον
750 3615 796 3695 οἷς
817 3623 888 3705 ἐνῆν
906 3618 947 3684 roi
967 3624 1082 3686 sardeis.

289 3713 373 3774 Talis
393 3715 476 3795 pallii
496 3719 654 3802 imaginem
670 3744 733 3784 non
753 3723 875 3783 memini
891 3725 1007 3805 uspiam
1025 3721 1139 3782 videre.
1184 3719 1284 3799 Neque
1296 3708 1359 3772 novl

289 3797 397 3856 Graeci
421 3819 458 3858 eo
483 3801 656 3864 utebantur.
697 3805 778 3866 Nam
799 3805 933 3888 chlamys
954 3827 1060 3866 eorum
1078 3813 1143 3864 erat
1162 3801 1286 3884 pallium
1305 3812 1357 3853 ¹1⁰ss

159 3874 164 3890 ¹
288 3874 452 3955 δίσχιστον
462 3924 475 3952 ,
505 3884 557 3962 sed
580 3883 799 3965 μονόσχιστον.
850 3888 1023 3949 Utebantur
1043 3898 1144 3947 autem
1165 3907 1201 3946 eo
1233 3883 1357 3960 fitquffl·

287 3958 348 4018 tias
370 3959 493 4039 Latini,
514 3967 605 4026 medii
628 3971 695 4030 aevi
711 3981 808 4053 puta,
830 3982 865 4031 ut
887 3971 999 4031 Franci
1021 3980 1051 4030 et
1072 3968 1151 4029 ltali.
1193 3962 1359 4026 Diversimc

287 4039 326 4098 de
341 4051 441 4103 tamen
457 4047 546 4107 scissa
566 4061 665 4110 erant.
707 4053 909 4131 Quorundam
929 4055 1074 4114 scissurae
1093 4049 1232 4112 laterales
1251 4052 1358 4134 tumtun

286 4119 325 4178 ad
362 4144 459 4204 genua
478 4171 487 4200 ,
505 4141 585 4208 aut,
610 4134 635 4192 si
658 4133 800 4214 multum,
822 4135 861 4196 ad
883 4147 972 4216 caput
998 4135 1119 4196 semoris
1141 4154 1162 4192 u
1219 4151 1235 4190 e
1256 4133 1358 4209 per-tin·

208 4266 215 4272 ‚
287 4201 410 4284 gebant.
448 4207 587 4274 Aliorum
604 4225 705 4277 autem
723 4221 876 4302 'scissurae
897 4216 1033 4282 laterales
1051 4217 1187 4302 pertinge
1246 4221 1357 4285 t¹¹⁵q¹¹e
