2975 4892
342 331 427 437 354
546 362 602 430 10.
634 361 715 428 ire.
745 364 892 428 nusrn
923 361 1209 428 commutanti

342 521 509 602 significare
537 524 570 582 in
601 519 751 596 dominis,
796 521 829 584 in
859 519 1170 582 cordedominorum.
1208 518 1239 581 Si
1260 523 1404 586 verohaec

343 605 510 686 significent
530 627 602 685 erga
613 603 771 678 dominos,
794 616 868 664 tune
881 603 933 664 illa
955 608 1058 686 priora
1074 605 1223 665 notabunt
1254 621 1329 665 trmm
1346 629 1407 685 erge

343 689 410 747 illos
442 689 685 748 benevolentiam.
725 686 960 768 Ἐιιισφραγιαιι
986 707 1038 750 σοι
1077 689 1243 770 significant
1274 691 1408 750 beru’dicut

341 771 404 831 n'bi.
450 772 528 832 Nam
554 771 723 831 benedictio
753 769 832 852 apud
855 773 985 832 Graecos
1007 770 1040 829 ht
1057 766 1137 848 μετὰ
1162 769 1216 850 τῆς
1233 771 1406 851 σφραγῖδας,

336 875 404 915 cum
429 857 513 935 ri'gno
533 857 644 928 ενιισίις
670 853 732 913 vid.
750 876 780 935 p.
798 873 868 914 221.
881 856 917 914 C.
935 856 964 914 3.
977 898 986 930 ,
998 853 1052 914 ubi
1078 853 1311 934 ἐπισφραγιζων
1331 855 1410 914 ctiam

341 948 385 998 est
405 938 582 998 benedicens.
626 938 662 996 ln
678 929 785 1018 γνήσιε
801 936 1036 1020 subintelligitur
1061 936 1166 996 δοῦλε.

424 1020 463 1080 Α.
481 1019 512 1099 4.
531 1019 620 1104 [576‚
635 1017 678 1102 8.]
710 1019 885 1097 κομιζαισε.
927 1022 1031 1096 Quum
1057 1018 1173 1080 librarii
1203 1020 1306 1081 Graeci
1334 1040 1365 1078 αι
1387 1030 1414 1078 ct

339 1103 495 1185 eperinde
513 1103 666 1181 habeant,
683 1103 812 1164 debetur
836 1102 959 1163 illorum
987 1101 1138 1166 scribendi
1163 1107 1241 1164 mori
1262 1101 1410 1178 κομιζιιιαε

339 1209 396 1268 pro
425 1184 612 1264 καμιζεσαις
655 1197 685 1248 et
708 1187 783 1248 haec
809 1197 854 1246 cst
882 1189 1014 1267 integra,
1047 1186 1102 1248 sed
1134 1188 1305 1248 inusitatior
1330 1186 1414 1244 lerina

337 1269 486 1330 secundae
513 1271 589 1352 sing.
611 1271 776 1352 praesentis
793 1269 883 1330 in'dic.
900 1271 1011 1346 medii,
1036 1291 1092 1350 pro
1110 1291 1172 1349 qno
1199 1269 1292 1354 vidgu
1316 1267 1413 1326 dicitur

336 1352 470 1436 κομιζῃ,
493 1375 570 1434 qnae
584 1363 628 1414 est
640 1353 737 1413 forma
756 1351 840 1412 illinc
858 1365 1012 1414 contracta
1027 1399 1036 1426 ,
1054 1355 1146 1432 fem,
1172 1355 1292 1432 niffen,
1319 1351 1416 1430 accipis

336 1436 387 1516 pia
410 1447 482 1496 vota
513 1437 552 1496 ab
573 1436 746 1496 amantibus
783 1447 813 1495 te
847 1448 878 1498 d
901 1441 982 1497 vitae
1015 1447 1087 1496 tuae
1114 1452 1261 1518 prospera
1289 1434 1413 1514 laetaque

337 1521 439 1578 omnia
453 1520 694 1600 appr-ecantibus.
737 1521 785 1580 De
795 1541 856 1599 qua
866 1521 1081 1585 terminatione
1090 1519 1155 1596 yid.
1173 1520 1257 1600 adp.
1274 1513 1416 1593 146.C.5.

422 1602 456 1660 B.
479 1601 681 1686 11.[577,a.]
702 1603 741 1683 τῇ
761 1601 848 1684 τρίτῃ
871 1601 925 1683 τῆς
937 1601 969 1663 Γ
966 1603 1123 1672 αλιλαίας.
1168 1603 1229 1662 Die
1244 1605 1332 1662 tertio
1349 1599 1416 1659 festo

336 1684 503 1751 Paschatis.
547 1687 654 1744 Graeci
674 1685 897 1746 hebdomadem
919 1685 1076 1746 Pasclratis
1106 1687 1188 1748 inter
1218 1685 1279 1746 alia
1307 1687 1419 1743 nomina

337 1789 458 1850 quoque
476 1766 654 1830 Γαλιλαίαν
673 1767 720 1830 vel
737 1769 793 1847 τῆς
815 1767 989 1841 Γαλιλαίας
1007 1766 1185 1850 appellant,
1210 1769 1250 1828 de
1274 1769 1356 1828 cuius
1372 1788 1418 1846 ap-

335 1849 506 1933 pellationis
520 1852 636 1914 ratione
653 1851 827 1912 consulatur
849 1853 901 1912 Du
914 1853 1016 1934 Gange
1032 1863 1164 1934 utroque
1176 1852 1330 1914 Glossario
1349 1850 1378 1908 h.
1388 1867 1417 1906 v.

401 1933 776 2020 220.B.10i[578,19.]
809 1929 843 1994 τὸ
866 1939 962 2015 χαῖρε
991 1933 1137 2006 δεδωκώς
1160 1931 1267 2019 [ταῖς]
1288 1926 1422 2013 μυριιφό·

336 2038 414 2098 ραις.
457 2017 669 2099 lntclliguntur
683 2030 744 2078 tres
759 2017 899 2078 mulieres
915 2029 1070 2100 unguenta
1090 2018 1130 2079 ad
1145 2015 1324 2100 sepulcrum
1340 2013 1422 2076 Chn'·

337 2103 374 2160 sti
408 2101 559 2178 serentes3
592 2101 655 2160 vid.
689 2101 898 2181 Evangelistas
921 2103 1090 2182 passionem
1120 2111 1153 2161 et
1177 2099 1423 2162 resurrectionem

269 2257 273 2264 ἱ
336 2181 449 2244 Christi
466 2181 687 2262 describentes,
702 2196 731 2244 et
750 2185 801 2243 Du
818 2185 920 2266 Gange
935 2185 1034 2246 Gloss.
1048 2187 1103 2244 Gr.
1117 2203 1150 2244 v.
1172 2175 1377 2266 Μυραφόροι.

420 2265 456 2326 C.
472 2265 502 2326 8.
515 2269 648 2350 inscript.
670 2289 738 2350 cap.
757 2267 912 2328 Lam
928 2267 1019 2351 [379,
1033 2265 1077 2348 4.]
1089 2266 1331 2354 ’νυμφαγωγάα
1369 2263 1423 2322 Ne-

338 2369 398 2430 que
420 2347 478 2408 hoc
499 2350 529 2410 in
550 2352 670 2430 capite,
693 2372 791 2433 neque
813 2349 846 2410 in
865 2363 1008 2434 sequente
1021 2361 1096 2432 puto
1112 2371 1295 2412 sermonem
1309 2350 1349 2410 de
1366 2347 1425 2408 Au-

338 2434 416 2513 gusti
438 2434 550 2512 uuptiis
576 2453 657 2510 esse,
684 2433 737 2494 sed
766 2432 804 2494 de
824 2433 978 2505 demarchi
1006 2443 1138 2505 tantum
1187 2421 1424 2515 Νυμφαγῶγιοι

256 2528 259 2536 ·
338 2526 382 2574 est
413 2515 554 2576 deductio
586 2538 711 2597 sponsae
733 2519 766 2578 in
787 2517 875 2578 aedes
893 2520 1013 2600 sponsi,
1035 2537 1129 2598 (mum
1142 2515 1289 2600 sequium
1306 2509 1342 2576 ὠ
1361 2531 1427 2575 στι-

336 2590 476 2680 palamne
496 2619 548 2658 seu
565 2601 715 2682 impositio
733 2619 915 2663 coronarum
929 2600 1122 2682 nuptialium.

417 2683 458 2740 D.
477 2703 504 2742 α.
519 2681 664 2766 [379,6.]
698 2676 875 2762 κατιούσης.
917 2685 963 2744 Ut
988 2684 1135 2744 deducere
1162 2702 1312 2767 sponsam
1331 2675 1427 2740 batim
1475 2740 1476 2755 ἶ

333 2763 439 2826 dicunt
463 2787 519 2846 pro
543 2787 577 2826 ex
597 2767 721 2828 aedibus
734 2769 868 2848 paternis
883 2767 921 2827 ad
935 2789 1078 2849 sponsum
1097 2767 1231 2846 ducere,
1249 2767 1294 2826 sic
1314 2779 1426 2845 querque

335 2847 443 2908 Graeci
476 2849 514 2910 de
538 2870 647 2930 sponsa
671 2851 710 2910 ad
738 2851 883 2910 maritum
911 2862 1087 2910 transeunte
1114 2871 1195 2912 cum
1227 2840 1428 2931 suppellectile

336 2949 389 2988 sua
415 2931 520 2990 dicunt
535 2931 693 3011 κατιέναι,
707 2933 847 2994 devenire
866 2943 919 2993 aut
938 2933 1100 2994 decedere-0

398 3013 758 3099 22·.A.2.[579,14.]
788 3011 863 3086 τούς
892 3016 1145 3098 corruscationes.
1193 3017 1361 3097 Utrunque
1384 3029 1429 3072 so-
1475 2990 1476 2997 i

335 3106 547 3171 ceros,tams
588 3101 647 3178 nsi,
662 3120 755 3179 qnam
773 3121 900 3179 sponsae
915 3111 1031 3181 patrem
1058 3111 1153 3181 atque
1178 3112 1342 3176 matrem,
1368 3093 1427 3157 vid·

334 3178 386 3238 Du
403 3177 637 3322 Ganpessssr.
653 3181 685 3242 h.
702 3203 733 3242 v.
748 3193 778 3243 et
801 3182 840 3241 ad
862 3183 950 3243 Alex.
966 3207 995 3264 p.
1012 3183 1084 3244 253.

419 3261 456 3322 A.
493 3259 609 3346 .[579,
638 3263 702 3348 17.]
740 3257 967 3347 ζευγόιαμφιιι.
1016 3266 1077 3326 Per
1114 3266 1217 3326 solem
1256 3261 1432 3344 intelligitur

334 3343 410 3408 dies.
455 3345 532 3405 Vult
561 3351 661 3428 itaque
678 3369 799 3408 carmen
819 3347 879 3409 hoc
901 3347 1041 3410 Graeculi
1054 3395 1069 3422 ,,
1088 3347 1161 3408 sciti
1184 3371 1246 3410 sua
1264 3361 1297 3410 et
1315 3363 1433 3409 morum

334 3431 475 3510 opinione
508 3429 615 3510 procul
640 3431 733 3492 dubio
755 3435 882 3512 poetae,
906 3433 1024 3492 dicere:
1049 3433 1142 3492 video
1169 3431 1263 3494 diem
1282 3431 1368 3495 hunc
1383 3447 1433 3510 par

335 3515 501 3573 amantium
520 3516 700 3596 coniungere
719 3515 751 3574 iu
765 3515 855 3576 thoro
869 3513 918 3577 vel
937 3513 1096 3590 thalamo,
1119 3535 1207 3576 auro
1230 3527 1345 3578 eontra
1359 3530 1432 3607 capu·

334 3587 562 3676 Ζεαγόναμφος
581 3601 761 3678 estirurgens
772 3619 835 3680 par
851 3597 1019 3679 conuaegalc,
1042 3617 1132 3663 sensu
1160 3603 1285 3662 activo.
1333 3598 1367 3658 ln
1383 3595 1436 3654 αλ·

333 3675 413 3754 ληλα
434 3675 672 3755 ἕνηγιιαλιζαιιτα
684 3679 918 3764 subintelligitur
933 3676 970 3742 sci
996 3675 1107 3760 ζεύγη,
1129 3688 1238 3763 paria
1257 3687 1334 3762 haee
1351 3699 1436 3764 spon·

332 3759 429 3854 salia,
453 3770 506 3818 aut
526 3762 551 3820 si
571 3758 725 3842 ἀλλήλους
740 3759 840 3846 legas,
866 3763 1102 3860 subintelligitur
1119 3761 1155 3824 οἱ
1179 3759 1338 3850 νύμφιαι.
1368 3762 1436 3823 flo-

332 3841 433 3920 θηται
462 3841 635 3920 ἐπιθυμῶν
665 3859 710 3910 est
729 3869 785 3926 pro
815 3841 893 3920 μετὰ
917 3848 1058 3928 nedum
1076 3845 1295 3926 ἐπιθυμίας,
1332 3851 1437 3929 impeffl

332 3921 384 3981 diu
415 3926 522 4006 αιιρὶιο.
569 3929 669 3990 Dictio
708 3919 791 4010 ιῖι-θη
823 3922 986 4010 ἑσώρεασα
1018 3940 1075 3989 etc.
1101 3929 1242 3993 videtur
1266 3954 1286 3992 e
1312 3930 1436 3993 cantico

334 4005 528 4068 Canticorum
548 4009 716 4074 Salomonis
747 4013 898 4073 traducta.
942 4013 1042 4075 Dietio
1070 4010 1327 4090 ἑγγλυκαθέατα
1359 4029 1438 4074 nova

332 4097 368 4152 et.
384 4092 508 4150 conficta
530 4105 591 4170 est,
613 4107 758 4177 notatque
777 4119 831 4171 ea,
860 4117 939 4178 quae
958 4116 1029 4155 cum
1048 4093 1248 4178 dulcedine,
1284 4095 1438 4178 voluptate

331 4183 515 4251 spectantur.
556 4173 804 4264 Ῥοδαειλμορφα
833 4179 969 4242 eiusdem
995 4180 1163 4242 commatis
1188 4192 1268 4266 est,
1289 4198 1357 4245 tam
1372 4177 1439 4266 pul·

329 4256 412 4335 clim,
432 4279 522 4340 quum
537 4281 633 4322 rosae.
