2975 4892
288 307 339 409 rt
512 332 567 397 ro.
583 284 675 399 ‘isc
709 334 855 397 nassau
882 332 1163 401 communen

286 491 329 548 ita
372 484 533 547 eltalicae
556 484 720 566 ecclesiae,
743 509 761 547 e
787 488 847 549 viri
867 487 947 547 docti
973 488 1251 569 sententia,·ritum
1279 484 1367 549 hunc

286 592 305 631 a
329 508 456 629 &tana
477 573 664 652 acceperint,
691 591 811 631 necesse
834 580 879 631 est
905 590 973 629 eum
996 573 1132 651 protinus
1162 573 1367 651 cumprimis

287 652 454 715 christianis
467 653 743 734 Imperatoribusin
765 651 918 713 ecclesiam
933 655 1126 734 immigrasse.
1161 654 1264 713 Liceat
1286 654 1367 713 mihi

287 735 344 795 bac
355 738 509 796 occasione
521 757 619 796 meam
633 735 671 795 de
683 735 866 816 perobscuro
880 735 1001 817 Agnelli
1016 734 1082 803 loco
1097 738 1274 797 sententiam
1288 756 1368 816 pro-

287 838 411 899 ponere.
452 818 554 879 Verba
574 830 644 879 sunt
664 818 751 878 haec.
806 817 898 878 Illius
929 818 1142 898 (Exuperantii)
1172 818 1370 899 temporibus

287 900 422 961 ccclesia
455 901 490 962 B.
515 902 645 981 Agnetis
671 922 695 961 a
718 899 858 961 Gemella
890 898 1084 961 subdiacono
1108 900 1198 961 istius
1230 911 1369 960 sanctae

287 980 458 1043 Ravennae
480 984 630 1043 ecclesiae
660 995 691 1043 et
721 982 852 1042 Hectore
871 980 1004 1046 Siciliae
1032 993 1210 1042 constructa
1238 994 1308 1053 est,
1334 992 1369 1041 et

288 1064 418 1125 multum
438 1085 509 1125 eum
538 1065 653 1126 ditavit
681 1067 715 1125 in
744 1083 825 1125 auro
852 1076 1045 1146 argentoque
1062 1076 1093 1123 et
1113 1064 1231 1147 palleis
1259 1064 1368 1124 sacris

289 1158 320 1207 et
345 1148 503 1208 civitatem
523 1160 706 1226 argenteam
728 1149 763 1206 in
774 1165 923 1231 processu
946 1146 1263 1207 construxeramus
1287 1146 1370 1226 ipsi-

289 1248 326 1287 us
340 1230 509 1307 martyris,
544 1242 575 1289 ct
596 1249 691 1311 usque
707 1230 822 1290 nostris
845 1230 1033 1311 temporibus
1050 1226 1248 1310 perduravit,
1281 1226 1369 1304 Quid

289 1310 348 1369 sibi
376 1310 444 1371 vult
473 1312 586 1372 civitas
618 1322 771 1389 argentea
804 1311 838 1370 in
861 1328 1011 1391 processu
1040 1310 1162 1369 natalis
1189 1308 1370 1386 martyris?

288 1392 356 1473 Ego
379 1393 501 1474 quidem
522 1404 616 1474 puto,
640 1394 730 1453 firisse
752 1412 881 1453 massam
905 1402 1074 1473 argenteam
1100 1392 1140 1451 ad
1165 1391 1292 1450 sormam
1310 1412 1370 1451 ur-

288 1474 338 1534 bis
359 1476 534 1556 confictam,
555 1478 664 1536 turrim
684 1495 792 1557 nempe
806 1495 897 1535 unam
918 1486 1008 1556 atque
1028 1472 1173 1549 alteram,
1193 1494 1256 1538 uon
1277 1476 1370 1533 maxi·

290 1578 358 1616 mae
386 1556 499 1636 molis,
528 1580 607 1641 quae
636 1563 668 1617 in
689 1558 782 1618 natali
809 1558 976 1638 martyris,
1004 1556 1036 1615 id
1064 1567 1108 1615 est
1133 1556 1182 1615 die
1205 1547 1370 1617 memoriae

290 1642 428 1722 martyrii
454 1642 488 1706 B.
511 1641 636 1723 Agnetis
658 1661 767 1717 sacro,
789 1642 1014 1721 circumgestata
1044 1639 1076 1696 in
1106 1660 1217 1719 pompa
1243 1660 1399 1721 proces»x

291 1722 397 1783 siondi
419 1723 532 1801 fuerit,
559 1733 594 1783 ut
620 1722 829 1799 indicaremr,
858 1724 1009 1783 civitatem
1036 1742 1121 1780 suam
1148 1720 1229 1781 illius
1257 1723 1370 1781 Reatae

290 1807 458 1886 patrocinio
485 1804 653 1866 dedicatam
681 1827 755 1869 esse.
809 1804 959 1865 Videntur
989 1801 1065 1862 illud
1096 1802 1171 1863 mihi
1201 1804 1369 1885 significare

290 1890 435 1970 imagines
454 1890 575 1968 piorum
598 1888 756 1948 hominum
777 1889 887 1968 passim
917 1896 1124 1964 occurrentes,
1155 1888 1207 1967 qui
1227 1888 1369 1946 manibus

235 1996 238 2001 ·
291 1981 407 2052 gestare
428 1970 515 2030 aedes
534 1980 587 2029 aut
606 1980 704 2029 turres
730 1970 963 2051 conspiciuntur.
1012 1968 1193 2029 Praesertim
1222 1971 1263 2029 sic
1296 1971 1370 2049 pin-

353 2063 403 2111 tur
424 2054 580 2133 episcopi,
600 2049 738 2112 ecclesias
762 2072 833 2111 snae
860 2072 949 2111 curae
968 2052 1140 2111 commissas
1160 2054 1245 2132 quasi
1268 2054 1370 2111 mani·

312 2156 349 2194 us
368 2144 524 2215 gestantes.
573 2134 606 2193 Si
629 2134 707 2193 bene
729 2135 877 2212 memini,
906 2134 968 2194 vidi
992 2137 1023 2193 in
1052 2133 1213 2193 Alemanni
1238 2134 1371 2193 Parieti-

291 2219 340 2277 nis
361 2214 612 2277 lateranensibus
635 2218 799 2298 imaginem
821 2217 930 2277 Leonis
954 2216 1011 2277 111.
1040 2214 1140 2277 talem.
1163 2215 1207 2277 Cl.
1229 2218 1369 2276 Murato-

291 2300 355 2358 rius
379 2300 416 2360 T.
437 2299 475 2361 11.
494 2300 602 2380 Script
623 2299 692 2360 Res.
713 2298 778 2362 Ital.
800 2319 830 2380 p.
844 2298 892 2380 75.
913 2293 1040 2379 effigiem
1063 2298 1093 2359 S.
1115 2295 1242 2357 Ecclesii
1261 2299 1371 2359 eodem

290 2382 325 2441 in
346 2379 451 2440 habitu
480 2379 571 2443 dedit
611 2382 858 2443 Recentissimum
888 2379 1055 2460 exemplum
1085 2378 1230 2439 habemus
1257 2381 1288 2440 in
1313 2381 1371 2440 de-

292 2462 441 2523 dicatione
467 2463 664 2544 pulcherrimi
693 2463 801 2524 Dionis
828 2463 923 2523 Cassii
947 2462 1130 2522 Reimariani
1156 2462 1195 2521 ad
1215 2462 1372 2527 Eminent.

202 2594 208 2607 .
291 2544 483 2606 cardinalem
504 2548 685 2623 Quirinum,
707 2549 755 2607 cni
774 2545 903 2627 praefixa
923 2556 968 2604 est
990 2547 1112 2625 imago,
1133 2546 1165 2603 in
1186 2564 1266 2625 qua,
1288 2548 1371 2605 inter

292 2626 376 2710 alia,
401 2628 503 2689 Pietas
531 2631 739 2710 conspicitur,
768 2628 872 2687 dextra
901 2648 1040 2703 crucem,
1068 2628 1187 2686 sinistre
1213 2626 1368 2687 ecclesiam

291 2710 463 2771 Brixianam
483 2722 609 2793 gestans.
650 2710 770 2772 Pariter
792 2712 882 2770 etiam
908 2708 1076 2769 conditores
1096 2710 1218 2769 urbium
1242 2712 1369 2791 pingun-

292 2801 344 2852 tur
359 2792 448 2853 urbes
467 2814 537 2853 suas
558 2814 651 2854 manu
671 2804 827 2875 gestantes.
868 2791 960 2868 Vidi,
981 2811 1043 2851 non
1057 2794 1204 2851 succurrit
1216 2790 1289 2868 ubi,
1314 2794 1369 2851 Ca·

293 2873 352 2933 roli
367 2875 409 2935 M.
431 2876 605 2955 imaginem,
625 2895 702 2955 quae
720 2874 945 2955 Aquisgranum
959 2894 1051 2933 manu
1072 2884 1174 2955 gestat.
1214 2874 1274 2933 Sed
1294 2896 1369 2955 prae

293 2958 418 3017 caeteris
442 2954 549 3037 plenus
571 2955 741 3017 estodium
762 2958 927 3037 imaginum
952 2956 1066 3015 Tomus
1087 2956 1234 3017 secundus
1256 2958 1367 3017 Monu-

293 3049 465 3100 mentorum
487 3050 675 3099 vetustorum
704 3036 861 3121 Ciampini.
881 3038 944 3099 vid.
969 3037 1079 3099 Tabul.
1108 3038 1152 3100 16.
1182 3058 1226 3121 ¹9·
1249 3058 1297 3117 27.
1319 3060 1368 3122 29.

294 3121 345 3183 δι.
366 3122 414 3205 37.
434 3119 484 3199 rin.
504 3120 555 3204 47.
577 3120 626 3181 52.
647 3131 677 3181 et
703 3141 780 3201 quae
802 3120 880 3181 inira
913 3120 984 3181 dico
1000 3120 1038 3179 de
1060 3121 1182 3202 templis
1202 3140 1255 3180 seu
1276 3132 1367 3181 stem·

293 3204 425 3265 metibus
447 3204 486 3263 ad
497 3200 626 3264 auidior
640 3204 768 3263 sormam
787 3204 896 3278 iactis,
918 3212 948 3262 et
968 3204 1047 3261 intra
1067 3202 1221 3262 tribuum
1243 3224 1368 3285 suspen-

295 3287 326 3346 di
350 3285 453 3347 solitis.
503 3284 579 3349 Coll.
606 3288 644 3349 D.
669 3287 702 3349 C.
723 3307 753 3349 v.
777 3284 921 3361 τέμπλον.
961 3284 1032 3345 Non
1057 3284 1154 3345 solum
1183 3286 1308 3345 donaria
1328 3287 1369 3348 ad

294 3372 390 3433 instar
413 3369 566 3449 turrium,
586 3368 787 3451 templorum,
809 3368 930 3427 urbium
958 3366 1055 3443 iacta,
1087 3368 1140 3429 sed
1163 3370 1253 3429 etiam
1276 3390 1367 3429 naves

294 3472 400 3511 aureas
416 3450 620 3591 ῧθᾶὶοώαιιῑ,
640 3464 671 3513 ct
693 3450 914 3534 stupendehant
928 3450 960 3509 in
972 3449 1122 3512 Ecclesiis.
1143 3450 1213 3513 Vid.
1228 3450 1368 3515 Chaonio.

294 3534 395 3595 Casio.
448 3534 471 3594 l.
492 3534 540 3596 5.
664 3557 666 3560 ·

378 3616 476 3675 Venio
502 3556 583 3677 dunc
613 3617 653 3677 ad
679 3617 806 3679 alterum
832 3618 1055 3698 processionum
1079 3635 1233 3675 sacrarum
1256 3634 1366 3697 genus,

294 3698 371 3761 illud
394 3718 527 3778 nempe,
559 3720 654 3783 quum
683 3702 882 3782 Imperatores
915 3700 1019 3759 diebus
1046 3697 1203 3758 dominicis
1232 3709 1262 3759 et
1287 3696 1367 3758 festis

295 3782 449 3841 matutinis
474 3793 564 3861 atque
588 3786 764 3864 vespertinis
789 3783 872 3843 horis
895 3781 933 3841 ad
962 3781 1130 3841 laciendum
1159 3779 1293 3839 divinam
1321 3780 1367 3839 of·

295 3864 397 3924 ficium
417 3865 449 3922 in
476 3864 636 3943 ecclesias,
657 3887 714 3947 pro
734 3868 849 3925 ratione
874 3876 1045 3946 temporum
1068 3863 1222 3939 diversas,
1245 3884 1262 3921 e
1284 3860 1366 3943 pala-

294 3948 340 4007 tio
360 3946 580 4027 procedebant,
600 3959 631 4008 et
654 3969 672 4007 a
690 3943 868 4008 factionibus
890 3970 945 4028 per
965 3950 1051 4023 vias,
1073 3966 1133 4026 qua
1153 3945 1367 4004 transeundum

295 4040 379 4109 erat,
406 4030 547 4131 utrinque
571 4031 721 4112 dispositis
752 4030 979 4107 salutabantur,
1000 4039 1031 4089 et
1061 4050 1116 4110 per
1146 4026 1263 4087 diversa
1286 4026 1365 4085 loco·

294 4131 364 4171 rum
399 4112 494 4193 spatia
523 4113 649 4175 diversis
682 4112 944 4174 amlamationihus
974 4112 1205 4193 excipiebantur.
1256 4111 1292 4168 ln
1320 4108 1365 4167 his

296 4192 418 4276 δοχαῖς,
439 4215 494 4257 seu
512 4196 763 4281 exceptionibus,
788 4207 823 4257 ut
845 4194 1056 4279 appellantur,
1078 4192 1127 4255 vel
1139 4192 1365 4255 beneventatis·
