2975 4892
28 318 47 383 ,
164 282 222 349 m
252 280 478 353 consuetu.
507 278 659 347 roura.
686 280 743 347 ua
777 278 917 347 caum.
932 280 1008 349 ua.
1030 286 1073 348 u.
1102 250 1187 371 ⁸⁸7

27 502 42 537 ,
97 441 200 525 puelia
223 438 266 525 fit
289 440 392 538 parur
417 435 459 499 du
491 437 579 501 eane
609 458 647 501 en
672 436 789 521 pande

25 672 43 713 ll

27 756 42 778 u

104 522 185 609 drap
206 536 376 596 morueuire,
397 542 453 605 qtae
467 520 509 582 les
531 542 601 601 ruys
628 536 658 583 et
688 523 730 583 les
877 522 1033 608 d’Egypte
1050 539 1104 587 ont
1120 546 1192 586 ccu-

101 620 179 669 tume
200 606 365 685 d’envoyer
382 618 444 665 tous
463 605 505 665 les
525 626 580 666 aru
598 606 620 665 d
639 606 672 665 la
691 605 818 691 Meeque
832 626 914 691 pour
932 608 1053 667 couon’r
1070 609 1099 669 le
1111 621 1191 671 tom-

103 704 226 767 beaude
241 702 418 765 Matronae?
461 704 529 765 Vox
548 692 635 775 d&
644 748 654 783 ,
677 704 835 783 Malrmel,
864 724 926 767 non
942 726 1077 790 panieron
1093 707 1191 787 seru·

24 788 39 881 ’ἢ
72 800 75 809 ⁴
102 788 187 864 lem,
208 788 260 849 sed
280 787 416 849 lecticam
436 798 539 861 notat,
561 808 660 871 neque
682 788 814 849 mittitur
832 786 886 849 ille
903 808 1045 871 pannus,
1062 789 1188 873 endyta,

24 934 27 942 ,
103 872 144 931 ad
159 940 162 949 ¹
176 868 338 953 tegendum
367 871 591 933 Muhammedis
621 869 812 953 sepulcrum,
839 872 923 955 quod
960 870 1100 933 Medinae
1128 886 1191 954 est,

22 960 35 1049 ζ,
105 968 159 1030 sed
189 969 228 1030 ad
260 969 420 1053 tegendam
452 969 560 1034 aedem
589 971 786 1052 Meccanam3
828 971 912 1033 unde
941 972 1037 1034 etiam
1067 958 1192 1051 lyam,

104 1052 241 1151 slllirsve
260 1076 313 1116 seu
335 1068 552 1151 tegumentum,
573 1055 707 1135 endyta,
743 1052 924 1199 appellatur.
941 1136 949 1151 ο
968 1054 1010 1116 Et
1037 1054 1192 1117 chartula·

105 1156 170 1197 rsus
183 1134 260 1212 ulle,
279 1138 364 1199 cuius
384 1148 430 1199 est
452 1137 568 1199 reditus
589 1158 732 1221 agrorum
789 1140 814 1199 is
847 1138 965 1221 endytts
978 1139 1191 1220 comparandis

20 1278 31 1306 ²
105 1219 198 1280 etad
228 1220 364 1282 Meccam
396 1221 550 1282 mittendis
581 1221 803 1283 destinatorum
823 1220 963 1305 colligere
981 1223 1133 1306 istumque
1152 1220 1194 1284 ad

19 1300 21 1391 ³
956 1305 1194 1467 ‘Q

17 1444 30 1563 ,l
106 1416 218 1547 reuellens
231 1416 692 1567 deiderisadudrdldlclpalllzss
714 1402 1207 1570 &Zitprpgellwstp'zt
1326 1546 1330 1551 .

105 1580 164 1630 tue.
204 1568 292 1631 Cous.
316 1570 367 1631 Du
389 1571 489 1655 Gange
509 1565 696 1651 v-deairrye
716 1580 748 1631 et
767 1568 904 1641 Erulrm.

166 1666 238 1749 lla.
254 1668 289 1731 C.
304 1668 338 1747 4.
354 1666 440 1755 [764
455 1666 525 1753 an]
535 1666 591 1749 τῆς
608 1666 762 1750 διανομῆς
790 1670 957 1751 γενομένης
974 1668 1037 1733 sois
1056 1664 1195 1752 salodon.

108 1750 177 1815 Mos
206 1763 288 1831 erat,
319 1764 355 1813 ut
397 1752 523 1814 sabbato
553 1773 663 1835 niagno
693 1751 895 1835 sceuophylax
915 1756 947 1813 in
968 1752 1197 1837 sceuophylacio

14 1882 15 1887 η
105 1856 233 1919 magnae
252 1834 396 1897 ecclesiae
419 1857 520 1897 coram
542 1835 727 1919 Imperatore
754 1846 787 1897 et
805 1835 976 1919 patriarcha
998 1838 1130 1915 nardus,
1162 1838 1196 1903 id

106 1930 153 1981 cst
183 1919 307 2001 pyxides
340 1919 437 1980 nardo
461 1919 586 2001 plenas,
614 1918 827 1995 distribueret,
856 1918 909 1981 illo
937 1930 1011 2002 puta
1040 1932 1197 2002 unguento

81 2044 87 2056 .
107 2002 256 2079 odorato,
277 2002 413 2063 nondum
433 2014 627 2075 consecrato,
649 2002 731 2083 quod
752 2012 821 2085 post
839 2005 1093 2065 consecrationem
1114 2024 1197 2067 asa·

11 2118 23 2157 5
107 2085 230 2147 cerdote
256 2084 364 2147 lactum
396 2076 430 2147 cd
457 2084 562 2165 μῦρον
591 2084 760 2167 appellatur
799 2096 830 2147 et
869 2086 1018 2169 ungendis
1038 2086 1199 2167 crucibus,

107 2170 168 2230 aris
188 2167 314 2250 aliisque
345 2169 437 2229 sacris
465 2170 545 2229 rasis
575 2171 679 2230 servit.
722 2167 797 2231 vid.
814 2189 884 2250 pag.
902 2190 954 2229 αι.
976 2170 1055 2229 B.et
1081 2170 1197 2253 ropc.

9 2312 19 2328 „
107 2250 253 2315 Solebant
272 2251 354 2313 enim
378 2272 414 2313 eo
436 2262 573 2333 tempore
593 2252 731 2313 homines
752 2250 950 2333 elegantiores
970 2250 1093 2335 pyxides
1111 2252 1199 2313 nardi

107 2354 357 2479 iffilllils’
380 2333 1200 2502 litttltdltttltdltttttttttttt·

106 2502 278 2563 trintonitmt
301 2514 331 2561 et
357 2514 600 2561 ornamentorum
626 2502 755 2582 gloriam
782 2514 843 2560 tam
867 2501 1086 2562 discriminalia
1114 2523 1199 2585 capr-

106 2600 170 2647 tnm
200 2598 230 2645 et
259 2582 450 2666 periscelides
479 2604 622 2655 crunon,
671 2605 739 2643 uam
758 2584 945 2661 olfactoriola
965 2584 1058 2645 narrli
1080 2598 1112 2645 et
1135 2606 1201 2645 cre·

103 2666 223 2753 pendia
243 2666 318 2727 collo
339 2688 356 2725 e
376 2665 556 2747 gemmiferis
574 2606 683 2725 lateralis
699 2666 862 2749 pendentm
891 2667 936 2726 ad
957 2669 1061 2749 rupem
1088 2670 1203 2729 martem

106 2766 137 2813 ct
155 2748 365 2811 matriculariis
381 2748 516 2834 prodiga
530 2748 712 2809 liberalitate
742 2749 937 2809 concelerant.
981 2748 1065 2809 Alias
1091 2748 1199 2831 legun-

109 2846 162 2897 tur
184 2833 382 2915 Imperatores
413 2842 484 2893 ante
516 2830 606 2893 festos
632 2830 696 2892 dies
718 2840 750 2891 et
777 2832 981 2913 processiones
1010 2831 1200 2895 solenniores

109 2914 257 2997 τριψίδια
300 2914 415 2993 frusta,
435 2912 549 2977 schidia
574 2916 776 2988 cinnamomi,
799 2916 872 2975 item
894 2904 1058 2993 dappddea
1078 2935 1131 2976 seu
1151 2914 1199 2977 la·

108 2997 236 3063 reiculos
256 2962 366 3057 llorum
387 2997 597 3075 distribuisse,
619 2998 789 3080 dequibus
809 2996 870 3057 dixi
889 3017 945 3057 suo
968 2994 1048 3058 loco.

192 3080 227 3143 C.
251 3102 282 3164 7.
309 3080 396 3163 [765‚
423 3078 462 3163 r.]
498 3078 532 3141 ἑν
556 3080 600 3165 τῷ
619 3070 754 3163 ἓσπερίῳ
779 3077 905 3162 δείπνῳ.
949 3080 1054 3156 Quare
1083 3078 1202 3140 addidit

110 3156 266 3248 ἕσπερίῳ,
300 3162 383 3246 quod
401 3162 589 3245 superfluum
611 3163 756 3225 videtur?
789 3162 977 3223 Dixeruntne
997 3161 1069 3223 novi
1092 3163 1201 3225 Graeci

110 3248 236 3309 δεῖπνον
259 3268 314 3328 pro
338 3242 456 3329 ἀρίστῳ
465 3290 475 3323 ,
495 3246 652 3327 prandeo,
674 3258 709 3309 ut
728 3266 849 3307 necesse
868 3244 962 3305 lirerit
980 3246 1020 3307 ad
1039 3245 1202 3328 designau-

110 3331 182 3391 dam
204 3350 329 3390 coenam
353 3328 464 3389 addere
485 3350 591 3389 vocem
613 3320 779 3408 iane'ptoei
800 3329 849 3388 An
868 3326 1024 3406 abundat,
1045 3337 1081 3388 ut
1103 3328 1201 3390 multa

110 3424 143 3475 et
163 3412 245 3495 apud
264 3412 411 3473 Nostrum
432 3422 462 3472 et
478 3410 554 3473 alios
573 3410 758 3496 negligentes
777 3413 926 3473 sermonis
945 3412 1082 3495 castigati
1101 3422 1133 3473 et
1152 3414 1203 3473 iu*

106 3496 206 3557 lantes
225 3494 408 3576 scriptores?
1014 3510 1017 3514 ²

192 3580 234 3639 D.
250 3578 281 3637 6.
297 3576 386 3661 [762
408 3574 467 3659 to.]
487 3570 566 3653 parci
579 3572 637 3659 slyr
656 3571 835 3661 lxpdrrpm
854 3574 912 3638 roei
931 3574 1088 3654 μυστικοῦ
1107 3569 1204 3656 o’pya'-

110 3682 180 3725 νου.
221 3660 344 3741 Ergone
373 3658 594 3723 instrumentali
622 3681 743 3744 quoque
769 3658 885 3721 musica
906 3661 938 3721 in
959 3664 1053 3722 sactis
1074 3658 1205 3722 umbau-

110 3756 164 3807 tur
196 3744 327 3804 Graeci?
379 3744 476 3826 Atqui
508 3764 601 3825 supra
634 3745 889 3818 asseveravimus,
922 3764 990 3805 cam
1015 3764 1051 3805 ex
1071 3742 1205 3805 ecclesiis

112 3828 256 3905 Graccis,
286 3838 317 3887 ct
344 3826 383 3887 ad
404 3848 511 3887 eorum
530 3826 700 3908 exemplum
721 3846 739 3887 e
759 3826 893 3887 Russicis
912 3848 1054 3909 quoque,
1076 3839 1112 3889 ut
1137 3846 1203 3889 rem

113 3920 234 3992 turpem
266 3919 298 3969 et
327 3910 505 3990 profanam,
534 3908 665 3971 exulare.
710 3910 801 3969 Certe
821 3928 970 3989 nusquam
990 3912 1135 3986 memini,
1154 3929 1206 3969 ma

111 3996 269 4075 vestigium
284 3994 389 4075 organi
406 4004 460 4054 aut
481 3992 558 4055 alius
579 3992 772 4055 instrumenti
784 3992 893 4054 musici
919 3994 952 4055 iu
963 3992 1088 4056 Graecis
1107 3989 1205 4054 eccle-

111 4098 164 4151 pra
181 4096 337 4157 reperisse.

196 4156 268 4251 443.
285 4163 327 4223 A.
344 4180 375 4245 7.
395 4156 479 4255 [762
493 4155 561 4247 aa]
585 4154 795 4243 sportam.
817 4154 888 4221 Non
908 4154 1020 4225 malam
1039 4167 1113 4240 puto
1126 4152 1206 4221 hans
