2975 4892
303 274 383 334 aas
502 269 558 336 ιο.
589 269 670 335 nc.
695 267 846 333 aalma
879 247 1162 342 commutari

296 427 463 510 sigillatas,
486 423 592 507 sigillis
611 443 741 506 nempe,
763 420 821 492 hoc
834 433 878 482 est
892 409 1260 504 imaginibus‚decoratus.
1304 419 1392 482 Ana»

300 512 408 572 stasius
428 509 541 591 passim
560 517 708 567 memorat
726 517 824 566 vestes
844 506 882 566 de
905 505 1059 578 Stauraci‚
1088 505 1119 566 id
1139 515 1184 566 est
1203 503 1315 586 quibus
1336 507 1391 564 in·

299 603 397 656 textae
415 611 530 653 cruces.
573 591 619 650 lta
637 611 707 672 pag.
728 609 796 669 ¹²7·
818 589 880 648 ait:
896 589 977 668 fecit
995 589 1152 648 vestemde
1171 588 1300 648 stauraci
1317 607 1389 650 crem

299 697 384 737 mccc
403 689 432 736 et
448 673 628 756 gammadiis
655 672 744 731 arud
762 685 792 731 et
804 671 1006 755 paratrapetis
1026 673 1105 749 aa's,
1148 670 1179 730 id
1200 671 1390 730 estrcmavit

300 759 365 819 lieri
381 757 542 841 endytam,
568 775 693 837 eamque
712 775 783 815 arae
806 753 950 830 donavit,
979 755 1029 813 cui
1049 755 1161 814 intexta
1181 765 1246 814 erat
1258 733 1390 829 brediae

300 863 413 924 magna
430 863 522 917 crux,
558 849 589 898 et
609 859 663 920 per
682 847 781 897 totum
802 857 937 918 pannum
956 857 1060 896 cruces
1081 856 1210 918 parvae,
1243 856 1384 916 gramna-

299 925 353 985 dia
382 925 421 985 de
448 923 615 1010 qiurdmpio
644 920 753 981 dictae.
796 920 876 980 Nam
895 939 988 980 unam
1008 937 1128 980 crucem
1148 927 1278 1000 quatuor
1297 920 1323 979 Γ
1343 918 1389 979 ad

300 1019 400 1068 rectos
419 1006 545 1090 angulos
565 1005 719 1087 oppositae
744 1001 897 1080 efficiunt,
926 1002 1180 1084 quemadmodum
1199 1005 1231 1062 in
1252 1003 1389 1062 nummis

300 1127 456 1190 Francicis
484 1127 661 1211 quatuorL
688 1122 817 1188 initiales
847 1123 981 1185 nominis
1009 1121 1157 1184 Ludovici
1185 1101 1251 1246 g}
1265 1121 1389 1188 Passim

302 1278 468 1332 occurrunt
496 1271 529 1328 in
556 1267 737 1350 imaginibus
758 1266 790 1326 S.
814 1265 1041 1349 Cluysostomi,
1075 1266 1214 1348 Gregorii
1240 1264 1387 1326 Nazianz.

300 1362 333 1412 et
356 1351 486 1412 aliorum
504 1348 580 1412 tales
599 1366 691 1411 vestm
709 1352 749 1410 de
767 1353 897 1415 stauraci
915 1371 980 1409 curn
1017 1350 1174 1410 anwtarir'is
1194 1349 1232 1408 de
1252 1349 1382 1431 qradra-

296 1435 365 1519 plo.
407 1433 731 1517 Vid.e.c.fig.1x.
762 1433 964 1494 dissertationi
993 1373 1162 1515 bangianae
1189 1429 1227 1490 de
1253 1431 1388 1492 nummis

300 1519 428 1600 Byzant.
450 1518 693 1600 praemissarum.
737 1516 822 1576 Idem
841 1517 1015 1579 Anastasius
1030 1516 1068 1576 dc
1087 1512 1227 1576 Paschali
1249 1513 1288 1574 l.:
1315 1517 1391 1580 sect‘t

302 1615 413 1661 vestem
431 1601 471 1661 dc
491 1615 625 1662 staurace
643 1601 795 1661 habentem
811 1621 945 1683 pavones
963 1612 993 1660 et
1010 1598 1114 1659 obtulit
1135 1611 1243 1658 uestem
1266 1598 1388 1677 cluyso·

301 1684 421 1744 clavam
443 1706 486 1745 ec
511 1705 586 1744 mun
602 1685 778 1769 gemmaque
799 1686 960 1762 corffectam
985 1683 1136 1742 habentem
1157 1681 1310 1740 tarortan
1321 1683 1388 1742 vri·-

301 1768 405 1848 ginum
424 1789 491 1828 arm
504 1769 629 1847 facibus
650 1769 778 1827 accerssis
798 1767 922 1851 mirifice
942 1779 1100 1848 correptam.
1145 1763 1181 1822 ln
1203 1758 1303 1824 Leone
1324 1763 1387 1826 lv.

302 1860 451 1910 memorat
469 1851 568 1910 velum
590 1851 744 1933 acupictile
765 1850 872 1909 babens
892 1845 1019 1929 ffgiem
1042 1848 1167 1908 bousiais
1190 1847 1313 1907 sedentis
1333 1868 1387 1906 su-

296 1954 360 2016 per
389 1955 539 2017 pauoaem
570 1955 671 1992 murm.
714 1931 888 1992 chronicon
918 1933 1077 2010 Casinense
1112 1931 1221 2014 passim
1251 1940 1390 1991 recenset

302 2014 396 2157 illi}
416 2013 978 2159 tittttttntilttltitlt
994 2011 1288 2158 ttttsttil?
1297 2011 1389 2156 ’ii

407 2142 416 2175 r
1293 2141 1303 2173 r
1368 2131 1388 2146 ⁸

295 2176 474 2258 'bullarum
496 2183 619 2258 avium,
640 2180 851 2263 gryphorum,
872 2121 1014 2254 amaturi,
1036 2179 1180 2240 arborum
1202 2190 1260 2238 etc.
1303 2179 1388 2239 Ver·-

303 2263 344 2324 ba
361 2274 432 2324 sunt
456 2263 567 2346 Angeli
587 2263 625 2324 de
646 2264 727 2324 Nuce
748 2264 786 2324 ad
811 2263 884 2324 Chr.
908 2263 977 2342 Cas.
1000 2285 1031 2344 p.
1055 2261 1126 2324 328.
1168 2263 1285 2322 Verum
1304 2273 1390 2324 sunt·

302 2367 344 2490 ii
360 2347 943 2513 cicumeuntes
958 2357 1302 2511 liiiimffliiit
1316 2356 1389 2488 ..ii

302 2512 376 2574 dam
396 2513 573 2576 imitentur?
614 2513 685 2574 Non
704 2526 831 2597 putem,
852 2515 989 2596 quamvis
1009 2473 1081 2574 non,
1090 2514 1234 2590 nesciam,
1257 2531 1292 2572 eo
1311 2521 1388 2572 tem-

302 2602 380 2739 pore
397 2595 473 2659 tales
493 2609 591 2660 vestes
610 2597 701 2659 mise
722 2607 867 2680 gestatas,
890 2595 1051 2678 dequibus
1066 2595 1127 2678 agit
1140 2597 1288 2655 Murator.
1304 2593 1384 2655 Ant.

318 2677 373 2740 tal.
394 2681 435 2740 T.
458 2681 499 2740 ll.
522 2681 594 2744 diss.
617 2679 740 2759 XXV.,
770 2701 847 2766 quac
876 2683 939 2762 agit
964 2679 1003 2740 de
1026 2681 1155 2740 textrina
1182 2677 1275 2739 medii
1294 2679 1387 2756 aevi,

302 2762 359 2823 ubi
378 2763 477 2824 multa
496 2785 617 2848 quoque
635 2765 675 2824 de
694 2786 779 2826 more
806 2765 916 2848 figuras
942 2761 1077 2824 vestibus
1101 2761 1263 2824 intexendi.
1305 2760 1389 2838 Qui-

302 2843 362 2905 bus
382 2845 454 2905 addi
475 2868 517 2928 qu
580 2869 596 2907 e
616 2857 714 2928 potest
740 2845 823 2908 locus
852 2847 976 2927 insignis
1001 2843 1144 2906 lllonachi
1164 2841 1386 2926 sangallensis,

303 2925 359 2986 ubi
378 2869 650 3011 proceresoiutaliae
677 2929 716 2991 ad
737 2928 880 2991 Carolum
898 2931 943 2988 M.
964 2929 1044 3011 apud
1064 2929 1181 2990 Forum
1202 2927 1272 2987 lulli
1292 2947 1390 3008 affla-

303 3020 368 3071 tan
388 3013 583 3087 convenisse,
617 3021 666 3087 et,
700 3015 772 3094 quia
803 3013 926 3073 feriatus
953 3011 1015 3073 dies
1042 3023 1137 3088 esset,
1172 3005 1391 3091 ἠλλαγμένους

303 3095 482 3177 processisse
505 3095 548 3155 ait
573 3093 633 3155 hoc
652 3096 763 3156 modo:
794 3097 926 3170 Caeteri,
954 3109 1050 3180 utpote
1057 3095 1184 3176 firmas
1208 3091 1327 3167 dr'ebus,
1357 3105 1393 3152 et

304 3179 358 3262 qai
384 3177 472 3238 modo
497 3177 535 3238 de
557 3178 660 3261 Papia
680 3181 841 3254 venissest,
879 3179 924 3240 ad
949 3201 1040 3264 quam
1067 3191 1162 3261 arper-
1191 3175 1326 3236 Venetici
1346 3173 1389 3236 de

303 3262 511 3322 aasumensi
529 3261 669 3345 partrbm
688 3283 787 3324 omnes
809 3261 997 3323 orientalium
1023 3261 1146 3322 divitr'as
1165 3259 1386 3336 advectassent,

304 3345 488 3406 Pboertiarm
506 3345 634 3428 pellibus
662 3347 765 3405 avium
798 3344 934 3428 [videtur
965 3355 1084 3428 tergora
1104 3343 1238 3426 plumata
1257 3341 1392 3424 phoeni-

304 3430 436 3509 copteris
456 3449 508 3489 scu
528 3429 662 3511 papagiis
682 3431 846 3489 autetiam
867 3427 966 3489 corvis
986 3427 1096 3488 Indicis
1117 3427 1249 3487 deuecta
1270 3423 1392 3506 signill-

305 3509 391 3593 eare]
412 3523 441 3570 et
456 3533 609 3594 pavoruun
627 3513 802 3574 colliseum
828 3527 907 3593 tergo
933 3524 963 3570 et
985 3511 1078 3572 citatis
1107 3509 1154 3593 [id
1174 3520 1219 3571 est
1237 3505 1388 3589 cirmibrn]

304 3611 381 3652 arax
388 3591 546 3674 florescere
567 3593 642 3677 [hoc
662 3606 708 3656 cst
727 3594 851 3672 ardere,
873 3595 1032 3676 variosque
1052 3593 1172 3656 vibrare
1191 3588 1322 3672 colores]
1343 3593 1392 3650 in·

304 3675 491 3758 aptantibus,
522 3677 617 3754 Tyria
629 3701 785 3762 purpura,
813 3679 864 3738 uei
886 3677 1062 3738 diacedrina
1082 3677 1154 3736 iitra
1174 3673 1248 3760 [hoc
1267 3672 1392 3734 est‘lu-

305 3767 372 3832 tra,
394 3757 444 3819 vel
462 3755 541 3840 pelle
560 3759 692 3833 latrina,
715 3783 793 3843 quae
808 3760 913 3822 induta
935 3771 1010 3821 esset
1023 3781 1125 3844 panno
1138 3761 1234 3819 setico
1245 3755 1390 3820 dicitrino

303 3861 358 3900 seu
397 3839 612 3924 albineo],alii
626 3843 665 3902 de
684 3844 826 3904 lodr'crbus
848 3843 984 3928 [videtur
1003 3843 1128 3926 byssum
1148 3839 1308 3902 candidam
1326 3837 1393 3899 vel-

304 3921 361 4006 le}
419 3926 425 3938 '
517 3925 556 3984 de
577 3926 699 4005 gliribus
725 3926 799 4010 [hoc
820 3939 865 3990 est
885 3927 1022 3988 muribus
1042 3926 1177 3987 Ponticis
1197 3922 1393 4001 vel-herme-

304 4005 375 4067 linis
419 4009 630 4068 circumamicti
653 4011 864 4092 procedebant.
907 4011 1066 4071 Pavonum
1094 4009 1199 4092 pennis
1218 4005 1292 4067 olim
1311 4025 1393 4064 con-

305 4088 420 4167 sectum
439 4089 532 4152 fuisse
559 4090 697 4152 diadema
718 4093 866 4176 pontilicis
895 4093 1024 4154 Romani
1056 4094 1099 4153 ait
1118 4091 1283 4154 Guibertus
1302 4087 1391 4170 apud

304 4172 454 4236 Murator.
475 4173 515 4236 Τ.
538 4174 597 4236 111.
617 4171 821 4258 script-lter.
844 4175 942 4239 Italic.
956 4199 988 4260 p.
1007 4171 1096 4255 bibe
