2975 4892
330 246 413 336 538
561 274 616 342 ro.
645 273 724 342 ue
753 275 901 340 uusm
930 249 1231 342 commurmu'

326 455 422 514 ματα.
463 432 546 517 &go
565 435 700 498 tribunes
720 445 750 497 et
768 433 900 497 tribouia
929 443 1000 496 runt
1018 432 1088 495 illae
1108 445 1206 496 vestes
1225 431 1293 496 lesu
1313 433 1400 498 Chri·
1460 469 1461 474 1

327 520 366 579 sti
387 529 417 578 et
438 517 651 600 Apostolorum
675 518 705 580 iu
726 529 863 579 veterum
882 516 1073 580 ecclesiarum
1095 517 1240 596 musivis,
1261 538 1338 600 quae
1355 517 1401 579 lit-
1460 521 1461 534 ¹

326 611 406 662 teras
426 612 457 662 et
475 602 587 684 figuras
607 602 714 663 litteris
733 598 866 679 similes,
886 599 969 662 sedi
1011 599 1134 662 orabilis
1161 600 1400 683 significationis,
1460 597 1461 600 ¹

326 687 499 766 conspectui
519 685 610 761 dant,
631 685 855 768 perfiequeutes
869 684 950 766 apud
970 622 1163 765 {lampinum
1175 695 1305 766 utroque
1323 695 1400 746 tono
1460 679 1461 700 ¹

325 766 475 828 Veterum
489 770 768 842 Monumentomm,
788 770 840 849 qui
852 770 942 828 etiarn
954 767 1015 826 dei
1088 787 1139 828 um
1150 769 1347 845 institutione,
1360 767 1397 826 si-

326 850 516 932 gnificatione
536 862 567 912 et
593 872 651 913 usn
676 849 772 912 multa
802 851 945 934 disputat.
986 849 1058 909 Aio
1079 847 1169 910 modo
1189 847 1333 912 litteratae
1350 869 1399 910 ve·

327 943 399 1010 stes,
413 955 489 1016 quae
510 955 604 994 uuam
622 935 778 1016 antiquam
798 932 930 994 litteram
950 953 1004 1014 per
1024 941 1122 993 totum
1146 943 1260 993 textum
1279 930 1398 994 mill-ts
1460 1011 1461 1014 Ἴ

326 1015 444 1078 vicibus
463 1019 621 1098 repetitam
635 1017 852 1094 ostendebant,
875 1025 910 1077 nt
930 1015 1063 1078 sicdicta
1075 1015 1268 1098 garnmadzir,
1288 1015 1325 1078 de
1336 1015 1398 1096 qui-
1460 1017 1461 1092 j

326 1095 386 1159 bus
406 1099 466 1160 alio
485 1098 564 1162 loco.
607 1098 680 1161 Alio
701 1099 831 1182 denique
849 1099 941 1160 modo
960 1096 1171 1160 litterabantur
1184 1110 1293 1176 vestes,
1308 1117 1397 1180 quiam

326 1178 367 1240 dn
387 1184 509 1243 uomina
529 1185 718 1264 gerentium,
753 1183 918 1243 autetiam
949 1184 1083 1264 integrae
1115 1183 1278 1242 sententiae
1297 1183 1400 1241 intexe·

245 1309 253 1324 .
325 1271 443 1324 rentur.
486 1264 613 1327 Casulae
632 1263 805 1328 nominibus
825 1269 1035 1348 episcoporum
1062 1267 1141 1326 intra
1163 1263 1322 1324 circulares
1340 1283 1401 1322 ara·

326 1366 360 1406 ns
379 1345 498 1410 intextis
518 1343 677 1431 coopertae
697 1350 813 1426 insigne
839 1346 1007 1432 exemplum
1036 1346 1128 1407 babet
1148 1347 1271 1408 Rubeus
1290 1347 1327 1408 1..
1349 1345 1398 1406 lll.

326 1428 408 1490 Hisc
428 1431 567 1493 Raveun.
590 1431 714 1493 adAu.
736 1431 820 1509 515,
843 1431 924 1492 unde
945 1427 1045 1492 locum
1066 1427 1168 1491 attulit
1187 1430 1239 1489 Du
1260 1429 1360 1511 Gange
1374 1448 1401 1488 v.
1460 1439 1461 1508 j

325 1510 520 1596 Dtptrclumt.
562 1513 685 1575 Habent
706 1535 828 1598 quoqne
841 1513 948 1574 Graeci
969 1514 1000 1572 in
1020 1533 1105 1574 more
1122 1513 1272 1596 positum,
1294 1523 1330 1572 nt
1347 1513 1403 1571 suis
1460 1525 1461 1578 1

324 1592 456 1675 σι’λητσϊς
481 1617 533 1658 seu
553 1599 770 1682 corporalibus,
792 1598 830 1658 de
852 1597 963 1680 quibus
987 1595 1050 1656 vid.
1070 1595 1109 1656 ud
1129 1617 1162 1678 p.
1179 1597 1228 1678 39.
1242 1593 1277 1656 C.
1297 1613 1402 1676 9.,no·
1460 1609 1461 1678 j

325 1678 408 1777 mina
428 1679 638 1777 episcoporum
672 1681 847 1742 inscribunt.
891 1679 1034 1777 §operest
1054 1678 1160 1777 ,adhuc
1182 1682 1261 1775 inter
1281 1678 1402 1758 insignia

324 1763 606 1929 σασα
620 1760 1205 1907 Mltrltttmestet
1220 1761 1401 1924 emes:
1460 1829 1461 1856 ψ

324 1925 469 1989 Solebant
488 1931 658 2011 principum
678 1928 870 1990 orientalium
903 1929 1027 1988 nomina
1059 1947 1122 1990 non
1142 1925 1258 1987 vexillis
1277 1936 1400 2000 tantun,
1460 1935 1461 1976 l

325 2008 379 2070 sed
400 2014 490 2071 etiam
510 2014 641 2093 pannis,
663 2012 716 2093 qui
737 2013 769 2073 iu
789 2032 895 2073 eorum
917 2009 1038 2071 fabricis
1058 2011 1206 2072 vestiariis
1226 2008 1402 2070 conficeren-

326 2101 380 2152 tur
396 2105 427 2154 et
450 2092 531 2154 dono
556 2095 749 2156 mitterentur
780 2093 819 2156 ad
840 2105 955 2156 exteros
976 2103 1029 2154 aut
1048 2115 1186 2178 proceres
1207 2091 1401 2162 domesticos,
1460 2103 1461 2134 l

324 2175 437 2249 intexi,
459 2197 520 2258 qua
541 2176 580 2237 de
599 2198 634 2238 re
653 2177 692 2238 ad
714 2177 898 2239 Abnlledam
918 2177 992 2238 dixi.
1035 2173 1234 2237 Memorabile
1252 2187 1307 2250 ist,
1325 2171 1401 2256 qnod
1460 2147 1461 2210 l

325 2269 429 2318 narrat
452 2269 558 2319 auctor
592 2259 644 2320 des
659 2261 855 2322 vertinderten
876 2260 1075 2334 Ησσσὶασᾰεσ,
1091 2281 1124 2320 se
1144 2257 1255 2320 vidisse
1275 2259 1308 2317 in
1327 2267 1403 2316 cata-

325 2339 442 2401 cumbis
461 2339 668 2424 imperialibus
688 2346 830 2406 Mesenae
857 2353 1030 2427 tegumenta
1049 2345 1143 2404 serica
1162 2339 1329 2422 sandapilis,
1353 2359 1403 2397 re-
1460 2355 1461 2388 l

324 2432 404 2484 teres
424 2424 533 2486 Czaros
555 2426 754 2488 condentibus
778 2430 914 2502 instrata,
940 2447 1069 2509 quornm
1091 2445 1162 2486 orae
1181 2446 1238 2506 per
1258 2423 1401 2483 ambitum
1460 2425 1461 2490 ᾗ

325 2506 473 2589 scriptura
492 2519 523 2568 et
542 2530 680 2570 sermone
700 2510 826 2572 Russico
853 2513 980 2589 insuto,
1010 2529 1072 2570 non
1094 2509 1151 2568 fitis
1170 2507 1403 2590 sericistanreis·
1460 2523 1461 2580 1

325 2607 381 2665 ve,
404 2590 456 2650 sed
477 2593 602 2652 minutis
627 2594 797 2676 margaritis
821 2592 851 2653 in
881 2595 1007 2676 liguram
1027 2593 1195 2653 litterarum
1215 2589 1404 2650 Russicarum
1460 2587 1461 2598 ¹

325 2671 534 2754 coordinatis,
562 2686 645 2758 gesta
680 2688 710 2738 et
730 2676 792 2738 lata
815 2677 959 2759 cuiusque
980 2675 1078 2737 Cauri.
1132 2673 1193 2734 Sed
1213 2672 1252 2733 de
1271 2671 1405 2732 litteratis

324 2753 375 2816 bis
394 2757 527 2818 vestitus
553 2761 653 2819 veniet
681 2760 758 2820 forte
778 2758 853 2820 alius
885 2758 1014 2841 amplior
1033 2757 1152 2818 dicendi
1172 2755 1264 2816 locus
1308 2753 1404 2814 Redeo

325 2836 366 2897 ad
386 2834 558 2920 γραμμᾶτα
572 2841 679 2918 ¹mea,
701 2863 781 2924 qnae
799 2853 925 2924 possunt
946 2841 1067 2902 tandem
1088 2859 1210 2922 qnoque
1239 2835 1318 2898 telae
1346 2855 1404 2896 esse

324 2917 485 2983 bominum
494 2945 634 2985 rerumve
644 2925 824 3007 imaginibus
841 2937 973 2986 ornatae.
995 2921 1194 2984 Memorabile
1205 2931 1251 2981 est
1265 2919 1347 3002 quod
1366 2921 1405 2978 ait
1460 2995 1461 3000 η

325 3003 492 3080 cedrenus,
514 3027 571 3068 suo
583 3017 720 3089 tempore
732 3009 764 3068 in
777 3006 909 3090 tulpauis
929 3019 1058 3090 gestasse
1072 3005 1210 3066 CPtanos
1228 3015 1404 3085 gemmata.
1460 3001 1461 3046 ἕ

325 3084 457 3148 Vivebat
467 3089 567 3150 medio
578 3079 702 3150 saeculd
712 3091 771 3150 XI.
786 3090 900 3151 Coniici
914 3092 973 3151 iam
988 3100 1088 3173 posset
1100 3109 1155 3172 per
1167 3097 1332 3170 grammata
1359 3085 1406 3145 in·

324 3167 419 3252 telligi
432 3190 495 3231 non
509 3170 583 3233 alias
592 3171 766 3255 telasquam
785 3175 880 3256 pictas
894 3172 1072 3256 imaginibus
1088 3172 1248 3234 hominum
1256 3187 1406 3244 runmre,
1460 3207 1461 3230 l

326 3252 638 3332 nonlitteratas,non
650 3256 792 3331 radiatas,
813 3255 902 3339 idque
922 3278 957 3317 ex
977 3276 1014 3317 co
1035 3257 1163 3316 loannes
1182 3253 1406 3314 Cantacurenus

325 3335 447 3397 saeculo
466 3338 552 3396 xlv.
575 3338 668 3399 refert
688 3359 744 3400 suo
763 3351 900 3420 tempore
924 3339 982 3399 boc
1002 3349 1152 3422 gestamen
1174 3339 1207 3396 in
1229 3357 1288 3398 usu
1309 3333 1406 3394 titisse.

325 3417 430 3480 Verba
450 3423 515 3480 eins
541 3432 612 3482 sunt
631 3423 668 3490 1,
688 3422 745 3482 111.
767 3443 794 3483 o.
815 3421 879 3501 56,
906 3421 959 3483 ubi
981 3421 1020 3484 de
1041 3422 1120 3482 fastu
1151 3419 1274 3480 loannis
1295 3415 1407 3499 Glycis,

325 3501 514 3602 patriarchae
525 3504 651 3582 CPtani,
671 3503 824 3587 loquitur:
847 3499 905 3586 τήν
925 3501 979 3566 ἐπὶ
996 3503 1052 3586 τῆς
1063 3502 1203 3587 κεφαλῆς
1218 3501 1407 3576 ,κάλυπτρασς

324 3602 366 3658 ην
386 3579 461 3654 τούς
490 3582 692 3667 πατριάρχας
721 3591 831 3670 φορεῖν
850 3581 951 3666 ἔθος,
975 3577 1015 3648 dv
1034 3581 1079 3690 pp*
1098 3585 1155 3647 roi
1173 3579 1331 3663 τάγματος
1349 3569 1409 3641 ὦσι

325 3662 388 3724 roi'v
407 3661 619 3748 μσναζόντων,
640 3665 737 3754 ὄθόνῃ
752 3667 846 3754 λευκῇ
866 3672 1127 3749 περιειλημμενην
1140 3663 1293 3749 πρότερον
1314 3657 1409 3732 αὐτὸς
1460 3709 1461 3766 ,

326 3742 541 3828 κατεκόσμησε
559 3751 690 3830 χρυσῶ,
720 3747 843 3824 εἰκόνας
857 3751 948 3834 αὐτῇ
966 3750 1023 3813 τσῦ
1042 3750 1230 3831 recursione
1251 3745 1340 3827 ἧμόν
1361 3744 1409 3823 ἐγ-
1460 3781 1461 3794 1

322 3821 452 3928 γράψας
469 3827 573 3910 Ἰησοῦ
592 3813 738 3913 Χρῖστσῦ
757 3834 813 3896 καί
831 3835 887 3914 τῆς
901 3827 1051 3914 τεκούσης
1072 3823 1171 3894 ao'rdv
1184 3827 1338 3893 θεστόκσσ
1360 3825 1411 3888 ani
1460 3807 1461 3898 l

328 3908 469 3971 Ιωαννου
505 3912 564 3972 τοῦ
591 3915 784 3983 Bemmari.
828 3919 955 3980 Veteres
988 3938 1109 4000 quoque
1134 3917 1268 3976 Graecus
1300 3916 1334 3973 in
1353 3913 1411 3972 suis
1460 3899 1461 3978 l

326 3991 459 4069 capitum
469 3993 612 4076 calyptris
635 3997 713 4073 ζῶα,
734 3999 766 4060 id
785 4011 831 4062 est
850 4003 1007 4147 impgiues,
1029 4011 1160 4082 gestasse
1171 3997 1410 4060 testaturDemo
1460 3979 1461 4050 l

327 4073 420 4134 oritus
439 4076 630 4159 Ephesium:
662 4077 702 4145 rai
734 4080 771 4145 δὲ
800 4084 863 4146 τῶν
926 4076 1015 4146 ciros
1034 4081 1157 4166 ἰοβαφῆ
1190 4077 1246 4143 καί
1263 4075 1411 4162 πορφυρᾶ

1460 4277 1461 4344 l

1460 4391 1461 4444 l
