2975 4892
206 335 266 402 ω)
294 332 523 400 cossam.
545 331 699 405 ronan.
723 331 781 397 on
808 328 948 397 cmm
974 330 1050 397 sn.
1078 333 1106 395 1.
1137 301 1223 389 205

126 492 168 552 in
187 489 225 550 S.
247 488 360 573 Sophia
387 510 407 550 a
428 510 462 550 ae
487 487 610 550 condita
637 486 791 561 dedicata,
827 486 923 547 fundo
950 506 1063 562 aureo,
1097 484 1150 547 sed
1171 487 1223 549 cui

123 576 284 635 noun-itae
311 592 470 655 gemmm,
503 572 703 655 margaritae,
736 581 895 653 argentum
925 568 1061 651 aliaeque
1079 572 1223 630 materiae

127 660 288 739 pretiosae
308 656 458 716 admixtae
486 667 517 716 et
540 658 572 716 in
593 676 687 715 unam
706 674 835 715 massam
863 652 1008 714 conflatae
1028 661 1118 734 atque
1137 652 1223 713 colli·

127 752 251 821 quatae
271 750 378 815 erant,
412 760 453 799 an
471 740 594 799 tandem
617 739 709 797 fuerit
726 732 889 815 χυμευτόν
915 737 1100 808 smaltitum,
1132 736 1222 818 quale

126 835 278 883 nostrum
303 822 484 882 hodiernum
504 834 570 898 est3
601 833 654 881 aut
675 821 734 881 alia
755 820 903 901 quaedam
927 822 1003 879 ratio
1027 820 1170 901 imagines
1190 820 1222 879 in

125 904 268 967 metallis
287 906 443 988 pingendi.
487 904 580 964 Nulla
600 904 709 965 harum
730 904 973 973 coniecturarum
1000 913 1082 963 caret
1105 904 1219 985 specie,

122 990 221 1072 quod
242 987 280 1048 de
301 987 616 1071 singulisostendarn.

219 1073 323 1133 Fusile
341 1069 536 1153 appellabant
558 1072 677 1145 Latini,
700 1080 736 1130 nt
755 1070 839 1149 dixi,
860 1070 1031 1151 oppositum
1053 1090 1124 1131 cuso
1145 1067 1223 1133 mal-

125 1154 202 1216 leis.
243 1152 451 1215 Memorabilis
478 1167 524 1216 est
552 1154 636 1215 locus
657 1155 738 1235 apud
767 1154 819 1213 Du
842 1152 943 1235 Cange
961 1174 994 1215 v.
1024 1152 1157 1231 Absaiio,
1189 1150 1222 1217 id

126 1249 181 1299 est
200 1237 357 1320 sandapila
376 1236 512 1318 reliquiis
531 1248 704 1298 sanctorum
723 1248 846 1313 onusta.
887 1236 1020 1311 Absida,
1051 1258 1141 1321 quom
1166 1235 1221 1295 de·

111 1322 285 1402 serebant,
317 1322 498 1399 eratfiodis
517 1344 559 1381 ex
578 1343 653 1381 auro
672 1334 702 1380 et
719 1334 859 1401 argemo,
888 1320 969 1404 quod
986 1320 1123 1379 ekctrum
1142 1319 1223 1379 dici-

128 1417 194 1464 tur.
238 1403 360 1463 Scilicet
380 1402 433 1463 illa
454 1426 475 1463 a
491 1408 677 1484 composito,
706 1424 767 1484 qua
786 1404 825 1463 ad
845 1406 913 1463 auri
930 1414 992 1463 tres
1012 1414 1112 1485 partes
1133 1422 1221 1484 quar·

126 1487 293 1569 taargenti
314 1486 481 1565 accederet,
501 1489 639 1547 electrum
659 1485 877 1547 dicebatnrillo
891 1507 986 1562 aev03
1001 1507 1032 1546 v.
1048 1485 1216 1547 Chilmead.

126 1570 174 1630 ad
193 1570 301 1630 Malal.
322 1570 362 1629 T.
379 1568 421 1627 ll.
444 1591 474 1651 p.
499 1571 567 1631 161.
591 1582 621 1629 et
640 1570 707 1637 DC,
724 1591 757 1630 v.
788 1568 891 1627 Freda
912 1580 941 1629 et
972 1568 1056 1651 Capu
1075 1590 1140 1629 cnm
1160 1570 1220 1629 aa·

127 1654 304 1713 maula.
348 1652 522 1735 Utramque
545 1653 627 1714 idem
646 1650 729 1712 valet
742 1697 751 1729 ,
761 1654 859 1730 firsile
877 1662 907 1711 et
924 1652 1079 1726 electi-rom
1112 1670 1221 1733 nempe

126 1736 271 1813 elwa,
294 1734 483 1817 eliquatum,
503 1737 626 1813 fusum3
647 1736 783 1817 adeoque
799 1735 877 1794 idem
900 1756 969 1794 oum
988 1734 1138 1817 χυμευτῷ
1158 1747 1221 1794 'esse

129 1830 258 1901 potest,
280 1828 311 1877 et
330 1830 496 1899 potuerunt
524 1830 627 1879 secuta
649 1830 787 1900 tempora
816 1817 895 1877 idem
915 1811 1093 1893 χυμευτὸν,
1123 1814 1221 1877 idest

127 1896 257 1982 χυμὸν,
286 1900 471 1982 appellasse,
500 1903 582 1984 qnod
611 1904 726 1984 priores
751 1901 873 1979 farsum,
907 1899 994 1961 fusile
1013 1910 1043 1959 et
1064 1897 1218 1961 electrum.

131 1985 178 2045 At
197 1984 275 2065 quid
294 1995 365 2043 sunt
393 1987 535 2066 imagines
545 1986 640 2067 fusili
666 2006 754 2070 opere
774 1986 915 2044 cadaloe.
960 1983 1133 2043 Chronioon
1153 1982 1223 2043 Ab·

130 2066 235 2126 batiae
254 2066 289 2125 S.
310 2067 470 2127 Trudonis
488 2071 525 2128 L.
545 2068 604 2128 Vl.
627 2092 659 2150 p.
683 2068 755 2148 403.
779 2067 861 2149 apud
879 2068 931 2126 Du
951 2067 1052 2149 Cange
1069 2076 1218 2127 memorat
1226 2066 1273 2121 Ed
1283 2066 1312 2122 t.
1322 2068 1358 2123 65

122 2151 313 2233 Peloriadem
339 2152 420 2211 intus
447 2152 599 2213 habemem
626 2143 815 2234 imaginiolas
836 2152 932 2231 finili
957 2171 1045 2234 opere
1077 2150 1218 2211 caelatam

131 2233 204 2295 Non
221 2254 345 2314 possum
364 2234 452 2294 aliter
473 2239 575 2297 animo
598 2240 683 2295 conci
739 2256 866 2317 equam
884 2234 973 2295 luisse
986 2233 1120 2315 pelvim,
1142 2253 1221 2315 quae

129 2337 195 2377 non
212 2338 286 2376 casa
303 2316 434 2394 malleo,
456 2319 508 2378 sed
523 2341 542 2379 e
563 2258 764 2379 crucibuiiset
783 2318 880 2379 forma
901 2318 1031 2400 quadam
1048 2317 1219 2399 argillaoea,

130 2399 386 2543 illidam
403 2400 1219 2563 Pit,{Stilltiltt‘ttizittltstaql?

126 2566 243 2625 souare
260 2504 505 2649 οαεὶἓιιὲῗῳςυεε
529 2570 602 2631 citat
622 2570 731 2629 Petrus
750 2568 917 2628 Damianus
942 2572 975 2627 in
996 2506 1123 2626 VitgayS.
1143 2566 1220 2626 Odi-

131 2646 224 2709 lonis.
267 2649 343 2709 Nara
365 2650 441 2711 alias
456 2652 662 2713 contradicere
679 2652 737 2712 sibi
760 2652 899 2724 videtur,
924 2653 976 2731 qui
986 2651 1139 2727 sterilitate
1156 2669 1220 2709 cae·

129 2732 229 2791 latim
249 2731 333 2793 dicit
378 2733 599 2816 decipiendum
618 2736 711 2817 igitur
735 2734 918 2794 vocabulum
938 2733 1067 2793 caelatur
1085 2752 1142 2815 pro
1163 2730 1220 2801 ha-¹

131 2812 227 2875 trente
245 2814 356 2897 figuras
377 2828 553 2895 exstantesp
576 2839 768 2901 easquenon
788 2817 871 2877 caelo
892 2814 1072 2897 insculptas,
1108 2815 1161 2875 sed
1181 2815 1222 2875 ab

130 2894 187 2956 illa
210 2896 329 2976 forma,
357 2901 389 2959 in
415 2912 507 2983 quam
529 2906 609 2963 eitra
632 2902 861 2979 mansuetum,
891 2898 947 2960 sub
967 2902 1030 2981 ipsa
1051 2899 1169 2959 lusione
1190 2909 1221 2960 et

131 2979 340 3063 congelatione
372 2984 541 3065 impressas.
582 2987 696 3046 Fuitne
729 2984 797 3045 talis
827 2996 947 3069 quoque
974 2984 1095 3063 discus,
1127 3002 1220 3064 quem

129 3066 274 3147 speciosa
293 3068 469 3147 inraginibus
495 3071 632 3129 inconsh's
659 3070 832 3152 imcalptam
862 3069 935 3128 dicit
957 3066 1083 3127 loannes
1104 3066 1219 3125 Dama·

127 3168 245 3208 scenos
265 3150 299 3208 in
319 3150 470 3232 Synodion
489 3152 527 3212 ad
548 3152 755 3233 Theophilum
772 3153 1004 3234 Imperatorem:
1027 3148 1221 3231 ψηλάφησον
1330 3147 1340 3179 ‘

131 3230 191 3290 xci
210 3226 262 3291 ἴδε
289 3227 342 3293 τὸν
360 3234 506 3313 μέγιστον
527 3234 625 3295 αὐτοῦ
646 3233 768 3313 δίσκον,
804 3237 849 3307 εἰς
882 3228 975 3312 ὅνπερ
1007 3231 1222 3310 ἐγκαυστικοῒς

131 3309 399 3395 καλλιεργὴμασιν
428 3313 616 3396 ὁμυστικός
645 3319 704 3378 τοῦ
724 3318 870 3399 Χριστοῦ
898 3315 1020 3384 daturne
1045 3307 1126 3390 μετὰ
1158 3311 1223 3373 τῶν

134 3390 260 3457 δώδεκα
276 3391 476 3462 numitor
496 3395 711 3482 ἐγκεκόλαπτο.
755 3400 956 3483 Intelligerem
977 3396 1096 3471 locum,
1120 3396 1144 3456 si
1160 3394 1224 3454 Au·

131 3489 202 3540 otor
222 3493 276 3541 aut
297 3483 446 3544 omisisset
465 3482 698 3563 ἐγκαυστικοῖς,
735 3496 788 3545 aut
806 3504 861 3566 pro
877 3481 986 3541 ultima
1006 3502 1080 3541 voce
1102 3476 1223 3539 dixisset

131 3558 339 3709 sim
366 3563 1222 3710 33115333310,pppis,,sigim

132 3748 192 3789 sua
209 3732 411 3813 imprimeret.
453 3732 598 3818 Adeoque
613 3672 712 3803 ,cmiii
727 3730 768 3794 τὰ
790 3667 1222 3813 ἐγκαυσὲικῗκαλλξίργήῗιὶ·

131 3832 174 3871 τα
196 3812 350 3875 formosae
374 3816 518 3897 imagines
539 3840 593 3900 per
614 3818 761 3877 lirsionem
783 3820 954 3899 impressae.
999 3815 1063 3876 Aut
1082 3817 1124 3876 sic
1145 3833 1221 3897 quo-

129 3915 193 3977 que
214 3906 314 3977 potest
334 3896 418 3959 locus
439 3900 542 3962 reddi:
577 3900 743 3982 Insculptas
772 3899 855 3961 coelo
878 3900 988 3982 figuras
1009 3899 1149 3978 deinceps
1169 3916 1221 3955 co-

130 3976 250 4041 loribus
277 3985 480 4062 incrustatas,
511 3996 542 4044 et
570 3984 625 4045 hos
651 3987 767 4045 colores
798 4004 889 4066 super
914 3984 982 4067 igne
1010 3984 1082 4044 vivo
1103 3977 1221 4041 inustos

131 4060 237 4125 hiae.
280 4066 353 4142 Quo
373 4066 412 4127 de
427 4086 535 4149 genere
555 4070 691 4151 picturae
710 4067 851 4150 deinceps
872 4066 1000 4127 dicetur.

211 4148 287 4208 Dixi
307 4169 422 4230 pon-o,
445 4142 479 4209 ri
500 4147 666 4229 parisatis·
681 4172 745 4211 ease
759 4171 844 4231 posse
864 4148 947 4210 illam
961 4148 1219 4231 compositionem,

131 4246 222 4311 quara
242 4232 355 4297 Graeci
378 4234 451 4297 novi
472 4231 647 4297 elechinam
675 4232 847 4319 appellant,
876 4254 997 4297 mensae
1024 4229 1220 4315 magnificen-
