2975 4892
162 315 217 382 an
245 315 466 384 consular.
494 314 642 383 ronan.
669 319 724 382 nn
759 315 1050 384 carneuna.
1095 289 1177 376 601

110 485 205 555 uum,
225 471 308 536 velut
338 473 482 552 Christo,
506 477 674 534 reverentia
694 473 754 536 diei
781 475 902 537 Christo
928 477 1025 550 sacri,
1052 495 1184 540 vacuum

111 558 282 640 relinquere.
328 557 373 618 Et
397 557 435 618 de
459 557 517 618 boc
545 555 680 640 intelligo
708 557 808 618 locum
828 559 926 620 Nostri
960 558 1039 620 infra
1057 579 1089 644 p.
1109 559 1180 620 311.

111 643 148 702 D.
183 653 321 722 antepen.
377 640 448 701 Pari
471 640 561 700 modo
586 641 658 700 item
686 641 894 722 praesentibus
931 641 1035 724 legatis
1077 643 1183 704 exteris

112 724 297 786 ostentandae
322 743 412 787 causa
441 723 609 784 devotionis
643 744 712 805 erga
734 745 806 786 suae
836 724 987 808 religionis
1009 735 1180 801 auctorem,

113 807 141 868 in
156 807 291 867 Conciliis
320 805 419 866 stabat
430 809 460 866 in
482 826 599 868 summo
626 805 756 868 tbmnm
772 827 884 868 vacuus
903 828 972 867 cum
993 808 1131 890 imposito
1152 817 1184 868 et

111 888 222 972 pubhce
244 889 376 970 exposito
404 888 638 972 Evangeliorum
657 889 781 964 codice,
812 889 895 950 velut
924 889 1044 950 Christo
1063 909 1183 952 summo

111 973 224 1033 doctore
241 972 444 1054 praesidente,
467 983 497 1032 et
521 993 540 1032 a
566 974 685 1032 sinistra
712 971 867 1054 aliquanto
901 971 1025 1034 inferior
1056 971 1184 1034 thronus

112 1055 314 1137 imperatoris,
335 1066 370 1114 ut
392 1054 494 1115 videre
514 1064 559 1115 est
587 1053 620 1114 in
637 1057 768 1137 imagine
786 1055 867 1138 apud
893 1053 1096 1128 Bandusiae,
1123 1075 1183 1116 un-

110 1134 143 1197 de
162 1139 277 1220 repetiit
308 1137 467 1197 Fabricius
490 1148 560 1198 ante
583 1135 737 1198 Volumen
761 1139 820 1198 Xl.
850 1135 1055 1198 Bibliothecae
1085 1139 1184 1198 Grae*

61 1223 65 1232 '
111 1239 165 1280 eae.
205 1220 332 1302 insignis
346 1230 390 1280 est
403 1220 505 1281 Nostri
527 1218 610 1280 locus
623 1220 700 1280 iulia
714 1221 823 1304 p.1359.
841 1221 893 1299 lt,
907 1220 1082 1282 ubidicitur
1096 1219 1184 1281 thro-

109 1323 161 1376 no,
187 1303 307 1364 Arcadii
331 1303 435 1380 dicto,
467 1301 609 1363 insedisse
633 1302 788 1363 Romanus
810 1305 913 1364 lnnior
940 1303 1032 1384 imp„
1054 1301 1093 1363 ad
1117 1305 1183 1364 eius

110 1387 247 1445 sinistram
273 1406 346 1446 rero
376 1387 489 1447 stetisse
515 1385 661 1446 thronum
681 1385 868 1446 Constantini
884 1405 1025 1446 vacuum.
1070 1385 1183 1468 imagi-

109 1487 155 1608 pues
175 1478 273 1530 tamen
304 1489 435 1530 uacuum
464 1467 545 1529 hunc
576 1467 723 1530 thronum
754 1467 940 1552 imperialem
960 1489 1109 1552 nusquam
1130 1489 1183 1532 ex·

130 1550 216 1610 Mt·
705 1549 711 1566 .

160 1633 226 1694 301.
238 1633 274 1694 C.
292 1653 324 1716 9.
346 1630 433 1716 [ian
453 1631 518 1716 rs]
540 1629 845 1716 donpopmoloflr'ur.
887 1631 929 1692 In
948 1631 1081 1696 interulis
1094 1645 1182 1720 atqroe

107 1715 225 1777 colobiis.
260 1715 368 1777 -veltm
383 1719 425 1776 sic
448 1717 481 1776 in
500 1718 616 1778 Latinis
636 1715 753 1798 reponi.

179 1798 213 1860 C.
236 1797 352 1882 penult.
383 1798 476 1882 [ὅπῃ
503 1796 562 1884 sp]
592 1795 895 1876 α’ποσυνοψίζεσθαι.
940 1795 1049 1859 Denuo
1065 1797 1178 1860 nidere.

107 1876 171 1960 Egit
187 1882 223 1943 de
241 1882 344 1943 verbis
363 1881 545 1958 συνοψίζειν
567 1893 597 1942 et
631 1877 880 1958 ἅποσυνοψίζειν
900 1890 930 1941 et
950 1877 1180 1958 ἅποσυνοψιζε-

107 1963 176 2022 σθαι
195 1966 245 2024 Du
269 1965 373 2046 Cange
392 1965 424 2023 in
448 1963 496 2025 Gl.
517 1964 573 2024 Gr.
625 1961 684 2024 Hic
712 1972 839 2034 tantum,
855 1961 1002 2040 monebo,
1031 1961 1063 2022 id
1094 1961 1181 2024 verbi

106 2051 161 2104 um
176 2045 307 2108 insolens
321 2057 499 2108 autnorum
514 2067 576 2107 non
595 2065 682 2122 esse,
699 2067 791 2128 quam
813 2045 960 2107 videatur.
1002 2043 1081 2106 Sane
1100 2035 1180 2106 ὅπο-

108 2138 168 2205 ute,
191 2140 366 2213 conspectus
397 2131 505 2203 amici,
535 2139 699 2192 conventus
719 2149 789 2189 cum
814 2129 911 2190 arnico
930 2136 998 2210 post
1019 2125 1180 2212 cligualem

107 2207 288 2292 mennam,
318 2214 442 2285 rechin,
480 2207 554 2290 (dud
589 2213 670 2272 enim
699 2213 733 2271 in
769 2211 826 2272 bac
850 2211 1066 2295 compositione
1098 2210 1179 2274 idem

108 2293 180 2373 quod
197 2318 229 2356 re
245 2293 364 2378 valet‚)
384 2295 534 2376 reperitur
553 2295 586 2356 in
605 2293 790 2377 Antbologia
823 2315 856 2378 p.
872 2295 921 2359 53.
934 2315 965 2357 u.
987 2293 1080 2374 ²75·=

216 2391 309 2476 ἡμεῖς
332 2393 361 2454 d'
383 2380 448 2455 οὔτ’
469 2388 563 2474 darie
584 2391 802 2472 ἕπιβαίνομεν,
824 2381 890 2454 οὔτ’
909 2389 944 2454 le
964 2389 1084 2473 α’πόψει

256 2472 416 2558 γιγνόμεθ’
435 2471 479 2548 ὥς
499 2473 580 2554 αἰεὶ,
600 2470 743 2554 Brioula,
764 2475 820 2538 καὶ
837 2466 999 2558 πρότερον.

107 2573 174 2637 Vult
198 2576 319 2640 dicerer
338 2595 400 2638 nou
415 2575 627 2659 congredimur
649 2584 684 2636 ut
701 2574 786 2636 olim.
836 2573 980 2636 Solebant
1001 2584 1102 2636 autem
1123 2595 1180 2658 po·

106 2658 239 2722 tissimum
258 2663 293 2722 in
315 2659 425 2721 Piraeo
452 2670 483 2720 et
512 2661 546 2720 in
563 2655 716 2719 littoribus
731 2657 856 2718 urbium
873 2657 1091 2720 maritimarum
1105 2679 1178 2720 con·

106 2744 199 2804 venire
220 2755 250 2806 et
275 2743 316 2806 de
341 2744 432 2804 novh
458 2741 549 2803 rebus
574 2741 719 2802 sciscitari
751 2751 841 2822 atque
862 2741 986 2815 audire,
1016 2750 1051 2799 ut
1079 2739 1128 2800 vel
1160 2761 1179 2804 e

106 2822 162 2885 tolo
181 2827 289 2905 Plauto
303 2834 430 2888 constat.
473 2825 509 2885 ln
521 2824 627 2885 eadem
643 2821 830 2906 Antbologia
847 2846 878 2906 p.
898 2824 972 2906 471.
995 2823 1074 2882 circa
1087 2821 1179 2884 linem

107 2915 146 2966 en
163 2904 375 2986 tino'meodm,
399 2929 498 2968 rursus
515 2907 636 2981 vadere,
658 2901 681 2987 ἢ
699 2902 777 2967 πάλι
790 2897 1016 2988 τὴντρυφερῆν
1036 2901 1178 2966 Σκύλλαν

106 2982 297 3069 ἐποψόμεθα.
338 2991 395 3052 Est
437 3011 537 3052 rorsus
557 2989 636 3051 idern
655 2981 751 3050 aditu
768 2981 961 3066 α’ποψόμεθα
983 2997 1072 3071 atque
1088 2989 1113 3050 si
1129 2987 1178 3048 di·

106 3071 184 3134 ¹isset
201 3069 296 3137 πάλιν
328 3064 371 3133 αὖ
422 3066 561 3152 pineda.
604 3073 683 3134 Nam
708 3061 754 3133 nd
787 3073 836 3132 vix
860 3069 900 3132 ab
921 3067 976 3132 ἀπ’
996 3070 1087 3148 (unde
1111 3061 1176 3132 cinti

106 3149 228 3293 ganum)
245 3155 493 3239 pronuntiatione
520 3154 632 3218 differt.
681 3155 729 3216 Ita
748 3145 1005 3236 dnounrn'yendnt
1021 3175 1054 3237 p.
1075 3151 1122 3234 14.
1133 3151 1175 3214 Δ.

125 3278 132 3292 ·
165 3259 259 3300 rursus
281 3259 373 3302 noue.

136 3281 223 3386 lbos.
237 3322 277 3387 A.
298 3343 323 3386 1.
344 3319 430 3404 [522
447 3317 493 3403 m]
527 3321 572 3406 τῷ
590 3312 671 3384 aurci
692 3313 750 3400 vir
772 3315 894 3400 ἡμέραν
915 3309 1178 3400 παραδυναστεῦ-

106 3415 175 3461 σπι.
215 3403 354 3468 Difficilis
370 3404 420 3464 bic
441 3403 526 3466 locus
546 3427 615 3468 cnm
637 3414 765 3486 propter
784 3405 881 3504 ipsam
907 3421 1012 3462 vocem
1031 3397 1178 3478 παραδυ-

106 3481 268 3566 mutim,
289 3498 357 3548 tum
396 3498 499 3568 ropter
517 3487 653 3550 additum
665 3479 745 3546 κατὰ
766 3505 823 3566 την
841 3481 976 3566 ἡμέραν.
1018 3481 1178 3564 Colligitur

106 3509 447 3632 enucleatissimis
471 3582 630 3632 auctorum
643 3581 690 3634 sat
720 3569 909 3645 numerosis,
946 3567 978 3626 in
994 3565 1103 3647 quibus
1119 3561 1179 3626 τοῦ

106 3647 424 3728 παραδυναστεύοντος
451 3651 487 3714 iit
507 3659 641 3727 mentio,
663 3651 764 3738 plures
789 3651 882 3714 unse
908 3647 1015 3710 eodem
1041 3659 1178 3730 tempore

106 3726 132 3785 ln
166 3733 233 3794 aula
262 3736 568 3817 paradpnasteuontas
601 3759 656 3800 seu
688 3735 800 3796 amicos
831 3733 975 3815 principis
1011 3728 1177 3812 plurimum

106 3813 175 3887 apud
199 3817 296 3898 ipsum
317 3823 413 3900 gratia
440 3830 470 3879 et
497 3821 675 3882 auctoritate
695 3816 852 3894 valentes,
868 3835 966 3896 neqtm
993 3812 1176 3899 peculiarem

106 3893 375 3982 luissedignitatem
391 3901 691 3985 paradynasteuontis
705 3899 906 3982 peculiaribus
927 3899 1103 3960 ceremoniis
1113 3893 1177 3956 col-

106 3968 203 4058 latam,
222 3983 273 4044 aed
285 3985 339 4065 qui
356 3983 495 4046 felicitate
520 3987 650 4068 principi
665 3983 802 4068 placendi
822 3981 1009 4126 gauderent,
1026 3999 1176 4063 quasnam-

108 4062 239 4133 questas
265 4078 404 4148 gererent
433 4068 595 4150 dignitates
613 4079 666 4135 aut
691 4065 785 4127 officia
798 4111 808 4144 ,
851 4085 886 4126 oc
902 4065 1027 4126 nomine
1047 4061 1136 4122 titisse
1157 4079 1177 4120 n

110 4139 189 4222 vulsso
207 4158 235 4209 et
258 4147 410 4228 historicis
433 4149 611 4234 appellatos.
662 4144 706 4210 ht
730 4167 825 4244 quum
844 4147 978 4229 ¹dignitas
1006 4141 1176 4245 purgdpne-

109 4229 235 4291 ⁸ltuuutis
255 4231 339 4294 nulla
360 4235 468 4309 fuerit,
503 4234 700 4299 nihilominus
723 4231 784 4292 daci
803 4225 859 4292 ade
880 4227 961 4291 κατὰ
980 4249 1036 4308 rqv
1058 4243 1176 4305 ημεραν
