<?xml version="1.0" encoding="UTF-8"?>
<!DOCTYPE html PUBLIC "-//W3C//DTD XHTML 1.0 Transitional//EN"
    "http://www.w3.org/TR/xhtml1/DTD/xhtml1-transitional.dtd">
<html xmlns="http://www.w3.org/1999/xhtml" xml:lang="en" lang="en">
 <head>
  <title>
</title>
<meta http-equiv="Content-Type" content="text/html;charset=utf-8" />
  <meta name='ocr-system' content='tesseract 3.04.00' />
  <meta name='ocr-capabilities' content='ocr_page ocr_carea ocr_par ocr_line ocrx_word'/>
</head>
<body>
  <div class='ocr_page' id='page_1' title='image "./corpusscriptoru45theogoog/corpusscriptoru45theogoog_0559.png"; bbox 0 0 2975 4892; ppageno 0'>
   <div class='ocr_carea' id='block_1_1' title="bbox 243 230 1238 339">
    <p class='ocr_par' dir='ltr' id='par_1_1' title="bbox 243 230 1238 339">
     <span class='ocr_line' id='line_1_1' title="bbox 243 230 1238 339; baseline -0.013 0"><span class='ocrx_word' id='word_1_1' title='bbox 243 270 301 339; x_wconf 78' lang='lat' dir='ltr'><strong>nn</strong></span> <span class='ocrx_word' id='word_1_2' title='bbox 330 265 584 338; x_wconf 73' lang='lat' dir='ltr'><strong>municas</strong></span> <span class='ocrx_word' id='word_1_3' title='bbox 618 262 1050 336; x_wconf 78' lang='lat' dir='ltr'><strong>nn.1.nncna1uos.</strong></span> <span class='ocrx_word' id='word_1_4' title='bbox 1152 230 1238 326; x_wconf 74' lang='lat'><strong>553</strong></span> 
     </span>
    </p>
   </div>
   <div class='ocr_carea' id='block_1_2' title="bbox 151 419 1309 1090">
    <p class='ocr_par' dir='ltr' id='par_1_2' title="bbox 151 419 1309 1090">
     <span class='ocr_line' id='line_1_2' title="bbox 153 419 1238 515; baseline -0.004 -25"><span class='ocrx_word' id='word_1_5' title='bbox 153 430 237 504; x_wconf 83' lang='lat' dir='ltr'><strong>isse,</strong></span> <span class='ocrx_word' id='word_1_6' title='bbox 258 428 730 515; x_wconf 70' lang='lat' dir='ltr'><strong>quammineetoemomargins</strong></span> <span class='ocrx_word' id='word_1_7' title='bbox 747 425 796 504; x_wconf 87' lang='grc' dir='ltr'><strong>Π,</strong></span> <span class='ocrx_word' id='word_1_8' title='bbox 813 427 1083 511; x_wconf 73' lang='grc' dir='ltr'><strong>ἰηπφνοηιονενο</strong></span> <span class='ocrx_word' id='word_1_9' title='bbox 1106 419 1137 486; x_wconf 87' lang='grc' dir='ltr'><strong>Θ</strong></span> <span class='ocrx_word' id='word_1_10' title='bbox 1159 423 1238 506; x_wconf 70' lang='lat' dir='ltr'><strong>tege·</strong></span> 
     </span>
     <span class='ocr_line' id='line_1_3' title="bbox 152 508 1237 596; baseline -0.005 -23"><span class='ocrx_word' id='word_1_11' title='bbox 152 512 242 573; x_wconf 76' lang='lat' dir='ltr'><strong>haar</strong></span> <span class='ocrx_word' id='word_1_12' title='bbox 261 515 424 586; x_wconf 49' lang='lat' dir='ltr'><strong>intexam&amp;</strong></span> <span class='ocrx_word' id='word_1_13' title='bbox 457 525 545 596; x_wconf 77' lang='lat' dir='ltr'><strong>atque</strong></span> <span class='ocrx_word' id='word_1_14' title='bbox 562 511 640 571; x_wconf 79' lang='lat' dir='ltr'><strong>r&#39;ater</strong></span> <span class='ocrx_word' id='word_1_15' title='bbox 658 523 708 570; x_wconf 82' lang='lat' dir='ltr'><strong>atr</strong></span> <span class='ocrx_word' id='word_1_16' title='bbox 813 509 925 572; x_wconf 75' lang='lat' dir='ltr'><strong>litteras</strong></span> <span class='ocrx_word' id='word_1_17' title='bbox 947 512 980 571; x_wconf 85' lang='lat' dir='ltr'><strong>ia</strong></span> <span class='ocrx_word' id='word_1_18' title='bbox 1003 508 1152 570; x_wconf 76' lang='lat' dir='ltr'><strong>scalarum</strong></span> <span class='ocrx_word' id='word_1_19' title='bbox 1173 527 1237 568; x_wconf 79' lang='grc' dir='ltr'><strong><em>πιο-</em></strong></span> 
     </span>
     <span class='ocr_line' id='line_1_4' title="bbox 153 591 1309 679; baseline -0.007 -23"><span class='ocrx_word' id='word_1_20' title='bbox 153 595 351 676; x_wconf 79' lang='lat' dir='ltr'><strong>dumgradas</strong></span> <span class='ocrx_word' id='word_1_21' title='bbox 372 594 493 679; x_wconf 60' lang='lat' dir='ltr'><strong>qratiam</strong></span> <span class='ocrx_word' id='word_1_22' title='bbox 515 595 649 675; x_wconf 79' lang='lat' dir='ltr'><strong>inst‘gm&#39;ti</strong></span> <span class='ocrx_word' id='word_1_23' title='bbox 672 592 743 653; x_wconf 72' lang='lat' dir='ltr'><strong>orde</strong></span> <span class='ocrx_word' id='word_1_24' title='bbox 813 615 866 667; x_wconf 87' lang='lat' dir='ltr'><strong>ur,</strong></span> <span class='ocrx_word' id='word_1_25' title='bbox 891 593 994 678; x_wconf 79' lang='lat' dir='ltr'><strong>qssibus</strong></span> <span class='ocrx_word' id='word_1_26' title='bbox 1028 591 1067 652; x_wconf 84' lang='lat' dir='ltr'><strong>ab</strong></span> <span class='ocrx_word' id='word_1_27' title='bbox 1095 591 1238 670; x_wconf 67' lang='lat' dir='ltr'><strong>irfirsom</strong></span> <span class='ocrx_word' id='word_1_28' title='bbox 1299 595 1309 604; x_wconf 89' lang='grc'><em>“</em></span> 
     </span>
     <span class='ocr_line' id='line_1_5' title="bbox 154 669 1237 764; baseline -0.006 -25"><span class='ocrx_word' id='word_1_29' title='bbox 154 678 295 739; x_wconf 82' lang='lat' dir='ltr'><strong>elenrento</strong></span> <span class='ocrx_word' id='word_1_30' title='bbox 315 676 360 738; x_wconf 85' lang='lat' dir='ltr'><strong>ad</strong></span> <span class='ocrx_word' id='word_1_31' title='bbox 372 679 503 761; x_wconf 73' lang='lat' dir='ltr'><strong>aspersio</strong></span> <span class='ocrx_word' id='word_1_32' title='bbox 517 691 589 738; x_wconf 82' lang='lat' dir='ltr'><strong>esset</strong></span> <span class='ocrx_word' id='word_1_33' title='bbox 602 697 744 741; x_wconf 76' lang='lat' dir='ltr'><strong>ascensus.</strong></span> <span class='ocrx_word' id='word_1_34' title='bbox 784 675 975 758; x_wconf 82' lang='lat' dir='ltr'><strong>Disputatur,</strong></span> <span class='ocrx_word' id='word_1_35' title='bbox 996 673 1071 756; x_wconf 93' lang='lat' dir='ltr'><strong>quid</strong></span> <span class='ocrx_word' id='word_1_36' title='bbox 1090 671 1160 764; x_wconf 71' lang='lat' dir='ltr'><strong>illae</strong></span> <span class='ocrx_word' id='word_1_37' title='bbox 1186 669 1237 733; x_wconf 88' lang='lat' dir='ltr'><strong>lit·</strong></span> 
     </span>
     <span class='ocr_line' id='line_1_6' title="bbox 154 753 1237 840; baseline -0.006 -17"><span class='ocrx_word' id='word_1_38' title='bbox 154 771 239 822; x_wconf 85' lang='lat' dir='ltr'><strong>terae</strong></span> <span class='ocrx_word' id='word_1_39' title='bbox 257 761 315 823; x_wconf 89' lang='lat' dir='ltr'><strong>sibi</strong></span> <span class='ocrx_word' id='word_1_40' title='bbox 334 759 449 821; x_wconf 70' lang='lat' dir='ltr'><strong>velint:</strong></span> <span class='ocrx_word' id='word_1_41' title='bbox 472 780 535 823; x_wconf 88' lang='lat' dir='ltr'><strong>nou</strong></span> <span class='ocrx_word' id='word_1_42' title='bbox 549 761 631 838; x_wconf 73' lang='lat' dir='ltr'><strong>enim</strong></span> <span class='ocrx_word' id='word_1_43' title='bbox 650 757 764 840; x_wconf 85' lang='lat' dir='ltr'><strong>absque</strong></span> <span class='ocrx_word' id='word_1_44' title='bbox 791 761 907 820; x_wconf 88' lang='lat' dir='ltr'><strong>ratione</strong></span> <span class='ocrx_word' id='word_1_45' title='bbox 936 757 1078 818; x_wconf 84' lang='lat' dir='ltr'><strong>confictas</strong></span> <span class='ocrx_word' id='word_1_46' title='bbox 1097 777 1116 818; x_wconf 90' lang='lat' dir='ltr'><strong>a</strong></span> <span class='ocrx_word' id='word_1_47' title='bbox 1135 753 1237 838; x_wconf 85' lang='lat' dir='ltr'><strong>philo-</strong></span> 
     </span>
     <span class='ocr_line' id='line_1_7' title="bbox 151 839 1236 925; baseline -0.004 -21"><span class='ocrx_word' id='word_1_48' title='bbox 151 842 250 925; x_wconf 81' lang='lat' dir='ltr'><strong>sopho</strong></span> <span class='ocrx_word' id='word_1_49' title='bbox 270 843 361 904; x_wconf 75' lang='lat' dir='ltr'><strong>luisse</strong></span> <span class='ocrx_word' id='word_1_50' title='bbox 379 842 480 924; x_wconf 85' lang='lat' dir='ltr'><strong>palam</strong></span> <span class='ocrx_word' id='word_1_51' title='bbox 503 851 559 903; x_wconf 85' lang='lat' dir='ltr'><strong>ast.</strong></span> <span class='ocrx_word' id='word_1_52' title='bbox 603 842 760 920; x_wconf 85' lang='lat' dir='ltr'><strong>Quantum</strong></span> <span class='ocrx_word' id='word_1_53' title='bbox 780 839 889 924; x_wconf 78' lang='lat' dir='ltr'><strong>colligo</strong></span> <span class='ocrx_word' id='word_1_54' title='bbox 908 860 926 902; x_wconf 89' lang='lat' dir='ltr'><strong>e</strong></span> <span class='ocrx_word' id='word_1_55' title='bbox 946 841 1111 912; x_wconf 56' lang='lat' dir='ltr'><strong>autentis,</strong></span> <span class='ocrx_word' id='word_1_56' title='bbox 1143 859 1236 922; x_wconf 88' lang='lat' dir='ltr'><strong>quam</strong></span> 
     </span>
     <span class='ocr_line' id='line_1_8' title="bbox 156 921 1236 1006; baseline -0.003 -21"><span class='ocrx_word' id='word_1_57' title='bbox 156 925 199 985; x_wconf 89' lang='lat' dir='ltr'><strong>ab</strong></span> <span class='ocrx_word' id='word_1_58' title='bbox 218 923 285 987; x_wconf 86' lang='lat' dir='ltr'><strong>aliis</strong></span> <span class='ocrx_word' id='word_1_59' title='bbox 303 924 430 988; x_wconf 86' lang='lat' dir='ltr'><strong>relatam</strong></span> <span class='ocrx_word' id='word_1_60' title='bbox 449 923 567 999; x_wconf 84' lang='lat' dir='ltr'><strong>habeo,</strong></span> <span class='ocrx_word' id='word_1_61' title='bbox 588 935 671 992; x_wconf 79' lang='lat' dir='ltr'><strong>extra</strong></span> <span class='ocrx_word' id='word_1_62' title='bbox 690 944 802 986; x_wconf 82' lang='lat' dir='ltr'><strong>nexum</strong></span> <span class='ocrx_word' id='word_1_63' title='bbox 825 933 1015 1006; x_wconf 79' lang='lat' dir='ltr'><strong>excerptam,</strong></span> <span class='ocrx_word' id='word_1_64' title='bbox 1042 921 1163 984; x_wconf 81' lang='lat' dir='ltr'><strong>videtur</strong></span> <span class='ocrx_word' id='word_1_65' title='bbox 1179 941 1236 1005; x_wconf 88' lang='lat' dir='ltr'><strong>pro</strong></span> 
     </span>
     <span class='ocr_line' id='line_1_9' title="bbox 154 1002 1236 1090; baseline -0.002 -20"><span class='ocrx_word' id='word_1_66' title='bbox 154 1009 191 1070; x_wconf 85' lang='grc' dir='ltr'><strong>Π</strong></span> <span class='ocrx_word' id='word_1_67' title='bbox 212 1008 314 1070; x_wconf 79' lang='lat' dir='ltr'><strong>littem</strong></span> <span class='ocrx_word' id='word_1_68' title='bbox 341 1005 373 1069; x_wconf 92' lang='grc' dir='ltr'><strong><em>Γ</em></strong></span> <span class='ocrx_word' id='word_1_69' title='bbox 389 1007 561 1090; x_wconf 86' lang='lat' dir='ltr'><strong>reponenda</strong></span> <span class='ocrx_word' id='word_1_70' title='bbox 586 1027 672 1085; x_wconf 87' lang='lat' dir='ltr'><strong>esse,</strong></span> <span class='ocrx_word' id='word_1_71' title='bbox 698 1027 776 1090; x_wconf 91' lang='lat' dir='ltr'><strong>quae</strong></span> <span class='ocrx_word' id='word_1_72' title='bbox 796 1003 828 1070; x_wconf 92' lang='grc' dir='ltr'><strong><em>Γ</em></strong></span> <span class='ocrx_word' id='word_1_73' title='bbox 825 1003 926 1078; x_wconf 68' lang='lat' dir='ltr'><strong>iream</strong></span> <span class='ocrx_word' id='word_1_74' title='bbox 945 1005 1115 1088; x_wconf 77' lang='lat' dir='ltr'><strong>significet,</strong></span> <span class='ocrx_word' id='word_1_75' title='bbox 1147 1002 1236 1068; x_wconf 76' lang='lat' dir='ltr'><strong>utO</strong></span> 
     </span>
    </p>
   </div>
   <div class='ocr_carea' id='block_1_3' title="bbox 150 1085 1372 1171">
    <p class='ocr_par' dir='ltr' id='par_1_3' title="bbox 150 1085 1372 1171">
     <span class='ocr_line' id='line_1_10' title="bbox 150 1085 1372 1171; baseline -0.003 -21"><span class='ocrx_word' id='word_1_76' title='bbox 150 1103 257 1152; x_wconf 88' lang='lat' dir='ltr'><strong>notare</strong></span> <span class='ocrx_word' id='word_1_77' title='bbox 275 1090 397 1152; x_wconf 79' lang='lat' dir='ltr'><strong>videtur</strong></span> <span class='ocrx_word' id='word_1_78' title='bbox 419 1085 572 1162; x_wconf 78' lang='grc' dir='ltr'><strong>Θάνατος.</strong></span> <span class='ocrx_word' id='word_1_79' title='bbox 612 1090 697 1171; x_wconf 87' lang='lat' dir='ltr'><strong>Quas</strong></span> <span class='ocrx_word' id='word_1_80' title='bbox 721 1101 823 1152; x_wconf 86' lang='lat' dir='ltr'><strong>autem</strong></span> <span class='ocrx_word' id='word_1_81' title='bbox 843 1087 991 1151; x_wconf 75' lang='lat' dir='ltr'><strong>Boethius</strong></span> <span class='ocrx_word' id='word_1_82' title='bbox 1013 1089 1108 1152; x_wconf 78' lang='lat' dir='ltr'><strong>scalas</strong></span> <span class='ocrx_word' id='word_1_83' title='bbox 1128 1085 1234 1170; x_wconf 86' lang='lat' dir='ltr'><strong>appel·</strong></span> <span class='ocrx_word' id='word_1_84' title='bbox 1331 1109 1336 1120; x_wconf 73' lang='grc'>’</span> <span class='ocrx_word' id='word_1_85' title='bbox 1366 1123 1372 1136; x_wconf 89' lang='lat'><em>·</em></span> 
     </span>
    </p>
   </div>
   <div class='ocr_carea' id='block_1_4' title="bbox 79 1169 1317 2434">
    <p class='ocr_par' dir='ltr' id='par_1_4' title="bbox 79 1169 1317 2434">
     <span class='ocr_line' id='line_1_11' title="bbox 152 1169 1234 1255; baseline -0.003 -21"><span class='ocrx_word' id='word_1_86' title='bbox 152 1172 216 1249; x_wconf 90' lang='lat' dir='ltr'><strong>lat,</strong></span> <span class='ocrx_word' id='word_1_87' title='bbox 237 1195 291 1234; x_wconf 85' lang='lat' dir='ltr'><strong>eae</strong></span> <span class='ocrx_word' id='word_1_88' title='bbox 309 1183 381 1234; x_wconf 87' lang='lat' dir='ltr'><strong>sunt</strong></span> <span class='ocrx_word' id='word_1_89' title='bbox 399 1171 507 1255; x_wconf 90' lang='lat' dir='ltr'><strong>procul</strong></span> <span class='ocrx_word' id='word_1_90' title='bbox 526 1171 621 1235; x_wconf 91' lang='lat' dir='ltr'><strong>dubio</strong></span> <span class='ocrx_word' id='word_1_91' title='bbox 641 1174 760 1234; x_wconf 86' lang='lat' dir='ltr'><strong>taeniae</strong></span> <span class='ocrx_word' id='word_1_92' title='bbox 777 1193 947 1255; x_wconf 80' lang='lat' dir='ltr'><strong>purpureae</strong></span> <span class='ocrx_word' id='word_1_93' title='bbox 969 1170 1130 1233; x_wconf 77' lang='lat' dir='ltr'><strong>alteriusve</strong></span> <span class='ocrx_word' id='word_1_94' title='bbox 1150 1169 1234 1232; x_wconf 86' lang='lat' dir='ltr'><strong>colo-</strong></span> 
     </span>
     <span class='ocr_line' id='line_1_12' title="bbox 150 1253 1231 1338; baseline -0.002 -22"><span class='ocrx_word' id='word_1_95' title='bbox 150 1257 205 1332; x_wconf 87' lang='lat' dir='ltr'><strong>ris,</strong></span> <span class='ocrx_word' id='word_1_96' title='bbox 223 1256 357 1326; x_wconf 81' lang='lat' dir='ltr'><strong>vestibus</strong></span> <span class='ocrx_word' id='word_1_97' title='bbox 371 1278 390 1316; x_wconf 92' lang='lat' dir='ltr'><strong>a</strong></span> <span class='ocrx_word' id='word_1_98' title='bbox 402 1277 520 1320; x_wconf 88' lang='lat' dir='ltr'><strong>surama</strong></span> <span class='ocrx_word' id='word_1_99' title='bbox 539 1277 594 1318; x_wconf 88' lang='lat' dir='ltr'><strong>ora</strong></span> <span class='ocrx_word' id='word_1_100' title='bbox 613 1256 653 1318; x_wconf 91' lang='lat' dir='ltr'><strong>ad</strong></span> <span class='ocrx_word' id='word_1_101' title='bbox 672 1256 765 1316; x_wconf 74' lang='lat' dir='ltr'><strong>unam</strong></span> <span class='ocrx_word' id='word_1_102' title='bbox 785 1253 947 1338; x_wconf 83' lang='lat' dir='ltr'><strong>parallelae</strong></span> <span class='ocrx_word' id='word_1_103' title='bbox 963 1276 1020 1338; x_wconf 89' lang='lat' dir='ltr'><strong>per</strong></span> <span class='ocrx_word' id='word_1_104' title='bbox 1036 1265 1118 1318; x_wconf 85' lang='lat' dir='ltr'><strong>certa</strong></span> <span class='ocrx_word' id='word_1_105' title='bbox 1139 1254 1231 1314; x_wconf 88' lang='lat' dir='ltr'><strong>inter·</strong></span> 
     </span>
     <span class='ocr_line' id='line_1_13' title="bbox 150 1335 1317 1420; baseline -0.002 -21"><span class='ocrx_word' id='word_1_106' title='bbox 150 1337 233 1400; x_wconf 72' lang='lat' dir='ltr'><strong>valla</strong></span> <span class='ocrx_word' id='word_1_107' title='bbox 260 1339 341 1399; x_wconf 87' lang='lat' dir='ltr'><strong>assui</strong></span> <span class='ocrx_word' id='word_1_108' title='bbox 366 1349 420 1398; x_wconf 90' lang='lat' dir='ltr'><strong>aut</strong></span> <span class='ocrx_word' id='word_1_109' title='bbox 448 1339 540 1401; x_wconf 80' lang='lat' dir='ltr'><strong>intexi</strong></span> <span class='ocrx_word' id='word_1_110' title='bbox 565 1337 675 1415; x_wconf 71' lang='lat' dir='ltr'><strong>solita,</strong></span> <span class='ocrx_word' id='word_1_111' title='bbox 704 1336 840 1420; x_wconf 89' lang='lat' dir='ltr'><strong>qualium</strong></span> <span class='ocrx_word' id='word_1_112' title='bbox 861 1335 1029 1414; x_wconf 84' lang='lat' dir='ltr'><strong>scalarum,</strong></span> <span class='ocrx_word' id='word_1_113' title='bbox 1052 1337 1232 1404; x_wconf 79' lang='lat' dir='ltr'><strong>maeandro-</strong></span> <span class='ocrx_word' id='word_1_114' title='bbox 1312 1347 1317 1358; x_wconf 92' lang='grc'><strong>’</strong></span> 
     </span>
     <span class='ocr_line' id='line_1_14' title="bbox 149 1419 1234 1504; baseline 0.001 -24"><span class='ocrx_word' id='word_1_115' title='bbox 149 1442 221 1481; x_wconf 88' lang='lat' dir='ltr'><strong>rum</strong></span> <span class='ocrx_word' id='word_1_116' title='bbox 246 1422 452 1498; x_wconf 83' lang='lat' dir='ltr'><strong>undarumve,</strong></span> <span class='ocrx_word' id='word_1_117' title='bbox 485 1421 635 1498; x_wconf 66' lang='grc' dir='ltr'><strong><em>ποταμόν</em></strong></span> <span class='ocrx_word' id='word_1_118' title='bbox 654 1431 708 1482; x_wconf 92' lang='lat' dir='ltr'><strong>aut</strong></span> <span class='ocrx_word' id='word_1_119' title='bbox 728 1419 911 1500; x_wconf 61' lang='lat' dir='ltr'><strong>assessi,</strong></span> <span class='ocrx_word' id='word_1_120' title='bbox 931 1419 1100 1504; x_wconf 83' lang='lat' dir='ltr'><strong>exemplum</strong></span> <span class='ocrx_word' id='word_1_121' title='bbox 1120 1429 1166 1488; x_wconf 74' lang='lat' dir='ltr'><strong>eat</strong></span> <span class='ocrx_word' id='word_1_122' title='bbox 1187 1421 1234 1482; x_wconf 86' lang='lat' dir='ltr'><strong>vi-</strong></span> 
     </span>
     <span class='ocr_line' id='line_1_15' title="bbox 79 1503 1104 1587; baseline 0.004 -23"><span class='ocrx_word' id='word_1_123' title='bbox 79 1517 83 1525; x_wconf 87' lang='grc'><strong>’</strong></span> <span class='ocrx_word' id='word_1_124' title='bbox 150 1503 226 1564; x_wconf 86' lang='lat' dir='ltr'><strong>dere</strong></span> <span class='ocrx_word' id='word_1_125' title='bbox 244 1504 324 1585; x_wconf 88' lang='lat' dir='ltr'><strong>apud</strong></span> <span class='ocrx_word' id='word_1_126' title='bbox 347 1505 540 1586; x_wconf 82' lang='lat' dir='ltr'><strong>ciampinum</strong></span> <span class='ocrx_word' id='word_1_127' title='bbox 559 1505 600 1566; x_wconf 91' lang='grc' dir='ltr'><strong>Τ.</strong></span> <span class='ocrx_word' id='word_1_128' title='bbox 612 1505 655 1566; x_wconf 86' lang='lat'><strong>11.</strong></span> <span class='ocrx_word' id='word_1_129' title='bbox 676 1503 867 1568; x_wconf 75' lang='lat' dir='ltr'><strong>Monumenti</strong></span> <span class='ocrx_word' id='word_1_130' title='bbox 887 1514 948 1565; x_wconf 84' lang='lat' dir='ltr'><strong>ret.</strong></span> <span class='ocrx_word' id='word_1_131' title='bbox 970 1503 1037 1566; x_wconf 82' lang='lat' dir='ltr'><strong>tab.</strong></span> <span class='ocrx_word' id='word_1_132' title='bbox 1052 1505 1104 1587; x_wconf 78' lang='lat'><strong>39.</strong></span> 
     </span>
     <span class='ocr_line' id='line_1_16' title="bbox 90 1579 1231 1671; baseline -0.002 -23"><span class='ocrx_word' id='word_1_133' title='bbox 90 1613 99 1630; x_wconf 93' lang='lat'><strong>·</strong></span> <span class='ocrx_word' id='word_1_134' title='bbox 233 1584 313 1648; x_wconf 71' lang='lat'><strong>(26.</strong></span> <span class='ocrx_word' id='word_1_135' title='bbox 326 1585 415 1671; x_wconf 58' lang='lat' dir='ltr'><strong>[ipa</strong></span> <span class='ocrx_word' id='word_1_136' title='bbox 430 1585 475 1671; x_wconf 75' lang='lat'><strong>7.]</strong></span> <span class='ocrx_word' id='word_1_137' title='bbox 497 1582 603 1667; x_wconf 71' lang='lat' dir='ltr'><strong>ddds‘es.</strong></span> <span class='ocrx_word' id='word_1_138' title='bbox 643 1587 759 1648; x_wconf 88' lang='lat' dir='ltr'><strong>Sinon</strong></span> <span class='ocrx_word' id='word_1_139' title='bbox 788 1595 979 1649; x_wconf 71' lang='lat' dir='ltr'><strong>monacum</strong></span> <span class='ocrx_word' id='word_1_140' title='bbox 1007 1597 1051 1650; x_wconf 84' lang='lat' dir='ltr'><strong>est</strong></span> <span class='ocrx_word' id='word_1_141' title='bbox 1072 1607 1129 1670; x_wconf 88' lang='lat' dir='ltr'><strong>pro</strong></span> <span class='ocrx_word' id='word_1_142' title='bbox 1150 1579 1231 1663; x_wconf 73' lang='lat' dir='ltr'><strong>tet-</strong></span> 
     </span>
     <span class='ocr_line' id='line_1_17' title="bbox 150 1672 1229 1770; baseline 0.001 -26"><span class='ocrx_word' id='word_1_143' title='bbox 150 1681 218 1768; x_wconf 83' lang='lat' dir='ltr'><strong>dsa,</strong></span> <span class='ocrx_word' id='word_1_144' title='bbox 237 1683 371 1770; x_wconf 75' lang='lat' dir='ltr'><strong>adeoque</strong></span> <span class='ocrx_word' id='word_1_145' title='bbox 389 1705 452 1749; x_wconf 89' lang='lat' dir='ltr'><strong>uon</strong></span> <span class='ocrx_word' id='word_1_146' title='bbox 472 1697 517 1749; x_wconf 81' lang='lat' dir='ltr'><strong>ast</strong></span> <span class='ocrx_word' id='word_1_147' title='bbox 534 1684 666 1748; x_wconf 83' lang='lat' dir='ltr'><strong>Arabica</strong></span> <span class='ocrx_word' id='word_1_148' title='bbox 685 1705 746 1747; x_wconf 81' lang='lat' dir='ltr'><strong>vox</strong></span> <span class='ocrx_word' id='word_1_149' title='bbox 765 1672 853 1769; x_wconf 61' lang='lat' dir='ltr'><strong>alp,</strong></span> <span class='ocrx_word' id='word_1_150' title='bbox 898 1683 1002 1763; x_wconf 75' lang='lat' dir='ltr'><strong>Atat,</strong></span> <span class='ocrx_word' id='word_1_151' title='bbox 1039 1706 1103 1747; x_wconf 89' lang='lat' dir='ltr'><strong>non</strong></span> <span class='ocrx_word' id='word_1_152' title='bbox 1135 1687 1229 1766; x_wconf 83' lang='lat' dir='ltr'><strong>novi,</strong></span> 
     </span>
     <span class='ocr_line' id='line_1_18' title="bbox 194 1766 1230 1851; baseline 0.001 -24"><span class='ocrx_word' id='word_1_153' title='bbox 194 1769 224 1828; x_wconf 89' lang='lat' dir='ltr'><strong>id</strong></span> <span class='ocrx_word' id='word_1_154' title='bbox 245 1773 286 1830; x_wconf 90' lang='lat' dir='ltr'><strong>sit</strong></span> <span class='ocrx_word' id='word_1_155' title='bbox 312 1769 404 1834; x_wconf 86' lang='lat' dir='ltr'><strong>aliud.</strong></span> <span class='ocrx_word' id='word_1_156' title='bbox 444 1771 501 1832; x_wconf 88' lang='lat' dir='ltr'><strong>Est</strong></span> <span class='ocrx_word' id='word_1_157' title='bbox 520 1780 621 1830; x_wconf 73' lang='lat' dir='ltr'><strong>amem</strong></span> <span class='ocrx_word' id='word_1_158' title='bbox 642 1768 731 1830; x_wconf 71' lang='lat' dir='ltr'><strong>Abale</strong></span> <span class='ocrx_word' id='word_1_159' title='bbox 751 1768 800 1833; x_wconf 82' lang='lat' dir='ltr'><strong>vel</strong></span> <span class='ocrx_word' id='word_1_160' title='bbox 820 1769 903 1833; x_wconf 78' lang='lat' dir='ltr'><strong>Aeas</strong></span> <span class='ocrx_word' id='word_1_161' title='bbox 921 1779 1074 1851; x_wconf 77' lang='lat' dir='ltr'><strong>gestamen</strong></span> <span class='ocrx_word' id='word_1_162' title='bbox 1089 1766 1230 1829; x_wconf 82' lang='lat' dir='ltr'><strong>Arabum</strong></span> 
     </span>
     <span class='ocr_line' id='line_1_19' title="bbox 146 1789 1231 1936; baseline 0.001 -27"><span class='ocrx_word' id='word_1_163' title='bbox 146 1789 371 1914; x_wconf 53' lang='lat' dir='ltr'><strong>diddaeomm</strong></span> <span class='ocrx_word' id='word_1_164' title='bbox 393 1855 554 1936; x_wconf 80' lang='lat' dir='ltr'><strong>praecipue</strong></span> <span class='ocrx_word' id='word_1_165' title='bbox 574 1851 835 1932; x_wconf 81' lang='lat' dir='ltr'><strong>Christianomm,</strong></span> <span class='ocrx_word' id='word_1_166' title='bbox 857 1851 976 1914; x_wconf 78' lang='lat' dir='ltr'><strong>saeculo</strong></span> <span class='ocrx_word' id='word_1_167' title='bbox 993 1851 1119 1934; x_wconf 85' lang='lat' dir='ltr'><strong>septimo</strong></span> <span class='ocrx_word' id='word_1_168' title='bbox 1140 1849 1231 1934; x_wconf 80' lang='lat' dir='ltr'><strong>Saty-</strong></span> 
     </span>
     <span class='ocr_line' id='line_1_20' title="bbox 148 1931 1232 2019; baseline 0.003 -26"><span class='ocrx_word' id='word_1_169' title='bbox 148 1934 192 1993; x_wconf 88' lang='lat' dir='ltr'><strong>ris</strong></span> <span class='ocrx_word' id='word_1_170' title='bbox 213 1935 313 1996; x_wconf 87' lang='lat' dir='ltr'><strong>Geriri</strong></span> <span class='ocrx_word' id='word_1_171' title='bbox 333 1938 452 2019; x_wconf 65' lang='lat' dir='ltr'><strong>poetae,</strong></span> <span class='ocrx_word' id='word_1_172' title='bbox 473 1935 652 1996; x_wconf 85' lang='lat' dir='ltr'><strong>Christianis</strong></span> <span class='ocrx_word' id='word_1_173' title='bbox 659 1933 748 1996; x_wconf 87' lang='lat' dir='ltr'><strong>valde</strong></span> <span class='ocrx_word' id='word_1_174' title='bbox 766 1935 880 2012; x_wconf 80' lang='lat' dir='ltr'><strong>infesti,</strong></span> <span class='ocrx_word' id='word_1_175' title='bbox 900 1935 1102 2018; x_wconf 56' lang='lat' dir='ltr'><strong>“agitatum</strong></span> <span class='ocrx_word' id='word_1_176' title='bbox 1122 1931 1175 1994; x_wconf 75' lang='lat' dir='ltr'><strong>sed</strong></span> <span class='ocrx_word' id='word_1_177' title='bbox 1200 1944 1232 1996; x_wconf 89' lang='lat' dir='ltr'><strong>et</strong></span> 
     </span>
     <span class='ocr_line' id='line_1_21' title="bbox 146 2015 1231 2184; baseline -0.004 -20"><span class='ocrx_word' id='word_1_178' title='bbox 146 2017 727 2164; x_wconf 57' lang='lat' dir='ltr'><strong>tffitnt‘mltlltttltd‘t</strong></span> <span class='ocrx_word' id='word_1_179' title='bbox 748 2015 996 2184; x_wconf 55' lang='lat' dir='ltr'><strong>qanppqa</strong></span> <span class='ocrx_word' id='word_1_180' title='bbox 1015 2015 1231 2164; x_wconf 46' lang='lat' dir='ltr'><strong>{iiiiii}</strong></span> 
     </span>
     <span class='ocr_line' id='line_1_22' title="bbox 144 2183 1231 2267; baseline 0.004 -27"><span class='ocrx_word' id='word_1_181' title='bbox 144 2185 280 2250; x_wconf 77' lang='lat' dir='ltr'><strong>maican</strong></span> <span class='ocrx_word' id='word_1_182' title='bbox 304 2188 395 2245; x_wconf 71' lang='lat' dir='ltr'><strong>eraut</strong></span> <span class='ocrx_word' id='word_1_183' title='bbox 416 2183 460 2245; x_wconf 88' lang='lat' dir='ltr'><strong>lili</strong></span> <span class='ocrx_word' id='word_1_184' title='bbox 490 2185 523 2246; x_wconf 90' lang='lat' dir='ltr'><strong>in</strong></span> <span class='ocrx_word' id='word_1_185' title='bbox 537 2194 659 2266; x_wconf 85' lang='lat' dir='ltr'><strong>pectora</strong></span> <span class='ocrx_word' id='word_1_186' title='bbox 671 2183 817 2265; x_wconf 79' lang='lat' dir='ltr'><strong>scissam,</strong></span> <span class='ocrx_word' id='word_1_187' title='bbox 837 2183 951 2267; x_wconf 84' lang='lat' dir='ltr'><strong>absque</strong></span> <span class='ocrx_word' id='word_1_188' title='bbox 965 2185 1114 2256; x_wconf 84' lang='lat' dir='ltr'><strong>manicis,</strong></span> <span class='ocrx_word' id='word_1_189' title='bbox 1137 2201 1231 2266; x_wconf 65' lang='lat' dir='ltr'><strong>mam</strong></span> 
     </span>
     <span class='ocr_line' id='line_1_23' title="bbox 148 2265 1229 2351; baseline 0.006 -29"><span class='ocrx_word' id='word_1_190' title='bbox 148 2283 240 2344; x_wconf 89' lang='lat' dir='ltr'><strong>super</strong></span> <span class='ocrx_word' id='word_1_191' title='bbox 257 2265 377 2327; x_wconf 84' lang='lat' dir='ltr'><strong>indusio</strong></span> <span class='ocrx_word' id='word_1_192' title='bbox 398 2275 515 2350; x_wconf 79' lang='lat' dir='ltr'><strong>gestent</strong></span> <span class='ocrx_word' id='word_1_193' title='bbox 533 2265 658 2331; x_wconf 82' lang='lat' dir='ltr'><strong>Arabes.</strong></span> <span class='ocrx_word' id='word_1_194' title='bbox 697 2265 805 2329; x_wconf 88' lang='lat' dir='ltr'><strong>Gallus</strong></span> <span class='ocrx_word' id='word_1_195' title='bbox 826 2278 927 2329; x_wconf 84' lang='lat' dir='ltr'><strong>autem</strong></span> <span class='ocrx_word' id='word_1_196' title='bbox 947 2266 1072 2351; x_wconf 87' lang='lat' dir='ltr'><strong>pallium</strong></span> <span class='ocrx_word' id='word_1_197' title='bbox 1084 2269 1229 2328; x_wconf 71' lang='lat' dir='ltr'><strong>smmum</strong></span> 
     </span>
     <span class='ocr_line' id='line_1_24' title="bbox 143 2345 1232 2434; baseline 0.005 -28"><span class='ocrx_word' id='word_1_198' title='bbox 143 2345 285 2427; x_wconf 85' lang='lat' dir='ltr'><strong>appellat,</strong></span> <span class='ocrx_word' id='word_1_199' title='bbox 346 2371 375 2431; x_wconf 81' lang='lat' dir='ltr'><strong>g.</strong></span> <span class='ocrx_word' id='word_1_200' title='bbox 402 2347 433 2429; x_wconf 70' lang='grc'><strong>4.</strong></span> <span class='ocrx_word' id='word_1_201' title='bbox 456 2349 494 2410; x_wconf 94' lang='lat' dir='ltr'><strong>de</strong></span> <span class='ocrx_word' id='word_1_202' title='bbox 513 2370 569 2411; x_wconf 89' lang='lat' dir='ltr'><strong>son</strong></span> <span class='ocrx_word' id='word_1_203' title='bbox 587 2349 713 2431; x_wconf 76' lang='lat' dir='ltr'><strong>Voyage</strong></span> <span class='ocrx_word' id='word_1_204' title='bbox 726 2349 764 2411; x_wconf 88' lang='lat' dir='ltr'><strong>de</strong></span> <span class='ocrx_word' id='word_1_205' title='bbox 781 2349 879 2430; x_wconf 83' lang='lat' dir='ltr'><strong>Seyde</strong></span> <span class='ocrx_word' id='word_1_206' title='bbox 898 2372 939 2412; x_wconf 76' lang='lat' dir='ltr'><strong>aas</strong></span> <span class='ocrx_word' id='word_1_207' title='bbox 959 2349 1053 2434; x_wconf 82' lang='lat' dir='ltr'><strong>Cemp</strong></span> <span class='ocrx_word' id='word_1_208' title='bbox 1073 2351 1115 2411; x_wconf 76' lang='lat' dir='ltr'><strong>du</strong></span> <span class='ocrx_word' id='word_1_209' title='bbox 1127 2348 1232 2432; x_wconf 77' lang='lat' dir='ltr'><strong>grarrd</strong></span> 
     </span>
    </p>
   </div>
   <div class='ocr_carea' id='block_1_5' title="bbox 145 2429 1329 2516">
    <p class='ocr_par' dir='ltr' id='par_1_5' title="bbox 145 2429 1329 2516">
     <span class='ocr_line' id='line_1_25' title="bbox 145 2429 1329 2516; baseline 0.004 -28"><span class='ocrx_word' id='word_1_210' title='bbox 145 2429 247 2492; x_wconf 74' lang='lat' dir='ltr'><strong>Emis.</strong></span> <span class='ocrx_word' id='word_1_211' title='bbox 313 2434 419 2506; x_wconf 79' lang='lat' dir='ltr'><strong>&#39;awis,</strong></span> <span class='ocrx_word' id='word_1_212' title='bbox 438 2433 491 2504; x_wconf 87' lang='lat' dir='ltr'><strong>ait,</strong></span> <span class='ocrx_word' id='word_1_213' title='bbox 509 2453 573 2516; x_wconf 79' lang='lat' dir='ltr'><strong>par</strong></span> <span class='ocrx_word' id='word_1_214' title='bbox 586 2432 683 2493; x_wconf 62' lang='lat' dir='ltr'><strong>dossas</strong></span> <span class='ocrx_word' id='word_1_215' title='bbox 698 2433 727 2493; x_wconf 85' lang='lat' dir='ltr'><strong>le</strong></span> <span class='ocrx_word' id='word_1_216' title='bbox 744 2445 806 2494; x_wconf 84' lang='lat' dir='ltr'><strong>tout</strong></span> <span class='ocrx_word' id='word_1_217' title='bbox 818 2455 875 2493; x_wconf 78' lang='lat' dir='ltr'><strong>arse</strong></span> <span class='ocrx_word' id='word_1_218' title='bbox 892 2435 1022 2493; x_wconf 59' lang='lat' dir='ltr'><strong>maerere</strong></span> <span class='ocrx_word' id='word_1_219' title='bbox 1034 2432 1073 2494; x_wconf 87' lang='lat' dir='ltr'><strong>dc</strong></span> <span class='ocrx_word' id='word_1_220' title='bbox 1091 2447 1229 2494; x_wconf 80' lang='lat' dir='ltr'><strong>aranteau</strong></span> <span class='ocrx_word' id='word_1_221' title='bbox 1327 2480 1329 2488; x_wconf 93' lang='lat'>.</span> 
     </span>
    </p>
   </div>
   <div class='ocr_carea' id='block_1_6' title="bbox 130 2512 1230 4172">
    <p class='ocr_par' dir='ltr' id='par_1_6' title="bbox 130 2512 1230 3837">
     <span class='ocr_line' id='line_1_26' title="bbox 144 2512 1229 2682; baseline 0.004 -28"><span class='ocrx_word' id='word_1_222' title='bbox 144 2512 728 2682; x_wconf 52' lang='lat' dir='ltr'><strong>stollisss‘at‘tfflssszttstss</strong></span> <span class='ocrx_word' id='word_1_223' title='bbox 746 2515 1124 2658; x_wconf 55' lang='lat' dir='ltr'><strong>&#39;’iffil&#39;iiilsli</strong></span> <span class='ocrx_word' id='word_1_224' title='bbox 1136 2517 1229 2658; x_wconf 61' lang='lat' dir='ltr'><strong>lt&amp;</strong></span> 
     </span>
     <span class='ocr_line' id='line_1_27' title="bbox 146 2676 1229 2764; baseline 0.004 -28"><span class='ocrx_word' id='word_1_225' title='bbox 146 2697 198 2737; x_wconf 88' lang='lat' dir='ltr'><strong>me</strong></span> <span class='ocrx_word' id='word_1_226' title='bbox 225 2676 339 2760; x_wconf 88' lang='lat' dir='ltr'><strong>ubique</strong></span> <span class='ocrx_word' id='word_1_227' title='bbox 368 2678 501 2742; x_wconf 80' lang='lat' dir='ltr'><strong>Arabica</strong></span> <span class='ocrx_word' id='word_1_228' title='bbox 532 2700 655 2764; x_wconf 79' lang='lat' dir='ltr'><strong>crepare</strong></span> <span class='ocrx_word' id='word_1_229' title='bbox 686 2689 716 2740; x_wconf 88' lang='lat' dir='ltr'><strong>ct</strong></span> <span class='ocrx_word' id='word_1_230' title='bbox 744 2690 874 2762; x_wconf 88' lang='lat' dir='ltr'><strong>captare.</strong></span> <span class='ocrx_word' id='word_1_231' title='bbox 917 2677 951 2742; x_wconf 82' lang='lat' dir='ltr'><strong>Si</strong></span> <span class='ocrx_word' id='word_1_232' title='bbox 971 2679 1096 2740; x_wconf 87' lang='lat' dir='ltr'><strong>modum</strong></span> <span class='ocrx_word' id='word_1_233' title='bbox 1118 2677 1176 2740; x_wconf 90' lang='lat' dir='ltr'><strong>hac</strong></span> <span class='ocrx_word' id='word_1_234' title='bbox 1195 2681 1229 2740; x_wconf 92' lang='lat' dir='ltr'><strong>in</strong></span> 
     </span>
     <span class='ocr_line' id='line_1_28' title="bbox 145 2760 1230 2845; baseline 0.006 -28"><span class='ocrx_word' id='word_1_235' title='bbox 145 2779 181 2818; x_wconf 78' lang='lat' dir='ltr'><strong>re</strong></span> <span class='ocrx_word' id='word_1_236' title='bbox 217 2763 350 2842; x_wconf 86' lang='lat' dir='ltr'><strong>excedo,</strong></span> <span class='ocrx_word' id='word_1_237' title='bbox 377 2765 476 2845; x_wconf 87' lang='lat' dir='ltr'><strong>patior</strong></span> <span class='ocrx_word' id='word_1_238' title='bbox 502 2762 584 2844; x_wconf 92' lang='lat' dir='ltr'><strong>quod</strong></span> <span class='ocrx_word' id='word_1_239' title='bbox 614 2771 750 2823; x_wconf 88' lang='lat' dir='ltr'><strong>amantes</strong></span> <span class='ocrx_word' id='word_1_240' title='bbox 778 2782 883 2824; x_wconf 88' lang='lat' dir='ltr'><strong>omnes</strong></span> <span class='ocrx_word' id='word_1_241' title='bbox 911 2760 1020 2822; x_wconf 82' lang='lat' dir='ltr'><strong>solent.</strong></span> <span class='ocrx_word' id='word_1_242' title='bbox 1062 2761 1178 2844; x_wconf 84' lang='lat' dir='ltr'><strong>Vigiles</strong></span> <span class='ocrx_word' id='word_1_243' title='bbox 1197 2771 1230 2824; x_wconf 87' lang='lat' dir='ltr'><strong>et</strong></span> 
     </span>
     <span class='ocr_line' id='line_1_29' title="bbox 142 2843 1228 2927; baseline 0.004 -25"><span class='ocrx_word' id='word_1_244' title='bbox 142 2843 328 2905; x_wconf 72' lang='lat' dir='ltr'><strong>somniantes</strong></span> <span class='ocrx_word' id='word_1_245' title='bbox 364 2856 479 2922; x_wconf 45' lang='lat' dir='ltr'><strong>amata,</strong></span> <span class='ocrx_word' id='word_1_246' title='bbox 494 2857 630 2927; x_wconf 86' lang='lat' dir='ltr'><strong>spectant</strong></span> <span class='ocrx_word' id='word_1_247' title='bbox 667 2855 699 2905; x_wconf 91' lang='lat' dir='ltr'><strong>et</strong></span> <span class='ocrx_word' id='word_1_248' title='bbox 728 2843 890 2906; x_wconf 88' lang='lat' dir='ltr'><strong>audiunt.&#39;</strong></span> <span class='ocrx_word' id='word_1_249' title='bbox 924 2843 1036 2906; x_wconf 78' lang='lat' dir='ltr'><strong>Amavi</strong></span> <span class='ocrx_word' id='word_1_250' title='bbox 1073 2844 1228 2927; x_wconf 86' lang='lat' dir='ltr'><strong>quondam</strong></span> 
     </span>
     <span class='ocr_line' id='line_1_30' title="bbox 143 2924 1229 3012; baseline 0.007 -30"><span class='ocrx_word' id='word_1_251' title='bbox 143 2924 293 2987; x_wconf 80' lang='lat' dir='ltr'><strong>Arabicas</strong></span> <span class='ocrx_word' id='word_1_252' title='bbox 313 2924 429 2990; x_wconf 86' lang='lat' dir='ltr'><strong>litteras</strong></span> <span class='ocrx_word' id='word_1_253' title='bbox 450 2938 481 2989; x_wconf 89' lang='lat' dir='ltr'><strong>et</strong></span> <span class='ocrx_word' id='word_1_254' title='bbox 500 2939 621 2989; x_wconf 84' lang='lat' dir='ltr'><strong>strenue</strong></span> <span class='ocrx_word' id='word_1_255' title='bbox 634 2926 733 3006; x_wconf 87' lang='lat' dir='ltr'><strong>colui,</strong></span> <span class='ocrx_word' id='word_1_256' title='bbox 755 2947 864 3012; x_wconf 79' lang='lat' dir='ltr'><strong>magno</strong></span> <span class='ocrx_word' id='word_1_257' title='bbox 878 2947 948 2988; x_wconf 88' lang='lat' dir='ltr'><strong>cum</strong></span> <span class='ocrx_word' id='word_1_258' title='bbox 968 2945 1071 2989; x_wconf 83' lang='lat' dir='ltr'><strong>rerum</strong></span> <span class='ocrx_word' id='word_1_259' title='bbox 1091 2949 1229 2990; x_wconf 87' lang='lat' dir='ltr'><strong>mearum</strong></span> 
     </span>
     <span class='ocr_line' id='line_1_31' title="bbox 142 3006 1227 3094; baseline 0.006 -28"><span class='ocrx_word' id='word_1_260' title='bbox 142 3006 323 3088; x_wconf 88' lang='lat' dir='ltr'><strong>dispendio,</strong></span> <span class='ocrx_word' id='word_1_261' title='bbox 346 3031 445 3092; x_wconf 86' lang='lat' dir='ltr'><strong>pauco</strong></span> <span class='ocrx_word' id='word_1_262' title='bbox 466 3010 499 3070; x_wconf 90' lang='lat' dir='ltr'><strong>in</strong></span> <span class='ocrx_word' id='word_1_263' title='bbox 519 3009 633 3072; x_wconf 84' lang='lat' dir='ltr'><strong>litteras</strong></span> <span class='ocrx_word' id='word_1_264' title='bbox 653 3010 812 3073; x_wconf 87' lang='lat' dir='ltr'><strong>commodo</strong></span> <span class='ocrx_word' id='word_1_265' title='bbox 831 3031 886 3094; x_wconf 91' lang='lat' dir='ltr'><strong>per</strong></span> <span class='ocrx_word' id='word_1_266' title='bbox 899 3009 991 3074; x_wconf 88' lang='lat' dir='ltr'><strong>huius</strong></span> <span class='ocrx_word' id='word_1_267' title='bbox 1006 3009 1117 3073; x_wconf 87' lang='lat' dir='ltr'><strong>saeculi</strong></span> <span class='ocrx_word' id='word_1_268' title='bbox 1137 3009 1227 3072; x_wconf 90' lang='lat' dir='ltr'><strong>indo-</strong></span> 
     </span>
     <span class='ocr_line' id='line_1_32' title="bbox 143 3087 1227 3178; baseline 0.006 -29"><span class='ocrx_word' id='word_1_269' title='bbox 143 3087 223 3166; x_wconf 87' lang='lat' dir='ltr'><strong>lem,</strong></span> <span class='ocrx_word' id='word_1_270' title='bbox 245 3092 297 3152; x_wconf 87' lang='lat' dir='ltr'><strong>cui</strong></span> <span class='ocrx_word' id='word_1_271' title='bbox 317 3091 451 3156; x_wconf 79' lang='lat' dir='ltr'><strong>Arabica</strong></span> <span class='ocrx_word' id='word_1_272' title='bbox 471 3092 605 3156; x_wconf 88' lang='lat' dir='ltr'><strong>sordent.</strong></span> <span class='ocrx_word' id='word_1_273' title='bbox 648 3095 718 3156; x_wconf 86' lang='lat' dir='ltr'><strong>Non</strong></span> <span class='ocrx_word' id='word_1_274' title='bbox 742 3105 844 3156; x_wconf 87' lang='lat' dir='ltr'><strong>tamen</strong></span> <span class='ocrx_word' id='word_1_275' title='bbox 873 3092 970 3157; x_wconf 91' lang='lat' dir='ltr'><strong>nihilo</strong></span> <span class='ocrx_word' id='word_1_276' title='bbox 991 3104 1149 3178; x_wconf 84' lang='lat' dir='ltr'><strong>propterea</strong></span> <span class='ocrx_word' id='word_1_277' title='bbox 1168 3095 1227 3156; x_wconf 87' lang='lat' dir='ltr'><strong>mi·</strong></span> 
     </span>
     <span class='ocr_line' id='line_1_33' title="bbox 143 3176 1227 3240; baseline 0.008 -10"><span class='ocrx_word' id='word_1_278' title='bbox 143 3193 205 3234; x_wconf 84' lang='lat' dir='ltr'><strong>nus</strong></span> <span class='ocrx_word' id='word_1_279' title='bbox 223 3184 339 3236; x_wconf 81' lang='lat' dir='ltr'><strong>certum</strong></span> <span class='ocrx_word' id='word_1_280' title='bbox 361 3187 406 3237; x_wconf 87' lang='lat' dir='ltr'><strong>est</strong></span> <span class='ocrx_word' id='word_1_281' title='bbox 421 3195 613 3238; x_wconf 84' lang='lat' dir='ltr'><strong>numerosam</strong></span> <span class='ocrx_word' id='word_1_282' title='bbox 633 3188 786 3238; x_wconf 84' lang='lat' dir='ltr'><strong>catervam</strong></span> <span class='ocrx_word' id='word_1_283' title='bbox 808 3187 839 3238; x_wconf 88' lang='lat' dir='ltr'><strong>et</strong></span> <span class='ocrx_word' id='word_1_284' title='bbox 857 3176 942 3240; x_wconf 81' lang='lat' dir='ltr'><strong>velut</strong></span> <span class='ocrx_word' id='word_1_285' title='bbox 963 3177 1113 3240; x_wconf 87' lang='lat' dir='ltr'><strong>coloniam</strong></span> <span class='ocrx_word' id='word_1_286' title='bbox 1134 3197 1227 3239; x_wconf 86' lang='lat' dir='ltr'><strong>voca-</strong></span> 
     </span>
     <span class='ocr_line' id='line_1_34' title="bbox 141 3253 1226 3344; baseline 0.006 -30"><span class='ocrx_word' id='word_1_287' title='bbox 141 3253 287 3317; x_wconf 86' lang='lat' dir='ltr'><strong>bulorum</strong></span> <span class='ocrx_word' id='word_1_288' title='bbox 305 3257 507 3322; x_wconf 79' lang='lat' dir='ltr'><strong>Arabioorum</strong></span> <span class='ocrx_word' id='word_1_289' title='bbox 530 3259 562 3320; x_wconf 89' lang='lat' dir='ltr'><strong>in</strong></span> <span class='ocrx_word' id='word_1_290' title='bbox 584 3280 695 3322; x_wconf 81' lang='lat' dir='ltr'><strong>novam</strong></span> <span class='ocrx_word' id='word_1_291' title='bbox 716 3261 864 3321; x_wconf 84' lang='lat' dir='ltr'><strong>Graecam</strong></span> <span class='ocrx_word' id='word_1_292' title='bbox 878 3257 1012 3344; x_wconf 77' lang='lat' dir='ltr'><strong>linguam</strong></span> <span class='ocrx_word' id='word_1_293' title='bbox 1028 3262 1226 3342; x_wconf 78' lang='lat' dir='ltr'><strong>immigrasse,</strong></span> 
     </span>
     <span class='ocr_line' id='line_1_35' title="bbox 141 3337 1227 3425; baseline 0.004 -27"><span class='ocrx_word' id='word_1_294' title='bbox 141 3348 179 3398; x_wconf 88' lang='lat' dir='ltr'><strong>ut</strong></span> <span class='ocrx_word' id='word_1_295' title='bbox 207 3359 226 3400; x_wconf 90' lang='lat' dir='ltr'><strong>a</strong></span> <span class='ocrx_word' id='word_1_296' title='bbox 254 3337 342 3400; x_wconf 86' lang='lat' dir='ltr'><strong>bellis</strong></span> <span class='ocrx_word' id='word_1_297' title='bbox 371 3351 403 3402; x_wconf 90' lang='lat' dir='ltr'><strong>et</strong></span> <span class='ocrx_word' id='word_1_298' title='bbox 428 3343 615 3410; x_wconf 71' lang='lat' dir='ltr'><strong>commeauiis</strong></span> <span class='ocrx_word' id='word_1_299' title='bbox 635 3343 786 3403; x_wconf 86' lang='lat' dir='ltr'><strong>continuis</strong></span> <span class='ocrx_word' id='word_1_300' title='bbox 803 3345 938 3425; x_wconf 83' lang='lat' dir='ltr'><strong>gentium</strong></span> <span class='ocrx_word' id='word_1_301' title='bbox 962 3345 1131 3406; x_wconf 89' lang='lat' dir='ltr'><strong>vicinarum</strong></span> <span class='ocrx_word' id='word_1_302' title='bbox 1152 3363 1227 3403; x_wconf 93' lang='lat' dir='ltr'><strong>con-</strong></span> 
     </span>
     <span class='ocr_line' id='line_1_36' title="bbox 130 3421 1226 3509; baseline 0.006 -29"><span class='ocrx_word' id='word_1_303' title='bbox 130 3423 260 3502; x_wconf 81' lang='lat' dir='ltr'><strong>·tingere</strong></span> <span class='ocrx_word' id='word_1_304' title='bbox 278 3421 366 3484; x_wconf 86' lang='lat' dir='ltr'><strong>solet.</strong></span> <span class='ocrx_word' id='word_1_305' title='bbox 408 3423 508 3486; x_wconf 87' lang='lat' dir='ltr'><strong>Multa</strong></span> <span class='ocrx_word' id='word_1_306' title='bbox 526 3427 609 3508; x_wconf 89' lang='lat' dir='ltr'><strong>pacis</strong></span> <span class='ocrx_word' id='word_1_307' title='bbox 627 3425 761 3508; x_wconf 82' lang='lat' dir='ltr'><strong>bellique</strong></span> <span class='ocrx_word' id='word_1_308' title='bbox 781 3426 901 3509; x_wconf 84' lang='lat' dir='ltr'><strong>negotia</strong></span> <span class='ocrx_word' id='word_1_309' title='bbox 914 3427 1037 3486; x_wconf 87' lang='lat' dir='ltr'><strong>Graecis</strong></span> <span class='ocrx_word' id='word_1_310' title='bbox 1057 3423 1142 3485; x_wconf 91' lang='lat' dir='ltr'><strong>nullo</strong></span> <span class='ocrx_word' id='word_1_311' title='bbox 1162 3446 1226 3487; x_wconf 89' lang='lat' dir='ltr'><strong>non</strong></span> 
     </span>
     <span class='ocr_line' id='line_1_37' title="bbox 139 3505 1225 3584; baseline 0.007 -22"><span class='ocrx_word' id='word_1_312' title='bbox 139 3513 277 3584; x_wconf 86' lang='lat' dir='ltr'><strong>tempore</strong></span> <span class='ocrx_word' id='word_1_313' title='bbox 296 3505 419 3567; x_wconf 78' lang='lat' dir='ltr'><strong>fircrunt</strong></span> <span class='ocrx_word' id='word_1_314' title='bbox 435 3524 507 3569; x_wconf 87' lang='lat' dir='ltr'><strong>cum</strong></span> <span class='ocrx_word' id='word_1_315' title='bbox 527 3509 702 3583; x_wconf 79' lang='lat' dir='ltr'><strong>Saracenis,</strong></span> <span class='ocrx_word' id='word_1_316' title='bbox 724 3508 821 3569; x_wconf 90' lang='lat' dir='ltr'><strong>donec</strong></span> <span class='ocrx_word' id='word_1_317' title='bbox 837 3508 995 3568; x_wconf 73' lang='lat' dir='ltr'><strong>ambonem</strong></span> <span class='ocrx_word' id='word_1_318' title='bbox 1007 3527 1056 3568; x_wconf 87' lang='lat' dir='ltr'><strong>res</strong></span> <span class='ocrx_word' id='word_1_319' title='bbox 1071 3505 1225 3570; x_wconf 82' lang='lat' dir='ltr'><strong>florerent.</strong></span> 
     </span>
     <span class='ocr_line' id='line_1_38' title="bbox 139 3585 1226 3672; baseline 0.007 -26"><span class='ocrx_word' id='word_1_320' title='bbox 139 3585 318 3667; x_wconf 78' lang='lat' dir='ltr'><strong>Aliquando</strong></span> <span class='ocrx_word' id='word_1_321' title='bbox 347 3610 469 3672; x_wconf 89' lang='lat' dir='ltr'><strong>quoque</strong></span> <span class='ocrx_word' id='word_1_322' title='bbox 496 3590 653 3653; x_wconf 84' lang='lat' dir='ltr'><strong>traductae</strong></span> <span class='ocrx_word' id='word_1_323' title='bbox 682 3593 715 3653; x_wconf 84' lang='lat' dir='ltr'><strong>ia</strong></span> <span class='ocrx_word' id='word_1_324' title='bbox 743 3591 904 3652; x_wconf 85' lang='lat' dir='ltr'><strong>Graeciam</strong></span> <span class='ocrx_word' id='word_1_325' title='bbox 928 3591 974 3652; x_wconf 85' lang='lat' dir='ltr'><strong>int</strong></span> <span class='ocrx_word' id='word_1_326' title='bbox 1044 3610 1062 3652; x_wconf 91' lang='lat' dir='ltr'><strong>e</strong></span> <span class='ocrx_word' id='word_1_327' title='bbox 1090 3589 1226 3654; x_wconf 88' lang='lat' dir='ltr'><strong>coloniae</strong></span> 
     </span>
     <span class='ocr_line' id='line_1_39' title="bbox 140 3671 1222 3758; baseline 0.01 -30"><span class='ocrx_word' id='word_1_328' title='bbox 140 3671 277 3748; x_wconf 75' lang='lat' dir='ltr'><strong>gentium</strong></span> <span class='ocrx_word' id='word_1_329' title='bbox 311 3672 503 3734; x_wconf 82' lang='lat' dir='ltr'><strong>orientalium</strong></span> <span class='ocrx_word' id='word_1_330' title='bbox 538 3673 671 3737; x_wconf 81' lang='lat' dir='ltr'><strong>Arabica</strong></span> <span class='ocrx_word' id='word_1_331' title='bbox 697 3672 898 3756; x_wconf 89' lang='lat' dir='ltr'><strong>loquentium.</strong></span> <span class='ocrx_word' id='word_1_332' title='bbox 949 3673 990 3740; x_wconf 84' lang='lat' dir='ltr'><strong>Vi</strong></span> <span class='ocrx_word' id='word_1_333' title='bbox 1015 3716 1024 3736; x_wconf 91' lang='lat'><strong>.</strong></span> <span class='ocrx_word' id='word_1_334' title='bbox 1056 3673 1222 3758; x_wconf 83' lang='lat' dir='ltr'><strong>Nicephor.</strong></span> 
     </span>
     <span class='ocr_line' id='line_1_40' title="bbox 140 3750 1151 3837; baseline 0.014 -27"><span class='ocrx_word' id='word_1_335' title='bbox 140 3750 226 3812; x_wconf 85' lang='lat' dir='ltr'><strong>Patr.</strong></span> <span class='ocrx_word' id='word_1_336' title='bbox 247 3751 364 3813; x_wconf 88' lang='lat' dir='ltr'><strong>CPtani</strong></span> <span class='ocrx_word' id='word_1_337' title='bbox 384 3755 521 3816; x_wconf 87' lang='lat' dir='ltr'><strong>Breviar.</strong></span> <span class='ocrx_word' id='word_1_338' title='bbox 544 3777 578 3837; x_wconf 88' lang='lat' dir='ltr'><strong>p.</strong></span> <span class='ocrx_word' id='word_1_339' title='bbox 592 3755 664 3836; x_wconf 69' lang='lat' dir='ltr'><strong>aod.</strong></span> <span class='ocrx_word' id='word_1_340' title='bbox 1148 3753 1151 3760; x_wconf 70' lang='grc'><strong>’</strong></span> 
     </span>
    </p>

    <p class='ocr_par' dir='ltr' id='par_1_7' title="bbox 137 3831 1225 4172">
     <span class='ocr_line' id='line_1_41' title="bbox 225 3831 1225 3922; baseline 0.006 -28"><span class='ocrx_word' id='word_1_341' title='bbox 225 3834 262 3894; x_wconf 87' lang='lat' dir='ltr'><strong>C.</strong></span> <span class='ocrx_word' id='word_1_342' title='bbox 279 3834 311 3897; x_wconf 87' lang='lat'><strong>6.</strong></span> <span class='ocrx_word' id='word_1_343' title='bbox 329 3834 415 3920; x_wconf 72' lang='lat'><strong>[470,</strong></span> <span class='ocrx_word' id='word_1_344' title='bbox 428 3839 474 3920; x_wconf 80' lang='lat'><strong>7.]</strong></span> <span class='ocrx_word' id='word_1_345' title='bbox 496 3833 703 3919; x_wconf 76' lang='grc' dir='ltr'><strong>μασουρωτᾶ.</strong></span> <span class='ocrx_word' id='word_1_346' title='bbox 723 3841 829 3916; x_wconf 89' lang='lat' dir='ltr'><strong>Quum</strong></span> <span class='ocrx_word' id='word_1_347' title='bbox 848 3831 1025 3922; x_wconf 74' lang='grc' dir='ltr'><strong><em>μασούριον</em></strong></span> <span class='ocrx_word' id='word_1_348' title='bbox 1046 3860 1065 3898; x_wconf 92' lang='lat' dir='ltr'><strong>a</strong></span> <span class='ocrx_word' id='word_1_349' title='bbox 1079 3836 1130 3902; x_wconf 88' lang='lat' dir='ltr'><strong>Du</strong></span> <span class='ocrx_word' id='word_1_350' title='bbox 1143 3837 1225 3900; x_wconf 77' lang='lat' dir='ltr'><strong>Can-</strong></span> 
     </span>
     <span class='ocr_line' id='line_1_42' title="bbox 137 3914 1225 4004; baseline 0.007 -28"><span class='ocrx_word' id='word_1_351' title='bbox 137 3915 189 3996; x_wconf 75' lang='lat' dir='ltr'><strong>gio</strong></span> <span class='ocrx_word' id='word_1_352' title='bbox 213 3914 265 3977; x_wconf 86' lang='lat' dir='ltr'><strong>Gi.</strong></span> <span class='ocrx_word' id='word_1_353' title='bbox 279 3917 334 3979; x_wconf 88' lang='lat' dir='ltr'><strong>Gr.</strong></span> <span class='ocrx_word' id='word_1_354' title='bbox 355 3940 411 4001; x_wconf 83' lang='lat' dir='ltr'><strong>per</strong></span> <span class='ocrx_word' id='word_1_355' title='bbox 430 3921 568 4002; x_wconf 69' lang='lat' dir='ltr'><strong>lagemda</strong></span> <span class='ocrx_word' id='word_1_356' title='bbox 590 3924 698 4004; x_wconf 84' lang='lat' dir='ltr'><strong>exponi</strong></span> <span class='ocrx_word' id='word_1_357' title='bbox 719 3922 866 3998; x_wconf 82' lang='lat' dir='ltr'><strong>viderem,</strong></span> <span class='ocrx_word' id='word_1_358' title='bbox 886 3921 955 3984; x_wconf 91' lang='lat' dir='ltr'><strong>dedi</strong></span> <span class='ocrx_word' id='word_1_359' title='bbox 976 3925 1008 3984; x_wconf 91' lang='lat' dir='ltr'><strong>in</strong></span> <span class='ocrx_word' id='word_1_360' title='bbox 1029 3922 1145 3984; x_wconf 88' lang='lat' dir='ltr'><strong>Latinis</strong></span> <span class='ocrx_word' id='word_1_361' title='bbox 1159 3943 1225 3984; x_wconf 82' lang='lat' dir='ltr'><strong>eom</strong></span> 
     </span>
     <span class='ocr_line' id='line_1_43' title="bbox 137 4000 1224 4086; baseline 0.008 -29"><span class='ocrx_word' id='word_1_362' title='bbox 137 4000 260 4060; x_wconf 66' lang='grc' dir='ltr'><strong>ιἰιεειταζτ</strong></span> <span class='ocrx_word' id='word_1_363' title='bbox 277 4001 431 4082; x_wconf 69' lang='lat' dir='ltr'><strong>hgemsld.</strong></span> <span class='ocrx_word' id='word_1_364' title='bbox 455 4003 590 4066; x_wconf 85' lang='lat' dir='ltr'><strong>Rectene</strong></span> <span class='ocrx_word' id='word_1_365' title='bbox 608 4025 647 4066; x_wconf 91' lang='lat' dir='ltr'><strong>an</strong></span> <span class='ocrx_word' id='word_1_366' title='bbox 666 4026 763 4084; x_wconf 86' lang='lat' dir='ltr'><strong>secus,</strong></span> <span class='ocrx_word' id='word_1_367' title='bbox 785 4006 917 4068; x_wconf 85' lang='lat' dir='ltr'><strong>viderint</strong></span> <span class='ocrx_word' id='word_1_368' title='bbox 937 4003 999 4068; x_wconf 85' lang='lat' dir='ltr'><strong>alii.</strong></span> <span class='ocrx_word' id='word_1_369' title='bbox 1021 4003 1137 4067; x_wconf 91' lang='lat' dir='ltr'><strong>Vereor</strong></span> <span class='ocrx_word' id='word_1_370' title='bbox 1151 4025 1224 4086; x_wconf 85' lang='lat' dir='ltr'><strong>pro-</strong></span> 
     </span>
     <span class='ocr_line' id='line_1_44' title="bbox 138 4079 1224 4172; baseline 0.002 -27"><span class='ocrx_word' id='word_1_371' title='bbox 138 4079 230 4156; x_wconf 84' lang='lat' dir='ltr'><strong>fecto,</strong></span> <span class='ocrx_word' id='word_1_372' title='bbox 252 4103 291 4142; x_wconf 91' lang='lat' dir='ltr'><strong>ne</strong></span> <span class='ocrx_word' id='word_1_373' title='bbox 311 4086 423 4146; x_wconf 89' lang='lat' dir='ltr'><strong>rectius</strong></span> <span class='ocrx_word' id='word_1_374' title='bbox 439 4085 531 4148; x_wconf 74' lang='lat' dir='ltr'><strong>luerit</strong></span> <span class='ocrx_word' id='word_1_375' title='bbox 553 4109 619 4148; x_wconf 78' lang='lat' dir='ltr'><strong>arm</strong></span> <span class='ocrx_word' id='word_1_376' title='bbox 648 4089 770 4151; x_wconf 63' lang='lat' dir='ltr'><strong>intextio</strong></span> <span class='ocrx_word' id='word_1_377' title='bbox 794 4089 960 4172; x_wconf 72' lang='lat' dir='ltr'><strong>siphonibus</strong></span> <span class='ocrx_word' id='word_1_378' title='bbox 991 4099 1045 4150; x_wconf 87' lang='lat' dir='ltr'><strong>aut</strong></span> <span class='ocrx_word' id='word_1_379' title='bbox 1064 4087 1224 4165; x_wconf 88' lang='lat' dir='ltr'><strong>cannulis,</strong></span> 
     </span>
    </p>
   </div>
   <div class='ocr_carea' id='block_1_7' title="bbox 139 4161 1224 4256">
    <p class='ocr_par' dir='ltr' id='par_1_8' title="bbox 139 4161 1224 4256">
     <span class='ocr_line' id='line_1_45' title="bbox 139 4161 1224 4256; baseline 0.003 -21"><span class='ocrx_word' id='word_1_380' title='bbox 139 4161 283 4244; x_wconf 64' lang='lat' dir='ltr'><strong>cylindtia</strong></span> <span class='ocrx_word' id='word_1_381' title='bbox 303 4163 411 4252; x_wconf 71' lang='lat' dir='ltr'><strong>longia</strong></span> <span class='ocrx_word' id='word_1_382' title='bbox 453 4169 527 4239; x_wconf 77' lang='lat' dir='ltr'><strong>Nam</strong></span> <span class='ocrx_word' id='word_1_383' title='bbox 548 4181 697 4254; x_wconf 83' lang='lat' dir='ltr'><strong>quantum</strong></span> <span class='ocrx_word' id='word_1_384' title='bbox 716 4170 827 4256; x_wconf 76' lang='lat' dir='ltr'><strong>colligo</strong></span> <span class='ocrx_word' id='word_1_385' title='bbox 848 4193 882 4236; x_wconf 83' lang='lat' dir='ltr'><strong>ex</strong></span> <span class='ocrx_word' id='word_1_386' title='bbox 904 4171 1001 4240; x_wconf 84' lang='lat' dir='ltr'><strong>allatis</strong></span> <span class='ocrx_word' id='word_1_387' title='bbox 1030 4193 1048 4240; x_wconf 83' lang='lat' dir='ltr'><strong>a</strong></span> <span class='ocrx_word' id='word_1_388' title='bbox 1076 4171 1128 4238; x_wconf 86' lang='lat' dir='ltr'><strong>Du</strong></span> <span class='ocrx_word' id='word_1_389' title='bbox 1143 4171 1224 4238; x_wconf 71' lang='lat' dir='ltr'><strong>Cau·</strong></span> 
     </span>
    </p>
   </div>
   <div class='ocr_carea' id='block_1_8' title="bbox 0 0 1492 4892">
    <p class='ocr_par' dir='ltr' id='par_1_9' title="bbox 0 0 1492 4892">
     <span class='ocr_line' id='line_1_46' title="bbox 0 0 1492 4892; baseline 0 4"><span class='ocrx_word' id='word_1_390' title='bbox 0 0 1492 4892; x_wconf 95' lang='lat' dir='ltr'><strong> </strong></span> 
     </span>
    </p>
   </div>
  </div>
 </body>
</html>
