2975 4892
299 214 301 217 ⁵
341 230 424 348 288
571 226 627 328 ro.
656 261 736 330 uc.
765 237 1247 337 essm-musantia
1317 251 1322 317 ἑ

337 422 486 506 peratoris
507 421 621 507 litteras
649 434 749 487 exarat
778 435 809 484 et
835 425 939 486 dietat.
982 425 1068 488 Idem
1094 428 1207 489 Gnarus
1232 427 1269 490 ad
1291 425 1384 492 Codin.
1404 425 1413 438 ⁹

338 527 372 588 p.
392 507 441 568 30.
462 505 519 567 ult.
547 511 693 568 actuarios
707 507 818 568 reddit.
861 507 954 590 Apud
968 510 1099 572 Leonem
1114 513 1273 571 Grammat.
1285 535 1311 594 p.
1323 515 1384 586 450.

338 591 381 649 D.
405 589 542 650 redditur
559 605 735 675 exceptores.
791 588 1036 692 Theophylactus
1055 593 1213 653 Simocatta
1236 599 1388 656 nominatru

340 671 371 734 in
393 671 482 734 titulo
497 671 638 734 historiae
663 695 735 734 suae
757 662 818 732 cino
840 673 988 754 ἐπαρχων
1006 675 1061 736 καί
1085 671 1303 757 α’ντιγραῳεδς,
1319 679 1389 757 quod

339 755 422 837 apud
437 755 484 817 Cl.
506 755 699 834 Fabricium,
720 752 813 838 (Bibl.
847 757 902 816 Gr.
926 758 965 816 T.
995 759 1050 818 Vl.
1075 781 1106 840 p.
1134 757 1217 841 281.)
1246 763 1390 844 praefectus

306 906 311 914 .
339 855 369 899 et
392 839 551 900 tabularius
576 839 725 919 redditur,
750 839 815 899 aliis
833 843 1038 924 expraeficms
1058 855 1088 902 et
1114 841 1276 902 observator
1291 857 1390 902 coemo-

339 943 424 982 rum:
445 925 530 983 cuius
555 921 808 1006 interpretationis
829 924 976 983 rationem
1003 945 1057 1004 ego
1076 923 1188 984 nullam
1203 925 1296 984 video.
1330 917 1391 986 'Ar-

338 998 754 1148 i‘ffl‘iiiiiii‘iiii
771 1005 1391 1168 νίῗῑέἔῗγιζῖφῖἷἓδῗᾲδῖξδ·Ἶὶιῗδί

337 1182 399 1227 ctat
414 1109 672 1245 adfflmemcriam,
704 1133 844 1252 mugiirter
864 1173 1034 1231 memoriae.
1076 1113 1232 1232 Sblmasius
1252 1113 1341 1232 abtim
1358 1169 1391 1230 ad

339 1251 449 1337 Script.
478 1253 558 1314 Hist.
571 1254 652 1338 Aug.
670 1255 709 1319 T.
730 1253 768 1314 ll.
788 1274 820 1334 p.
840 1249 929 1334 785„
950 1253 1002 1312 ubi
1022 1255 1089 1314 iisse
1113 1256 1151 1314 de
1173 1254 1219 1314 his
1234 1253 1393 1336 antigraphis

337 1332 933 1486 irritamentum
951 1336 1392 1502 err...

281 1560 286 1568 ,
337 1504 410 1567 citat
431 1504 547 1587 aliquot
563 1444 648 1578 idea,
662 1525 679 1564 e
696 1503 806 1586 quibus
822 1500 1020 1562 concludatur
1031 1443 1242 1586 ‚mnupaptios
1255 1512 1282 1562 et
1300 1466 1391 1561 cimel·

336 1586 430 1645 iarios
458 1589 578 1648 eosdem
597 1608 679 1666 esse,
708 1607 784 1669 quos
804 1595 905 1646 tamen
925 1595 955 1644 et
974 1595 1075 1645 noster
1095 1585 1188 1646 codex
1213 1599 1242 1644 et
1259 1585 1305 1646 alit
1329 1584 1393 1643 bene

336 1669 426 1729 multi
449 1669 637 1753 distinguunt
659 1680 695 1737 ut
719 1669 865 1730 diversos.
909 1667 946 1728 In
975 1669 1154 1728 universum
1175 1667 1312 1728 obscurae
1335 1675 1392 1726 sunt

336 1753 469 1813 rationes
485 1753 676 1836 dignitatum.

361 1912 364 1917 ,
418 1831 458 1919 Β.
478 1859 510 1921 6.
533 1858 619 2003 [a6q,
634 1855 683 1941 6.]
714 1851 886 1938 οἷνοτοῖριαν.
934 1859 979 1918 Μ.
1005 1837 1090 1932 W,
1115 1858 1147 1920 id
1167 1869 1220 1938 est,
1236 1848 1389 1938 ἄνθρωπον.

261 1991 264 1998 .
337 1940 558 2023 Compendium
609 1963 645 2004 oc
669 1942 859 2022 scripturae,
889 1944 1027 2023 quamvis
1054 1941 1144 2004 valde
1167 1944 1318 2024 frequens,
1342 1939 1391 1998 fre·

336 2023 1102 2187 tttttttttttttttttt⁰¹¹tttt¹titt⁵
1126 2026 1264 2169 itit
1279 2023 1395 2166 titt

336 2191 485 2269 θρωαος,
510 2191 614 2266 mmo,
644 2188 803 2249 famulum.
851 2189 898 2250 Ea
919 2191 1138 2272 significatione
1167 2201 1289 2270 utraque
1304 2207 1354 2246 vox
1368 2185 1393 2240 in

335 2283 466 2352 utraque
501 2271 605 2354 lingua
629 2272 825 2353 scriptoribus
848 2275 1021 2354 aequiorum
1050 2284 1222 2356 temporum
1242 2272 1393 2352 frequenter

337 2365 523 2434 usurpatur,
553 2366 588 2416 ut
617 2355 779 2437 Capitolio.
804 2357 836 2415 in
861 2357 1018 2417 Pertinace
1044 2357 1084 2415 Τ.
1110 2359 1136 2417 l.
1150 2357 1213 2417 Ser.
1234 2355 1307 2414 Hist.
1325 2353 1391 2428 Aug.

336 2458 369 2520 p.
381 2435 454 2498 566.
465 2460 474 2498 ι
499 2451 678 2498 mercaturus
691 2441 824 2498 exeram
836 2437 1005 2512 Imperator
1012 2461 1070 2522 per
1086 2441 1217 2500 domums
1233 2457 1311 2510 suos,
1324 2427 1392 2514 quod

336 2520 419 2582 idem
434 2541 465 2601 p.
488 2522 561 2604 557.
584 2520 721 2582 dixerat:
758 2535 900 2581 mercatus
918 2535 960 2582 est
975 2543 1035 2605 per
1045 2543 1149 2583 servor
1165 2543 1239 2582 suos.
1281 2515 1394 2579 Artemi-

337 2601 430 2664 dorus
451 2604 512 2663 iam
544 2593 712 2684 ἄνθρωπος
740 2623 798 2685 pro
817 2603 956 2665 familiari
982 2605 1109 2686 posuit,
1130 2627 1163 2686 p.
1175 2605 1226 2687 95.
1256 2621 1299 2660 tt.
1337 2596 1391 2656 Nu·

337 2706 423 2747 mero
445 2697 549 2747 carent
567 2687 703 2768 exempta
720 2684 810 2746 huius
829 2709 901 2747 usus
917 2685 948 2746 in
968 2686 1026 2747 hoc
1040 2699 1146 2748 nostro
1165 2686 1265 2747 codice
1279 2689 1395 2766 prosten-

336 2772 391 2830 tia.
430 2771 469 2833 V.
497 2769 565 2828 DC.
581 2769 680 2830 Gloss.
701 2761 933 2848 r.'Ardpomor
954 2780 985 2830 et
1006 2769 1122 2831 Homo.
1438 2829 1439 2836 ,

420 2849 454 2912 B.
474 2849 505 2911 8.
527 2850 617 2933 [269,
638 2849 685 2933 8.]
706 2851 762 2911 τοῦ
785 2849 1028 2929 διαδειχδέντος.
1051 2853 1146 2913 Recte
1166 2851 1211 2912 M.
1233 2838 1395 2922 διαδεχδὲν·

334 2951 404 3009 τος,
425 2932 508 3008 eius,
529 2935 584 3013 qui
604 2926 770 3010 διάδοχον,
791 2945 988 3014 exceptorem,
1010 2955 1211 2996 successorem
1231 2941 1328 2992 nactus
1350 2931 1394 3018 mi,

194 3017 413 3096 Edlnqrjeius,
432 3017 487 3094 qui
507 3035 631 3074 munere
646 3015 782 3090 decessit,
802 3028 855 3076 aut
874 3029 991 3076 amotus
1003 3017 1069 3077 brit.
1092 3018 1269 3099 Saepissime
1285 3011 1397 3071 accunt

338 3096 421 3179 apud
439 3097 631 3177 spartianum
659 3119 847 3158 successorem
870 3100 961 3160 alicui
982 3100 1080 3172 dare,
1104 3121 1161 3183 pro
1194 3117 1307 3158 mutere
1325 3107 1394 3186 agag·

336 3201 418 3241 cere.
446 3180 661 3261 Theophanes
682 3201 714 3262 p.
739 3178 810 3240 208.
836 3182 871 3242 C.
895 3179 944 3241 8.:
965 3179 1116 3264 διεδέχδη
1140 3173 1316 3262 Προκόιιιος
1332 3191 1346 3231 ⁰
1363 3189 1395 3262 νζ

336 3281 461 3344 παρχας
481 3261 537 3342 τῆς
559 3255 680 3334 πόλεως
704 3260 762 3322 κατ’
791 3263 912 3343 γέγονεν
932 3259 997 3324 oirr’
1021 3261 1120 3324 αδτοῦ
1138 3259 1286 3340 Ἀνδρέας
1309 3251 1324 3314 d
1344 3247 1395 3312 α’νιν

336 3344 528 3424 tervisinis,
553 3347 700 3428 Procopio
728 3345 816 3406 Urbis
843 3349 993 3430 praesecto
1011 3361 1202 3407 ermretomto
1220 3340 1400 3430 irutitutroneti

337 3428 478 3488 Andreas
505 3430 700 3510 exlogotlseta.
765 3428 848 3488 ldem
876 3439 981 3489 auctor
1016 3432 1048 3489 in
1081 3427 1296 3511 significatione
1315 3427 1398 3509 acuta

336 3509 462 3569 adhibet
480 3508 685 3588 διαδέχεσθαι
704 3531 762 3592 pro
781 3525 990 3588 exazwtorare,
1022 3532 1148 3586 curare,
1170 3521 1204 3571 nt
1227 3504 1310 3568 alicui
1327 3517 1398 3590 vem·

337 3601 390 3666 at,
412 3592 519 3652 subeat
532 3589 702 3672 διάδοχος,
723 3615 887 3654 successor.
930 3594 969 3652 P.
992 3615 1066 3654 aar.
1089 3595 1131 3654 A.
1153 3591 1198 3655 5.:
1221 3587 1239 3650 d
1262 3583 1398 3656 αδτοκρᾱ·

337 3692 401 3752 τωρ
423 3667 519 3734 πάλιν
539 3675 595 3752 τῆς
614 3675 802 3755 στρατηγίας
822 3671 877 3736 τδν
888 3669 1077 3736 Φιλιππικὸν
1098 3670 1330 3750 διαδεξάμενος,
1343 3661 1399 3758 ,ΧΨ

336 3749 499 3831 μεντίολαν
518 3751 692 3844 στρατηγὸν
719 3757 775 3837 τῆς
804 3755 958 3836 ἀνατολῆς
986 3756 1180 3837 αἰιέστειλεν,
1221 3753 1400 3834 Philippum

338 3835 461 3916 regendi
471 3839 615 3897 exercitus
631 3863 748 3900 munem
756 3841 935 3914 abdicatum,
965 3841 1177 3900 Commentiolo
1202 3834 1326 3896 Oneum
1340 3825 1400 3885 11¹¹&

234 3990 240 3998 ι
337 3920 436 3989 misso,
451 3917 622 4000 Imperator
630 3926 791 3982 revocavit.
813 3923 884 3983 Vid.
907 3922 949 3983 ad
959 3923 1076 3983 Codicis
1091 3924 1187 3983 nostri
1197 3943 1229 4002 p.
1250 3917 1313 3979 158.
1324 3911 1358 3968 D·
1372 3903 1399 3977 4·

341 3998 535 4079 Herodianus
555 4001 630 4061 dixit
651 3997 803 4083 διάδοχόν
823 4025 883 4065 τινι
904 4005 1039 4081 πέμπειν
1059 4003 1114 4064 καί
1134 4004 1192 4065 τοῦ
1214 3999 1319 4066 ἔθνους
1333 3987 1404 4063 ἐξελ·

339 4079 412 4141 δεῖν
429 4075 576 4144 κελεύειν.
611 4087 692 4159 yid.
712 4086 843 4147 Casaub.
866 4088 904 4148 ad
923 4088 989 4148 Sor.
1004 4089 1081 4153 Hist.
1103 4087 1186 4168 Aug.
1203 4086 1241 4143 T.
1262 4082 1401 4158 1.p·2⁰7·

339 4173 371 4223 et
395 4163 466 4248 ²57·
485 4165 612 4229 Salmas.
634 4167 673 4228 ad
695 4170 735 4230 T.
758 4170 802 4230 11.
828 4191 860 4252 p.
884 4192 938 4254 99.
960 4169 1062 4231 Vates.
1081 4170 1121 4231 ad
1142 4169 1246 4231 Amm.
1268 4164 1401 4230 Marc-P·
1438 4227 1439 4250 ,

49 3071 77 3109 Ι
