2975 4892
121 401 180 470 m
209 401 433 472 normam.
471 399 620 474 romu.
645 403 700 470 uu
733 401 870 472 cmm.
898 407 973 472 un
1002 410 1029 473 r.
1057 381 1143 500 387

70 563 159 625 baim
170 560 325 624 vocisncn
342 557 492 638 mendae,
511 558 564 624 red
573 559 672 644 potins
684 561 722 624 de
729 563 883 644 marsupio
889 561 1039 626 velbnrsa
1052 565 1146 629 inter·

68 647 205 731 preteri;
228 645 293 706 sive
310 645 371 704 iam
385 643 537 727 praefecto
550 663 588 706 eo
608 645 667 706 fine
687 643 798 707 bursae
817 643 878 708 bac
895 651 1026 710 nummis
1039 647 1147 730 menae

68 727 300 812 praeferrentur,
322 738 358 787 nt
379 747 465 788 suam
485 725 578 788 veluti
599 727 771 810 eparelriam
793 749 864 812 aper
882 741 980 808 erent,
1001 733 1147 812 quemad·

66 813 187 872 modum
218 811 289 872 novi
321 809 460 870 consules
490 829 580 872 suum
607 809 818 890 consulatum,
849 750 947 874 idest
968 813 1091 876 missilia
1111 820 1145 878 In

66 894 210 976 populum
233 893 420 975 prolicienda
449 896 534 967 (non
553 903 655 954 tamen
675 892 799 954 memini
821 892 860 956 de
885 895 1043 977 praefectis
1064 897 1146 961 idem

66 977 144 1060 quod
171 976 211 1037 de
242 973 414 1037 consulibus
442 972 569 1058 legerult
596 979 660 1037 sisa
680 976 841 1038 donarium
860 977 919 1038 boc
939 991 1038 1054 essm,
1060 981 1145 1064 quod

67 1071 116 1122 aut
137 1061 319 1142 Imperator,
340 1067 393 1120 aut
413 1057 486 1120 urbs
505 1078 586 1120 novo
608 1059 759 1142 praelecto
777 1058 982 1122 conciliandae
1010 1061 1144 1125 benero-

66 1141 171 1206 Ientiae
246 1145 287 1202 tin
315 1141 477 1204 exhiberet.
521 1141 624 1220 Quid,
644 1143 669 1203 si
692 1141 803 1203 boram
821 1143 1016 1226 persicicrnm

66 1247 134 1286 nem
152 1161 334 1288 habbalemus
355 1225 386 1286 in
407 1221 550 1366 dipppcbc
571 1223 624 1286 illo
637 1225 809 1302 consulari,
829 1229 917 1288 cuins
932 1167 1143 1312 ectypulbbwd:

68 1307 112 1369 dit
130 1309 180 1369 Du
201 1307 303 1390 Carsge
322 1305 385 1368 tab.
414 1325 441 1366 r.
484 1309 581 1368 issert.
601 1307 641 1368 de
663 1312 796 1370 nummis
810 1311 876 1370 neri
895 1310 1006 1390 medIi,
1027 1311 1081 1372 ubi
1102 1311 1143 1375 ad

67 1391 181 1474 singula
203 1389 298 1452 latera
318 1387 550 1467 settaeuumtis,
574 1391 624 1450 cui
644 1389 750 1452 consul
771 1391 896 1466 insidet,
917 1393 1146 1474 conspiciuntur

67 1473 171 1556 u'nguli
194 1473 274 1551 viri,
301 1481 438 1532 tenentes
468 1483 596 1555 utraque
626 1493 717 1534 manu
747 1495 927 1556 mapparum
950 1474 1088 1552 lacinias,
1109 1482 1144 1542 in

67 1577 195 1638 quarum
218 1573 403 1638 mapparum
423 1555 524 1616 medio
543 1559 620 1616 iacet
644 1555 772 1638 aliquid,
794 1556 877 1638 quod
896 1561 1026 1619 nummis
1046 1560 1143 1624 simile

69 1644 130 1700 est?
153 1641 251 1700 Certe
266 1659 322 1720 pro
342 1639 474 1698 nummis
495 1637 547 1698 Du
571 1637 670 1722 Gange
684 1659 805 1722 quoque
817 1639 942 1714 babuit,
963 1643 1049 1702 cuius
1068 1641 1144 1708 baec

66 1733 131 1784 sunt
150 1721 248 1783 verba
276 1719 393 1803 §sume
429 1719 563 1797 „NescIo
583 1742 623 1780 an
645 1725 709 1802 Ipsa
730 1721 875 1803 explicata
904 1733 1064 1786 censeatur
1080 1745 1146 1789 esse

70 1805 97 1864 in
115 1805 223 1866 codem
245 1802 390 1886 diptycho
409 1823 520 1884 mappa
539 1805 572 1864 In
593 1803 672 1866 binis
694 1803 796 1888 liguris
808 1848 819 1882 ,
833 1825 911 1886 quae
929 1803 1020 1866 sellae
1039 1803 1144 1869 lateri·

70 1885 120 1950 bus
138 1887 367 1970 appinguntur,
390 1905 520 1968 quarum
540 1885 675 1968 singulae
689 1886 769 1948 binis
788 1885 929 1949 manibus
950 1909 1073 2031 mappas
1093 1911 1145 1950 ex-

70 1969 185 2050 plicatas
205 1979 311 2030 tenent
331 1969 362 2028 in
384 1966 526 2028 ludorum
545 1969 683 2032 editionis
703 1969 901 2054 symbolum?
918 1972 977 2032 nisi
1007 1982 1074 2033 crte
1091 1993 1147 2034 eae

70 2072 132 2136 map
170 2075 189 2114 e
205 2053 381 2113 contineant
390 2071 585 2112 nummorum
606 2063 719 2112 certam
746 2053 959 2136 quantitatem,
982 2057 1035 2134 qui
1055 2053 1146 2118 efficti

66 2155 183 2280 litua
211 2133 679 2280 sstttttttt‘t’ltti
692 2133 916 2298 {stitit
931 2133 1201 2305 li‘i‘ii‘ilsssm
1218 2149 1251 2206 ¹·
1274 2163 1324 2208 ”¹

68 2313 162 2444 ff.
180 2301 271 2363 locus
291 2319 382 2380 supra
403 2298 541 2359 laudatus
559 2319 591 2380 p.
610 2299 682 2396 ario,
704 2301 746 2363 D.
767 2301 799 2362 5.
842 2301 949 2383 Aeque
969 2301 1050 2400 enim
1072 2325 1145 2386 pm·

123 2384 161 2445 tle
182 2394 254 2455 est,
275 2382 382 2442 bursas
403 2401 484 2442 novo
504 2379 682 2464 Imperatori
697 2403 733 2444 ec
753 2383 813 2445 fine
833 2383 950 2445 oblatas
973 2383 1084 2460 titisse,
1110 2397 1147 2450 ut

67 2468 225 2547 pesmniam
249 2465 318 2526 inde
333 2465 520 2546 depromtam
540 2464 571 2526 In
592 2467 833 2528 circumstantem
854 2477 884 2527 et
904 2465 1069 2528 inhiantem
1089 2491 1147 2550 po-

105 2550 165 2612 Inm
194 2557 370 2634 spargeret,
402 2567 494 2630 quam
521 2567 577 2624 ec,
601 2559 637 2608 ut
667 2547 782 2610 donum
810 2551 975 2630 gratuitum
1004 2551 1068 2632 ipse
1088 2553 1146 2614 sibi

67 2570 209 2714 llum,
236 2652 298 2714 quc
320 2628 423 2691 oblato
444 2627 613 2712 respublica
634 2651 751 2692 novum
771 2629 829 2692 sibi
843 2641 1010 2708 rectorem,
1030 2643 1061 2692 et
1074 2631 1146 2696 buic

67 2735 96 2776 se
114 2715 308 2798 faustumque
333 2713 486 2774 fortunam
506 2711 718 2795 gratularetur.
759 2713 830 2774 Non
852 2715 932 2774 enim
951 2735 1014 2774 una
1033 2713 1147 2796 bursa,

68 2797 114 2858 sed
132 2800 244 2882 plnres
265 2817 347 2858 novo
359 2797 536 2878 Imperatori
550 2797 819 2877 praeferebantur,
839 2807 876 2856 ut
887 2817 922 2856 ex
936 2795 959 2857 l.
975 2817 1003 2856 c.
1020 2809 1148 2866 constat.

69 2880 177 2944 Verum
192 2879 355 2966 posteriori
368 2878 439 2940 buic
452 2880 642 2940 coniecturae
655 2879 755 2940 obstat
766 2879 816 2942 ille
831 2878 915 2940 loona
929 2879 1017 2959 (infra
1029 2901 1062 2960 p.
1072 2880 1145 2961 adt.

66 2963 99 3024 C.
122 2965 189 3044 4.),
222 2983 289 3046 qno
317 2962 459 3022 dicuntur
491 2963 551 3022 viri
569 2961 683 3024 ordinis
703 2964 846 3024 senatorii
865 2982 948 3022 noro
967 2963 1146 3045 Imperatori

69 3048 221 3126 pittacium
246 3065 300 3108 eeu
320 3045 471 3106 cambium
492 3044 530 3105 de
549 3055 596 3106 ter
617 3043 700 3105 mille
719 3044 805 3106 libris
819 3046 885 3106 auri
899 3045 1061 3106 utdcnum
1076 3069 1146 3130 gra-

69 3133 170 3193 tuitum
184 3130 277 3192 urbis
290 3131 388 3211 regiae
400 3125 526 3202 offerre,
548 3138 706 3210 postqrram
722 3129 753 3190 irs
767 3127 1014 3210 praecedentibus
1029 3131 1147 3211 (patio.

69 3210 104 3270 I).
119 3216 172 3294 3.)
205 3214 328 3276 dictum
353 3221 430 3274 esset
459 3209 513 3292 ipsi
541 3209 688 3293 praelatas
716 3211 807 3272 tirisse
833 3231 937 3271 cruces
957 3222 988 3271 et
1006 3213 1145 3293 persida.

72 3293 128 3358 lion
147 3319 223 3381 ergo
246 3305 415 3378 potuerunt
424 3295 561 3437 pernicia
582 3294 696 3353 donum
719 3297 883 3376 gratrritum
901 3295 1079 3374 Imperatori
1092 3294 1147 3355 de·

27 3379 31 3459 ζ
71 3382 205 3441 stinatum
227 3378 397 3438 continere.
454 3377 563 3459 tquid,
583 3377 607 3438 si
629 3375 798 3458 praelectis,
811 3378 928 3460 quoties
939 3376 1146 3457 procederent,

74 3464 149 3524 toties
170 3464 331 3546 persicum
353 3459 476 3522 obviarn
497 3459 646 3522 serretur?
693 3457 785 3536 Quod
811 3479 906 3542 paene
934 3457 1054 3539 colligas
1073 3473 1146 3540 e'p.

76 3545 134 3612 tlt.
148 3548 183 3607 B.
198 3569 234 3630 7.
279 3543 316 3604 Id
336 3545 361 3602 si
382 3542 489 3620 suerit,
509 3543 670 3625 persicium
689 3563 788 3624 neque
807 3552 922 3604 restem
940 3539 1146 3623 honorariam,

75 3643 159 3712 neque
180 3629 314 3690 bursam
334 3623 466 3686 nummis
496 3625 637 3686 refertam
662 3625 828 3708 significare
847 3633 957 3705 potest.
998 3623 1048 3684 Ad
1068 3624 1148 3687 banc

76 3709 270 3774 obiectionem
288 3709 371 3792 quod
392 3729 536 3790 reponam
547 3730 609 3772 non
630 3707 738 3770 babeo.
779 3708 816 3769 ld
836 3717 936 3766 tamen
957 3718 1072 3767 certum
1092 3718 1147 3785 est,

76 3797 259 3856 mursense
288 3803 423 3866 veteres,
454 3791 534 3852 illius
566 3793 632 3852 aeri
659 3791 818 3870 homines,
848 3793 992 3871 pecumm
1033 3801 1086 3850 aut
1115 3793 1148 3851 In

75 3877 195 3940 scutellis
217 3888 253 3939 et
276 3874 396 3958 scyphis
416 3876 533 3950 aureis,
570 3894 648 3958 quae
678 3874 801 3956 quidem
829 3872 969 3934 manibus
999 3873 1149 3954 gestatiles

76 3967 103 4014 et
117 3981 173 4021 non
188 3962 288 4022 nimis
359 3957 433 4018 ndes
449 3967 562 4036 essent,
580 3967 632 4018 aut
652 3955 880 4039 ponderosiores
892 3975 1043 4035 manas,
1064 3956 1150 4016 ideo-

76 4059 127 4120 que
144 4042 285 4105 hameris
349 4037 507 4118 blandas,
528 4043 559 4100 in
573 4040 673 4102 bursis
695 4041 810 4100 donare
842 4049 873 4100 et
888 4036 1054 4100 mundum
1073 4037 1150 4098 bur-

73 4141 116 4182 sas
140 4143 324 4200 numerare,
364 4123 621 4206 quemadmodum
649 4123 749 4184 adbuc
776 4120 869 4182 bodie
893 4122 988 4182 anci
1022 4121 1148 4182 faciunt.

78 4203 121 4269 δὴ
146 4207 302 4274 linricus
323 4207 381 4270 111.
406 4207 575 4291 Imperator
604 4203 732 4270 Alberto
759 4203 936 4268 vicecomiti
969 4203 1067 4288 epulis
1088 4203 1150 4264 suis
