2975 4892
257 301 314 369 An
343 299 596 368 arumnicum
635 305 711 366 un.
744 305 772 367 r.
799 305 855 367 nn
882 301 1076 370 naamon.
1138 275 1222 370 585

139 461 176 520 ia
192 455 784 542 mizaeor‚flrmaddodrarueur;qua
803 461 1227 545 wmmpriaoaoclumspe-

138 554 217 618 ctat,
242 541 453 620 oapamisriuus
477 552 521 600 est
544 553 574 600 et
598 553 737 624 merlus,
763 554 798 602 ut
815 563 875 602 non
895 545 994 602 mium
1016 545 1157 604 audeatur
1183 544 1230 605 ad

138 625 265 684 imbrem
281 637 311 683 et
321 623 413 684 solem
425 623 759 706 accipiendumfactus‚
776 645 869 708 quam
883 639 982 687 mater
992 625 1037 686 ad
1048 627 1224 702 woradum,

138 727 213 766 erse.
229 705 279 768 Eo
293 727 365 766 uem
373 707 487 789 spaa'c,
501 706 584 790 quod
592 721 635 766 est
645 708 723 766 ister
736 708 801 766 eius
813 709 984 788 iuferioram
1006 723 1036 770 et
1046 712 1225 794 superiorem

138 791 369 868 orarn‚numuli
385 801 415 849 et
437 790 646 870 imagunculae
660 802 690 849 et
702 791 812 866 snum
825 791 901 850 ouri
924 792 1039 852 ductui
1062 794 1169 854 colorm
1194 807 1226 854 et

136 872 909 1038 aalalssrlullimw
929 873 1224 1038 wilfi

139 1049 224 1117 scm,
245 1039 386 1122 quanam
408 1039 471 1098 levi
489 1039 645 1101 masalmae
667 1038 711 1097 ad
728 1054 831 1099 casam
855 1042 959 1103 faciles
982 1053 1013 1100 ct
1027 1033 1142 1125 rimati.
1172 1039 1225 1102 Ita

139 1141 211 1202 ergo
234 1141 265 1180 se
283 1121 437 1199 iffa-scut,
462 1134 496 1193 ut
523 1121 789 1198 Clytaemnestram
808 1121 947 1208 aliquam
966 1137 1020 1184 aul
1038 1123 1221 1200 Hecubam,

137 1203 302 1302 sedTroia
310 1202 453 1288 florente,
476 1206 640 1264 inaceriam
653 1203 779 1300 prodire
796 1220 893 1287 putes.
937 1205 1129 1288 deceperunt
1149 1205 1223 1268 Bul-

139 1296 345 1430 lircil
363 1287 644 1453 rugilam}
656 1287 1223 1454 illlslffilgllcl:

139 1454 172 1513 ni
193 1452 274 1534 apud
296 1451 429 1512 llandur.
453 1474 485 1534 p.
509 1451 597 1514 1016.
640 1451 686 1513 Ut
705 1473 779 1514 vero
798 1453 833 1514 bi
851 1476 870 1514 a
891 1457 1038 1532 Graccis,
1059 1458 1101 1516 sic
1114 1456 1224 1516 Gracci

141 1555 161 1596 a
182 1534 324 1594 Romanis
346 1545 534 1618 acceperant.
576 1533 687 1613 Qualia
709 1538 790 1596 enirn
819 1540 976 1618 tympania
996 1539 1150 1598 modiosvc
1170 1548 1224 1600 aut

141 1616 259 1700 galeros
279 1618 386 1679 Graeci
407 1629 460 1679 aut
479 1619 612 1678 Graecae
631 1619 725 1679 scrico
746 1618 851 1680 aliisve
871 1620 1031 1680 subtilibus
1045 1622 1154 1700 pannis
1173 1623 1224 1681 iu-

142 1701 234 1762 dutos
257 1703 352 1782 capite
372 1701 536 1784 gerebant,
568 1700 642 1762 tales
675 1701 830 1763 Romanae
857 1701 930 1762 olim
960 1703 1094 1765 crinibus
1128 1703 1223 1766 factos
1311 1722 1316 1730 ‘

140 1784 321 1868 gestabant,
343 1795 378 1845 ut
398 1807 433 1846 ex
453 1781 507 1844 illo
527 1795 600 1845 noto
619 1783 801 1846 Tertulliani
821 1783 889 1846 loco
910 1785 949 1845 de
967 1787 1047 1846 adm
1065 1787 1223 1866 foemina-

139 1889 208 1928 rum
241 1878 359 1929 constat
374 1889 383 1928 ε
398 1865 534 1966 -αίῇῥιὶιζς
563 1879 719 1952 praeterea
734 1870 830 1928 narem
859 1889 934 1952 quas
967 1872 1154 1930 enormitates
1175 1889 1224 1929 su·

137 1952 237 2012 ruam
262 1963 349 2035 alque
368 1953 517 2012 anuum
537 1951 812 2034 capillamentorum
831 1973 910 2011 amic
926 1953 961 2012 in
977 1953 1075 2032 galeri
1092 1951 1222 2027 modun,

139 2037 228 2118 quasi
243 2036 388 2115 vagituum
404 2035 548 2119 cupiisset
567 2035 735 2116 opermrlum
755 2036 891 2106 uraca,
921 2056 999 2095 mura
1024 2037 1058 2096 in
1077 2035 1225 2096 ceruicem

138 2131 218 2180 ntro
247 2129 420 2198 suggeram.
465 2117 528 2178 Vos
552 2117 645 2200 plume
678 2115 807 2177 adiicito
840 2116 885 2177 ad
912 2118 1034 2200 pondua
1061 2117 1225 2196 colh'ridas
1293 2173 1296 2178 .

161 2200 286 2260 raardam
320 2213 465 2260 acclamari
493 2201 645 2260 umbdriros
674 2202 835 2261 cermr'cibus
867 2201 1058 2262 adsentando.
1098 2198 1224 2261 Galenus

140 2223 331 2344 l'crtulliano
354 2283 472 2361 dictos,
507 2284 631 2366 vaginas
658 2285 811 2364 capitum,
845 2304 908 2343 non
935 2284 1071 2346 crinibus
1100 2283 1225 2366 quidem

139 2377 323 2440 exstructos,
346 2378 380 2426 at
403 2366 489 2450 pileis
517 2366 550 2426 in
572 2378 695 2427 acutum
716 2388 831 2427 conum
852 2366 1032 2428 abeuntibus
1053 2378 1083 2426 et
1103 2365 1223 2428 subtili·

140 2449 200 2511 bus
220 2448 289 2512 telis
309 2449 431 2512 indutos
452 2449 608 2530 gestabant
628 2449 777 2510 foeminae
805 2451 932 2510 Latinae
955 2451 1006 2512 vel
1025 2448 1224 2511 occidentaloe

140 2533 243 2594 medio
263 2553 364 2612 aevo,
387 2543 422 2593 ut
451 2532 555 2593 videro
576 2543 621 2592 est
640 2535 672 2592 in
692 2531 824 2614 imagine
842 2531 958 2592 Valerii
980 2535 1104 2594 Maximi
1124 2534 1225 2594 Fran·

140 2619 205 2678 cioe
224 2617 305 2678 versi
337 2617 369 2676 iu
390 2615 574 2678 membranis
595 2615 812 2696 Lipsiensibus.
850 2613 1037 2697 collyrides,
1058 2615 1223 2696 quasTen·

141 2699 291 2763 tullianus
314 2699 457 2782 appellat,
482 2708 568 2760 erant
588 2708 669 2758 texta
689 2699 820 2758 crinium
841 2695 1026 2758 cubicularia
1041 2697 1132 2780 plana
1153 2717 1224 2759 cum

142 2793 277 2845 exstante
298 2793 388 2843 acuto
409 2802 509 2856 cono,
531 2779 617 2842 velut
638 2784 714 2842 scuti
737 2779 892 2842 umbilico.
936 2781 999 2842 llas
1010 2825 1020 2857 ,
1043 2781 1096 2842 sed
1116 2781 1225 2863 pannis

142 2867 259 2945 factas,
274 2865 395 2928 saeculo
407 2865 495 2926 XVI.
512 2865 650 2926 foeminis
665 2867 696 2925 in
710 2885 768 2925 usu
783 2863 893 2939 fuisse,
913 2863 1117 2925 testaturloco
1132 2862 1224 2945 paulo

142 2962 214 3010 ante
235 2951 327 3011 citato
346 2949 530 3026 Burburus,
551 2959 582 3009 et
601 2959 750 3010 testantur
811 2969 891 3031 oque
908 2959 1046 3009 vetusne
1065 2948 1223 3028 imagines,

142 3033 241 3116 qualis
269 3034 331 3094 fere
364 3045 408 3094 est
437 3032 489 3094 illa
509 3033 625 3094 Mariae
647 2970 857 3112 Burgunllcac
884 3031 965 3114 apud
985 3031 1170 3094 Scriverium
1191 3033 1225 3092 iu

142 3118 223 3178 Viris
244 3118 397 3177 Comitum
419 3115 598 3178 Hollandiae
619 3113 853 3198 T.11.p.441.
875 3115 965 3176 Tales
984 3113 1142 3199 collyrides
1154 3135 1225 3174 um-

141 3199 271 3263 bonatas
293 3198 417 3262 auribus
437 3200 587 3283 appositas
608 3197 721 3258 ibidem
750 3199 854 3260 videre
875 3210 920 3260 est
940 3221 972 3282 p.
1001 3199 1074 3282 3¹9·
1094 3201 1127 3258 in
1146 3199 1225 3257 ima-

142 3285 212 3368 giuc
234 3283 361 3344 infelicis
382 3280 462 3344 illius
484 3283 611 3344 lacobae
636 3281 823 3344 Comitissae.
847 3275 1100 3362 illutibarbus,
1121 3291 1225 3341 mmo·

141 3389 193 3429 res
213 3369 336 3445 inanes,
355 3351 512 3451 lirupipiaJ
539 3366 570 3426 id
599 3375 644 3426 est
673 3367 752 3426 lacre
776 3365 889 3450 Pipen,
920 3363 1003 3426 dolia
1031 3374 1085 3424 aut
1104 3361 1225 3423 canales

141 3448 680 3603 ³3:⁰⁰⁵u1’ul¹²l⁸uu²luu
692 3449 803 3593 isid·
818 3448 1002 3592 lucu
1022 3446 1225 3592 vileizu

142 3618 204 3679 Sed
228 3619 356 3678 nimium
363 3553 555 3678 <²ealres'nos
576 3639 595 3676 a
615 3617 769 3698 proposito
789 3553 961 3677 diduceret.
1003 3550 1225 3695 diopolomatis

141 3703 238 3784 igitur
257 3703 357 3783 imago
377 3701 561 3782 conspicitur
582 3719 705 3781 quoque
722 3699 753 3758 in
773 3696 896 3757 tabulae
910 3697 996 3757 XLl.
1010 3695 1061 3780 fig.
1076 3717 1105 3762 a.
1117 3695 1158 3754 Τ.
1167 3696 1222 3756 lll.

143 3785 222 3846 Ant.
243 3784 362 3866 Explic.
375 3783 619 3860 montfauconii,
641 3781 697 3842 ubi·
716 3801 734 3840 c
754 3781 869 3864 Regero
889 3780 951 3840 duo
971 3784 1070 3861 capita
1090 3778 1225 3840 reddun-

142 3879 221 3942 tur,
243 3870 301 3928 viri
321 3878 351 3929 et
370 3867 530 3929 foeminae·
573 3863 708 3926 Credidit
729 3866 881 3946 Reganus,
923 3872 960 3924 ut
992 3875 1063 3924 sunt
1082 3862 1226 3942 antiqua-

141 3951 181 4012 rii
201 3948 304 4013 faciles
323 3950 486 4012 adomnia
506 3947 564 4010 sibi
585 3947 847 4031 persuadendum,
869 3967 904 4007 ca
924 3947 1023 4027 capilo
1034 3947 1126 4019 Bam,
1147 3946 1225 4026 regis

94 4023 100 4036 ’
144 4033 347 4117 Cyrenarum,
360 4045 391 4096 ct
402 4031 594 4096 Pheretimae
611 4032 713 4092 uxoris
732 4051 807 4092 esse.
847 4029 908 4091 Sed
919 4039 990 4090 sant
1004 4027 1110 4130 procul
1130 4027 1225 4088 dubio

145 4119 246 4198 capita
269 4119 347 4200 regis
367 4117 497 4179 alicuius
521 4113 743 4200 Langobardlci
765 4123 819 4174 aut
848 4113 1016 4195 liungaricr
1034 4124 1068 4174 et
1084 4109 1154 4173 talis
1174 4126 1224 4171 re·

144 4205 255 4284 ginae',
273 4195 344 4264 'aut
361 4201 492 4284 denique
508 4199 705 4282 imperatoris
725 4209 757 4261 et
780 4197 982 4280 aspersurus
992 4196 1225 4262 ,Germanorum
1278 4247 1283 4255 .
