2975 4892
170 295 228 360 sn
258 289 654 358 comminueres.
677 291 732 353 ur
757 287 896 355 cestu.
925 291 1001 354 ers.
1032 294 1073 354 u.
1110 262 1192 348 861

109 459 246 548 teneret..
275 444 375 508 Multa
394 456 517 529 possent
535 443 608 508 talia
629 444 764 528 exempla
786 447 918 530 congeri.
958 444 1018 507 Sed
1046 460 1139 528 parco
1165 446 1199 506 in

36 679 39 684 ,
111 551 146 594 re
165 530 394 696 mbllbitlpaffi
413 610 475 696 tp]
497 609 599 684 α’ξὼς.
641 609 768 693 Accipio
790 629 847 693 pro
865 603 1035 688 α’ξιώσεως,
1059 631 1198 692 munere,

112 718 175 840 ‘li'
203 698 273 780 ‘¹⁰³⁸
295 696 428 838 imi
454 695 600 838 istm.
619 693 1199 840 stisilttlslttttstt

112 799 313 926 {¹⁰3⁰de
331 799 426 942 libbstb
448 861 487 922 ad
506 798 643 921 dextrdm
663 861 779 921 sedenti
799 859 890 920 tradi.

196 946 232 1006 C.
253 963 284 1004 a.
313 941 403 1028 [pap
423 941 464 1026 t.]
495 948 561 1014 τοῖς
580 943 775 1020 βασιλεῦσιν.
818 943 922 1004 Potest
948 939 988 1002 de
1007 940 1120 1026 collega
1140 944 1199 1004 ima

112 1029 190 1110 perii
201 1027 314 1109 accipi,
335 1025 432 1108 qrralis
451 1035 517 1087 erat
534 1025 715 1099 Alexander,
737 1025 830 1086 linter
847 1027 969 1098 Leonis,
991 1024 1049 1086 sub
1069 1043 1130 1108 quo
1150 1045 1199 1086 ra-

113 1108 463 1192 goanteCletorologium
475 1110 535 1169 boc
544 1113 757 1171 concinnatum
770 1109 836 1170 fuit.
858 1110 962 1187 Quum
971 1119 1071 1169 tamen
1087 1107 1160 1169 alias
1170 1102 1200 1168 oi

113 1195 256 1272 βασιλεῖς
275 1193 335 1253 sint
355 1193 511 1272 Augustus
531 1202 562 1252 et
582 1189 732 1282 Augusta,
754 1201 784 1250 et
807 1191 884 1253 inter
903 1211 1024 1252 mensae
1046 1203 1203 1274 separatas

112 1275 249 1336 membra
260 1275 389 1338 Patricia
398 1275 488 1336 Zoste
504 1273 690 1352 nominetur,
715 1294 794 1356 quae
813 1285 879 1336 erat
899 1276 931 1336 in
951 1274 1020 1336 aula
1045 1275 1204 1358 Augustae

113 1361 293 1442 praecipuae
320 1358 474 1438 dignitatis
500 1357 633 1418 foemina
668 1368 698 1418 et
725 1367 796 1440 post
822 1357 991 1440 Augustam
1017 1359 1138 1440 prima,
1169 1367 1201 1418 et
1311 1417 1316 1428 ,

115 1463 237 1524 prorsus
256 1441 295 1502 ad
314 1439 447 1502 officinm
470 1438 600 1522 Augusti
621 1439 699 1501 nibil
719 1438 869 1519 faciebat,
890 1440 1092 1523 dicunturque
1110 1459 1201 1523 prae-

114 1535 217 1597 terea,
240 1525 378 1607 Angusta
399 1523 454 1583 ubi
474 1523 559 1584 nulla
579 1533 677 1596 esset,
702 1522 849 1585 celebrari
870 1544 930 1584 non
951 1527 1080 1605 potuisse
1094 1524 1202 1585 convi-

114 1611 166 1668 via
185 1609 275 1670 xlx.
297 1606 513 1684 accubituum,
535 1605 698 1667 admodum
719 1605 877 1689 probabile
897 1616 953 1684 est,
976 1605 1146 1688 Augustum
1169 1618 1201 1668 et

114 1690 283 1772 Augusmm
307 1689 505 1771 praesedisse,
526 1711 588 1771 quo
608 1689 743 1767 accedit,
764 1710 814 1750 sex
834 1699 952 1749 tantum
972 1687 1130 1770 dignitates
1150 1691 1202 1750 hic

114 1775 286 1845 recenseri,
309 1794 387 1854 qnae
406 1773 446 1833 ad
466 1793 600 1834 mensam
621 1783 789 1854 separatam
811 1771 1065 1849 admitterentur3
1099 1783 1129 1832 et
1151 1783 1201 1832 ta-

116 1877 187 1918 men
210 1856 324 1936 ubique
344 1875 398 1939 per
422 1854 481 1915 hoc
491 1854 729 1937 Cletoreloginm
752 1854 894 1937 leguntur
914 1852 958 1915 illi
978 1875 1098 1914 mensae
1113 1875 1200 1937 prae-

113 1950 162 2000 ter
181 1936 354 2021 Augustum
368 1938 527 2000 duodecim
547 1939 702 1999 assedisse.
743 1937 837 1999 Forte
855 1939 947 2020 igitur
968 1937 1092 1998 aderant
1117 1959 1202 1998 surn-

114 2043 235 2082 mornm
246 2021 366 2082 illorum
374 2022 543 2103 principum
550 2043 658 2083 uxores
667 2032 697 2082 ct
707 2023 832 2082 maritus
841 2021 989 2083 Patriciae
1001 2021 1118 2080 Zostae.
1131 2019 1202 2081 Non

116 2107 214 2166 ausim
224 2117 325 2166 tamen
338 2105 397 2165 boc
408 2103 569 2178 affirmare,
591 2105 759 2188 recogitans
778 2125 929 2165 summurn
951 2113 1004 2163 aut
1019 2103 1128 2164 sastnm
1147 2114 1202 2164 ant

115 2188 328 2248 verecundiam
342 2187 561 2271 Augustarum,
577 2209 656 2270 quae
675 2188 787 2270 oppido
807 2209 876 2248 raro
891 2185 1067 2270 proceribus
1080 2207 1119 2246 se
1133 2207 1202 2269 spe-

114 2281 230 2332 ctatum
258 2270 381 2336 dabant.
422 2270 464 2332 Et
491 2283 645 2352 praeterea
664 2292 725 2332 non
748 2291 865 2353 semper
885 2271 1011 2331 aderant
1031 2267 1203 2351 Basileopa·

113 2363 215 2427 tores,
235 2373 334 2435 neque
353 2353 543 2414 nobilissimi.
592 2355 635 2415 Et
654 2353 737 2437 quod
751 2356 945 2436 praecipuum
965 2343 1034 2426 est,‘
1047 2351 1203 2434 Augustae

115 2437 223 2498 eodem
234 2437 325 2497 modo
347 2448 378 2496 et
395 2436 502 2497 iisdem
516 2438 716 2519 temporibus,
737 2459 799 2519 quo
819 2437 968 2520 Augusti,
987 2439 1134 2496 conviviis
1153 2457 1203 2496 so-

114 2519 254 2580 lennibus
274 2518 461 2602 excipiebant
478 2539 587 2580 uxores
617 2541 722 2580 eorum
742 2541 925 2602 procerum,
948 2537 1025 2599 quos
1044 2517 1203 2600 Augustus

112 2623 206 2685 penes
235 2623 268 2663 se
296 2605 439 2663 convivas
468 2601 615 2680 baberet3
636 2623 668 2663 v.
691 2602 730 2662 ed
754 2623 785 2684 p.
812 2603 926 2685 ¹72·⁶·
947 2598 1004 2659 ult.
1026 2611 1056 2660 et
1078 2623 1110 2682 p.
1130 2621 1204 2684 227.

114 2687 152 2746 Β.
177 2705 204 2748 t.
228 2684 332 2746 Etiam
350 2687 383 2746 in
405 2685 545 2746 convivio
563 2686 708 2768 principis
727 2684 917 2763 Moldaviae,
946 2703 1008 2765 quo
1029 2681 1144 2744 clerum
1172 2695 1204 2744 et
1318 2760 1319 2767 ¹

114 2788 254 2851 proceres
279 2788 350 2829 suos
379 2769 503 2850 excipit,
540 2781 571 2830 et
589 2769 672 2851 quod
691 2769 724 2829 in
744 2767 853 2829 multis·
867 2789 937 2829 cum
958 2766 1131 2828 solennibus
1148 2787 1202 2826 ve-

113 2861 215 2912 terum
242 2852 342 2934 lmpp.
369 2851 562 2912 CPtanorum
589 2853 737 2912 conviviis
767 2853 931 2929 convenit,
968 2859 1005 2909 nt
1031 2851 1133 2932 possit
1150 2869 1204 2910 eo-

115 2955 188 2994 rum
210 2935 308 3016 imago
331 2934 439 2994 merito
462 2934 544 3012 dici,
573 2937 749 3018 principissa
770 2956 832 2996 non
852 2935 948 2996 adest.
993 2931 1146 2994 Describit
1164 2931 1203 2992 it-

115 3016 172 3077 lud
191 3018 365 3079 convivium
379 3017 423 3076 La
447 3018 538 3078 Croix
556 3020 589 3078 in
612 3018 705 3080 l’Etat
723 3020 845 3100 present
863 3019 902 3078 de
922 3016 1043 3100 l’Eglise
1065 3017 1204 3097 Grecque

116 3099 155 3161 Ι..
184 3121 208 3163 1.
223 3115 257 3160 c.
286 3099 354 3178 15„
383 3121 472 3182 quem
498 3111 597 3162 totum
630 3101 752 3179 locum,
784 3103 857 3184 quia
881 3099 1116 3182 Cletorologium
1144 3097 1205 3158 hoc

114 3193 254 3243 nostrum
275 3183 391 3266 egregie
410 3181 549 3260 illustrat,
572 3205 634 3244 non
654 3185 768 3268 pigebit
783 3183 958 3245 contulisse.
989 3183 1121 3264 Colligas
1134 3185 1203 3262 qui·

115 3264 188 3326 dem
208 3288 225 3326 e
247 3265 314 3330 loco
334 3266 456 3326 Nicetae
475 3289 508 3348 p.
531 3267 602 3328 nia.
617 3267 677 3340 A..
700 3268 844 3329 foeminas
858 3289 978 3349 quoque
989 3267 1061 3348 regii
1082 3267 1205 3346 sauguiae

115 3349 164 3408 nis
192 3369 262 3409 cum
283 3349 468 3430 imperatore
489 3350 623 3432 epulatas
652 3350 753 3411 fuisse.
797 3351 857 3411 Sed
884 3349 934 3411 ille
956 3351 998 3412 ibi
1019 3349 1057 3410 de
1077 3349 1204 3431 privatis

115 3425 232 3515 epulis,
254 3452 315 3492 non
336 3431 374 3492 de
394 3430 522 3513 publicis
542 3437 628 3495 statis
649 3434 796 3495 conviviis
816 3431 960 3516 loquitur.

199 3515 236 3576 C·
257 3515 287 3575 5.
310 3512 364 3598 [72
387 3509 459 3598 ,n.]
489 3517 545 3597 τῆς
573 3516 723 3598 δευτέρας
743 3509 924 3596 ὑπάρχουσι
941 3511 1070 3590 τάξεως.
1098 3511 1203 3598 Ιδειῐίο

115 3595 192 3659 haec
212 3595 304 3657 verbs
324 3537 459 3658 indicant
470 3644 481 3675 ,
503 3597 690 3682 reliquarum
714 3599 851 3660 orauit-,n
875 3599 1056 3682 dignitatum
1086 3594 1202 3658 nnllam

115 3679 155 3740 ad
174 3690 342 3762 separatam
364 3701 496 3740 mensam
516 3683 607 3744 luisse
625 3683 799 3744 admissam.
841 3683 938 3765 Atqui
958 3694 1060 3745 tamen
1081 3691 1202 3741 eenna-

114 3763 196 3824 rium
216 3765 305 3824 toties
325 3762 430 3824 deince
450 3785 465 3825 s
485 3777 683 3827 asseveratur.

198 3845 234 3906 C.
257 3843 289 3926 4.
313 3843 402 3930 [727,
440 3844 458 3928 ]
488 3839 715 3930 ὄμόγιστρος,
747 3842 765 3908 ὅ
794 3838 979 3928 ρἁιστρος.
1033 3845 1201 3908 Credebam

116 3927 291 4013 aliquando,
316 3929 484 3990 secundnm
505 3922 522 3991 ὃ
540 3925 711 4013 μᾶγιστρος
732 3934 840 3994 vitiose
854 3935 996 3994 iteratum
1012 3952 1084 3998 esse.
1112 3931 1201 3990 Certe

115 4033 146 4158 p.
168 4009 240 4090 dai.
254 4011 287 4079 C.
301 4010 331 4090 4.
353 4023 472 4074 tantum
493 4013 584 4074 semel
594 4017 768 4077 nominatur
780 4017 932 4098 magister.
966 4015 1081 4076 Verum
1102 4023 1201 4095 potest

129 4093 257 4158 ibrarius
284 4094 416 4157 delendi.
459 4094 536 4157 Nam
561 4108 593 4159 et
622 4097 694 4158 alibi
724 4100 820 4160 nostri
850 4099 971 4160 Codicis
992 4105 1181 4158 memoranti*

113 4179 177 4241 duo
188 4179 342 4262 magistri,
368 4198 501 4262 quorum
521 4199 600 4243 unus
618 4182 739 4244 videtur
763 4183 792 4244 io
814 4193 900 4266 parte
912 4179 1041 4264 Augusti
1063 4181 1175 4241 maior!
