2975 4892
159 229 210 300 ru
239 231 464 304 cenorum.
492 233 640 302 nonan.
670 235 726 302 nn
752 235 889 302 mnu.
918 239 993 302 nm
1021 242 1048 302 r.
1091 209 1170 324 391

112 382 249 448 111.16.:
280 387 423 450 omnim
440 409 539 450 mnam
556 409 616 460 non
638 390 731 452 sotum
757 391 796 452 dc
815 403 945 476 suscepta
962 413 1030 464 eos,
1054 395 1108 478 qui
1124 415 1176 454 em

111 467 234 546 uadunt,
258 473 410 553 perrepere
440 471 588 548 volumus,
625 471 679 534 sed
707 476 797 534 enirm
826 495 848 536 a
872 487 900 535 te
920 474 1040 538 notitiis
1070 497 1172 538 earum

108 551 236 612 mddlrm·
253 555 384 615 retineri.
425 553 497 616 Vid.
511 555 561 615 Du
582 555 684 638 Gange
703 577 736 617 v.
749 555 875 618 Neritia.

179 633 211 694 C.
228 655 276 696 ra.
307 630 757 720 397,18.]xdpqsec‹pvloir.
787 637 934 702 Affectata
953 638 1029 700 baec
1048 641 1174 702 Latino·

109 736 167 776 mm
185 717 282 778 vocab
314 741 426 798 orum,
445 741 522 802 quae
542 719 614 782 alias
628 723 751 782 retineri
765 743 783 781 a
796 721 1047 796 Graecissolent‚
1078 727 1174 785 Grae·

108 799 145 858 cis
162 799 416 882 aequivalentibus
438 805 642 884 interpretatio
661 807 817 890 negotium
838 807 996 888 interpreti
1014 805 1096 868 facit.
1116 807 1172 867 vi-

109 880 208 942 dentur
229 885 333 965 ‹pvlal
362 885 412 950 hic
431 883 488 946 loci
510 886 590 946 idern
610 897 700 970 atque
728 889 844 948 scholae
874 900 991 949 notare.
1043 889 1171 954 Caetera

107 985 214 1048 quoque
233 987 331 1043 nove,
354 967 387 1028 id
407 979 450 1031 est
469 979 589 1050 praeter
608 991 724 1032 morem
744 971 844 1044 dicta,
880 969 1099 1032 διδασκαλικοὶ
1113 994 1172 1055 pro

103 1048 318 1194 illidi&
335 1051 538 1196 qliamll‘
556 1045 1170 1202 ttdlts‘tttltffitt‘ll‘ttt

104 1223 196 1292 aptes
215 1155 549 1290 Graeollodidddxnlgdl
571 1157 708 1280 volatur.
752 1219 835 1302 Ergo
855 1222 919 1280 eius
932 1217 1092 1294 officiales,
1107 1222 1168 1282 La-

103 1293 150 1355 tini
176 1300 359 1380 magistriani
386 1311 415 1360 et
442 1301 645 1384 magisteriam
674 1299 771 1376 dicti,
799 1314 882 1364 reete
901 1324 1021 1386 quoque
1042 1303 1168 1366 Graecis

102 1373 306 1442 διδασκαλικοὶ
320 1381 476 1444 dicuntur.
519 1383 578 1444 Sed
599 1405 661 1444 non
682 1405 849 1467 pugnamus
877 1407 959 1445 nunc
979 1385 1016 1445 de
1045 1386 1166 1465 verbis,

102 1471 158 1540 apte
182 1463 321 1546 ineptave
347 1465 474 1528 conficta
507 1477 536 1528 et
563 1467 733 1546 dispensata
764 1467 876 1528 suerint
900 1490 1006 1528 necne.
1056 1469 1167 1552 Liquet

102 1547 296 1626 magistrianos
316 1547 465 1630 designari
481 1571 491 1628 3
513 1549 577 1610 vid.
591 1549 720 1611 Guther.
743 1571 775 1632 p.
790 1550 862 1612 603.
875 1562 905 1612 et
920 1549 1075 1612 Pachumii
1094 1573 1165 1613 ora-

104 1624 139 1686 tio
156 1629 266 1690 Graece
287 1642 317 1692 ct
336 1631 444 1692 Latine
459 1631 541 1694 edita
561 1635 594 1692 in
615 1631 696 1694 calce
716 1633 876 1693 Loescberi
895 1633 1056 1694 stromatei
1087 1637 1167 1702 sacri

100 1725 127 1786 p.
141 1709 220 1786 166„
245 1711 299 1774 ubi
323 1709 552 1793 μαγιστριανός
572 1713 709 1798 officmlis
729 1713 882 1789 redditur,
911 1719 983 1776 item
996 1715 1048 1776 Du
1061 1715 1105 1776 Ca
1146 1738 1164 1777 e

100 1801 209 1875 utruque
227 1795 395 1857 Glaesaria.
417 1797 718 1940 *[Magistriani,pp¹1i
738 1800 817 1860 inter
827 1798 925 1858 officia
934 1794 1068 1878 palatina
1084 1738 1165 1860 effi·-

100 1872 186 1938 tahan
203 1879 263 1938 sub
280 1877 474 1960 dispositione
494 1881 627 1961 magistri
648 1881 829 1942 o'ciorum.
861 1879 1015 1943 Alteecrra
1035 1881 1163 1960 Quaest.

98 1959 1012 2129 ttrlzrmllgtt‘ff‘tttt'ttttdrlttztttfftttl
1021 1961 1163 2122 litt:

97 2123 173 2200 paulo
189 2137 293 2188 mmen
314 2131 411 2210 aptior
443 2139 473 2192 et
492 2127 611 2210 planior
633 2140 676 2190 eat
698 2121 885 2211 lsuuopdpoc
909 2151 966 2210 pro
985 2129 1161 2204 candidati,

96 2203 287 2286 λευχείμονες.
328 2211 431 2290 Quare
450 2224 555 2272 autem
571 2211 726 2272 affectator
745 2212 796 2271 bic
820 2231 927 2272 uocem
955 2212 1076 2272 Deruni
1098 2208 1161 2274 non

97 2285 155 2348 item
173 2292 228 2354 alia
251 2293 387 2374 Graece,
410 2307 445 2354 ut
459 2305 611 2372 caeteras,
635 2296 809 2372 mutaverit,
828 2295 933 2355 miror.
958 2293 1027 2356 Non
1048 2297 1162 2378 reperiss

96 2363 137 2430 bat
154 2375 255 2454 procul
274 2371 370 2438 dubio
390 2379 591 2438 commodam.
742 2449 747 2458 Ι

161 2457 199 2517 D.
215 2481 246 2521 a.
268 2457 357 2602 [in
376 2457 421 2544 1.]
442 2457 498 2542 τὴν
518 2455 626 2542 ῥόγαν.
646 2460 762 2544 Rogam
779 2459 881 2520 dando
896 2459 1082 2541 significabat
1096 2460 1160 2521 lm-

94 2549 218 2622 perator,
239 2553 273 2603 et
316 2555 416 2625 egatus
441 2543 516 2604 tales
545 2553 575 2603 et
595 2543 728 2624 ipsorum
749 2543 887 2604 homines
909 2544 983 2602 iuris
1015 2543 1061 2601 sui
1095 2550 1160 2604 esse

94 2623 274 2706 etstipendia
293 2645 348 2686 sua
369 2629 501 2705 mereri;
523 2626 659 2707 adeoque
677 2637 840 2706 utrumque
859 2625 1019 2705 imperium
1040 2645 1157 2699 unum,

93 2708 213 2769 elautho
235 2710 438 2790 lmperatores
457 2707 585 2790 collegas
606 2729 679 2769 csse.
721 2707 779 2767 Est
798 2718 900 2768 autem
921 2714 996 2788 regn
1009 2710 1063 2785 (sic
1082 2717 1159 2768 tunc

91 2801 136 2861 pro
155 2790 326 2873 erogatione
352 2791 501 2871 dicebant)
529 2792 671 2873 largitio,
701 2789 835 2862 donum,
870 2789 1073 2867 donativum,
1102 2791 1157 2853 sti-

91 2869 236 2948 pendium,
259 2895 351 2934 omne
370 2875 453 2958 quod
474 2897 526 2936 seu
548 2876 680 2954 gratuito
701 2893 754 2934 seu
774 2894 810 2934 ex
827 2871 930 2933 debito
951 2875 1078 2933 merenti
1100 2872 1157 2933 da·

90 2957 140 3011 tur.
176 2957 276 3018 Erant
295 2979 385 3040 rogae
407 2958 534 3040 duplicis
548 2959 685 3040 generis,
706 2957 948 3016 comitatensium
968 2967 999 3016 et
1012 2955 1155 3018 rnilitum.

88 3027 167 3114 fllsse,
198 3061 360 3123 procerum
373 3042 539 3102 aulicorum
555 3050 646 3121 puta,
667 3041 747 3100 olroa
766 3040 875 3100 festum
892 3039 1042 3120 paschatis
1065 3049 1156 3120 quot·

89 3120 159 3178 uris
186 3126 311 3185 nomine
337 3124 491 3186 charitatis
520 3143 572 3186 seu
605 3122 677 3183 doni
699 3123 839 3204 gratuiti,
878 3121 931 3182 sed
953 3141 987 3182 re
1006 3141 1080 3182 vera
1099 3143 1157 3202 pro

88 3203 204 3267 momede
222 3219 353 3268 navatae
374 3228 482 3290 operae
494 3217 526 3267 et
545 3205 699 3266 ordinario
720 3204 829 3266 salario
841 3203 1063 3287 pendebantur.
1081 3203 1156 3263 Dis-

87 3281 262 3351 titutionem
287 3289 356 3350 talis
380 3311 469 3374 rogae
489 3288 642 3372 eleganter
661 3297 691 3348 et
711 3298 816 3348 curate
845 3273 1009 3364 describit,
1031 3287 1085 3367 qui
1103 3289 1152 3345 in-

89 3365 174 3430 tetur
193 3372 401 3454 Lnitprandus
421 3375 458 3434 L.
472 3373 529 3434 Vl.
547 3373 661 3432 Hister.
685 3369 760 3451 Cap.
782 3371 821 3431 V.
862 3361 1012 3430 Memorat
1030 3388 1154 3450 quoque

88 3443 222 3516 Cadmum
241 3477 275 3536 p.
294 3457 366 3538 793.
388 3457 427 3522 D.
441 3457 495 3534 5.,
526 3453 635 3516 collata
666 3475 697 3533 ρ.
715 3453 788 3531 544.
802 3454 845 3512 D.
863 3455 935 3550 3:⁸¹
948 3452 1019 3552 235.
1036 3451 1078 3510 D.
1101 3471 1151 3548 '2’

90 3529 129 3590 tlbi
146 3535 389 3600 distributionem
409 3559 550 3622 rogerum
572 3538 681 3598 factam
702 3539 744 3597 ait
764 3531 845 3597 κατὰ
864 3555 922 3614 την
942 3531 1035 3612 cys'rev
1051 3552 1151 3612 neyn-

87 3609 129 3689 lp
146 3618 319 3702 πέμπτην,
340 3621 372 3684 id
394 3634 439 3684 est
462 3623 510 3683 die
530 3621 632 3693 lovis,
655 3639 747 3701 quem
773 3637 831 3679 nos
859 3617 991 3678 viseum
1018 3615 1150 3678 solemus

87 3699 234 3778 ‘wellam
258 3709 396 3786 proxime
415 3703 643 3788 praecedntem
664 3713 734 3763 ante
754 3701 865 3762 festum
885 3699 1052 3761 Paschatis.
1082 3699 1151 3764 Hae

86 3785 238 3852 proceribus
258 3786 377 3850 debitae
387 3787 566 3870 φιλοτιμίαι
586 3797 649 3848 tam
670 3784 808 3868 religiose
828 3783 1077 3859 obserabantur,
1100 3793 1146 3858 nt,

88 3877 162 3936 quum
180 3869 314 3932 isaacius
336 3871 508 3932 comnenus
528 3891 578 3930 eas
598 3869 744 3948 abrogare
774 3865 888 3944 vellet,
915 3865 1109 3950 postmodum
1128 3886 1150 3925 a

87 3939 139 4005 1³²⁰
156 3956 279 4031 punitus
299 3953 460 4020 diceretur.
474 3953 594 4035 Scylrtz.
610 3953 724 4034 pura.
742 3951 775 4012 B.
792 3973 822 4012 a.
855 3951 900 4014 Ea
913 3949 1019 4012 eodem
1033 3947 1146 4031 p.829.

87 4023 115 4082 Β·
128 4029 154 4090 8·
172 4047 294 4098 constat
313 4039 401 4100 citius
419 4059 539 4120 quoque
560 4036 646 4096 datas
665 4033 756 4095 fuisse
776 4035 831 4096 has
845 4055 953 4117 rogas,
975 4043 1005 4094 et
1025 4053 1055 4115 p.
1070 4030 1143 4093 835.

86 4103 115 4170 Β·
125 4110 172 4178 fine
191 4133 342 4184 memorat
361 4121 463 4184 datam
475 4121 573 4206 pridie
587 4117 654 4180 l'esti
670 4117 897 4192 Orthodoxiae,
920 4138 973 4188 reu
987 4117 1020 4180 in
1040 4111 1148 4178 medus
