2975 4892
359 295 416 385 50
571 320 630 383 σο.
661 317 740 385 ne
771 319 916 381 natsmr
946 312 1227 381 connmrmn

359 476 436 537 duas
449 474 514 535 elus
528 483 630 555 portas
645 494 664 532 a
676 470 847 531 Theodosio
861 466 980 529 laminis
992 468 1089 529 aureis
1103 468 1192 529 tutos
1202 466 1318 545 teonis.)
1361 466 1438 527 llam

358 558 510 639 Daphnen
532 555 766 616 Alexandrinam
794 555 930 613 nominat
953 550 1123 612 Chronicon
1152 549 1239 611 Alex.
1272 568 1353 611 auno
1376 552 1440 609 iam

357 643 448 703 tertio
465 638 634 701 Commodi.
676 637 808 698 Possunt
832 647 951 705 tamen,
974 646 1009 695 ut
1026 656 1133 695 verum
1148 634 1264 707 fatear,
1294 633 1351 693 hae
1371 634 1437 693 Da-

357 723 460 806 phnae
475 721 598 783 aliunde
626 735 749 801 quoque
766 740 877 779 nornen
895 716 1053 795 habuisse;
1084 716 1147 777 sive
1163 716 1245 797 quod
1262 716 1303 777 ibi
1321 716 1439 775 laureta

358 815 472 879 essem,
495 804 555 866 sub
568 804 678 885 quibus
691 800 954 873 deambularetur,
975 801 1038 860 sive
1050 800 1150 880 quod,
1174 811 1296 860 auctore
1309 799 1438 871 Codinn,

357 890 460 949 nescio
473 898 586 969 quanta
605 887 664 946 fide
680 886 789 966 digno,
815 882 958 944 Consules
975 882 1108 943 calendis
1124 883 1271 943 Ianuariis
1292 904 1309 941 a
1323 879 1440 963 populo

359 992 486 1032 coronas
505 969 622 1029 laureas
648 970 681 1029 in
704 968 762 1029 illis
783 966 919 1047 Daphnis
941 967 1119 1047 acciperent.
1163 966 1320 1046 Nugacitas
1344 975 1374 1023 et
1391 966 1439 1023 in-

358 1054 443 1115 scitia
460 1074 609 1113 novorum
626 1053 810 1111 Graecorum
828 1051 906 1109 circo
923 1050 1031 1109 veteris
1049 1048 1161 1109 Romae
1181 1049 1256 1108 ritus
1270 1046 1345 1107 mihi
1359 1046 1439 1107 bone

359 1146 514 1218 perspecta
529 1134 618 1208 facit,
641 1145 676 1193 ut
692 1144 860 1215 suspectam
875 1131 954 1191 hanc
969 1128 1159 1193 traditionem
1175 1129 1322 1203 habeam,
1345 1152 1440 1212 quam

359 1216 432 1279 alibi
451 1218 554 1299 legisse
573 1238 635 1277 non
647 1217 782 1277 memini.
825 1214 957 1275 Conficio
973 1236 1006 1274 ex
1017 1212 1083 1287 bis,
1107 1214 1268 1295 Daphnem
1284 1214 1438 1274 CPtanam

359 1301 456 1381 prima
474 1322 509 1360 ex
524 1300 709 1361 institutione
732 1299 824 1359 luisse
843 1297 1007 1359 triclinium
1028 1316 1080 1356 seu
1098 1294 1250 1357 basilicam
1272 1294 1374 1369 illam,
1406 1297 1439 1357 in

361 1404 422 1464 qua
446 1383 533 1443 laum
555 1381 604 1443 vel
621 1382 728 1465 palmis
754 1391 970 1441 coronarentur
993 1379 1121 1443 victores
1145 1380 1317 1458 Circenses3
1347 1384 1438 1459 (nam

383 1464 468 1527 rocul
487 1486 506 1525 a
528 1464 608 1524 circo
626 1486 689 1525 non
704 1464 807 1527 aberat
817 1467 843 1541 ς)
869 1474 898 1521 et
921 1463 952 1522 in
977 1484 1038 1543 qna
1061 1482 1187 1523 coronas
1212 1463 1344 1545 primurn
1359 1461 1437 1521 mltis

360 1486 497 1621 linteas,
527 1546 596 1607 dein
616 1546 744 1619 athas,
775 1557 807 1607 et
832 1542 922 1605 simul
950 1566 1055 1606 aureas
1078 1566 1218 1626 qnoque,
1244 1542 1380 1605 solebant
1398 1544 1438 1603 ab

360 1631 437 1689 urbe
449 1650 504 1690 sua
522 1630 603 1711 regia
619 1629 780 1690 redeuntes
796 1650 812 1688 e
828 1629 932 1688 castris
951 1649 1020 1687 curn
1043 1628 1198 1710 triumpho
1221 1628 1437 1709 imperatores,

360 1724 414 1775 aut
433 1712 523 1785 alias,
553 1714 697 1793 accipere.
739 1713 782 1771 Et
803 1714 875 1792 quio
897 1710 1111 1792 posterioribus
1130 1710 1254 1779 saeculis
1270 1714 1302 1771 in
1320 1709 1436 1770 laurea·

358 1816 430 1855 rum
454 1793 555 1855 locum
571 1794 771 1856 succedebant
787 1815 896 1875 aureae
919 1814 1046 1855 coronae
1061 1814 1114 1853 sen
1129 1792 1248 1865 circuli,
1274 1814 1350 1875 quos
1367 1793 1436 1854 brn-

360 1874 436 1937 chiis
453 1875 623 1939 inserebant
642 1887 807 1959 gestantes,
837 1874 908 1935 hinc
926 1876 1073 1957 Daphnae
1096 1877 1226 1937 accrevit
1239 1897 1360 1958 quoque
1382 1897 1436 1937 no-

359 1978 431 2019 rnen
452 1960 509 2019 τσῠ
534 1952 719 2041 §captivom
749 1958 794 2019 uti
818 1960 907 2017 etiam
935 1979 1049 2031 exeo,
1078 1958 1160 2039 quod
1180 1960 1375 2040 imperatores
1396 1958 1435 2019 ibi

360 2040 491 2101 solerent
513 2040 766 2121 στεφανοῦσθαι,
788 2062 931 2101 colonam
946 2040 1111 2123 nuptialem
1133 2040 1276 2115 induero,
1302 2052 1333 2102 et
1346 2040 1435 2101 bene·

360 2122 491 2183 dictione
511 2120 704 2203 patriarchali
725 2144 796 2183 cum
820 2125 937 2206 sponsis
964 2126 1025 2185 suis
1052 2122 1197 2206 copulari.
1240 2125 1298 2184 Sed
1323 2137 1358 2185 ut
1379 2124 1436 2183 filit

361 2204 494 2265 Graeme
506 2203 602 2287 plebis
615 2204 797 2265 incredibilis
815 2208 969 2288 nugacitas
984 2206 1172 2288 sequioribus
1188 2207 1331 2281 saeculis,
1360 2208 1435 2288 igno·

360 2289 459 2348 santia
475 2299 505 2348 et
523 2288 657 2369 pessimis
677 2288 793 2349 artibus
817 2287 889 2349 cleri
913 2288 952 2350 ad
973 2291 1137 2369 potentiam
1158 2300 1188 2348 et
1203 2290 1362 2351 seditiones
1384 2288 1434 2347 nd-

360 2370 500 2451 spiiantis
511 2371 643 2444 nutrita,
668 2382 699 2430 et
714 2372 853 2431 immanis
871 2373 903 2431 in
917 2373 1139 2433 venerationem
1152 2383 1324 2433 sanctorum
1336 2372 1432 2443 fluor,

360 2452 426 2513 fieri
444 2474 505 2514 non
528 2463 663 2533 potetat,
688 2455 763 2534 quin
782 2453 912 2535 populus
928 2476 1026 2515 meros
1043 2467 1160 2515 sanctos
1178 2456 1330 2516 somnians
1351 2476 1367 2513 e
1383 2474 1434 2513 no-

358 2538 442 2596 mine
466 2535 592 2595 aedificii
619 2536 793 2617 Stephani,
826 2539 858 2598 S.
887 2536 1072 2619 Stephanum
1095 2537 1242 2612 efficeret,
1273 2538 1322 2597 cui
1346 2538 1433 2596 etiarn

358 2617 506 2699 templum
521 2618 564 2679 ibi
581 2619 736 2679 conditum
755 2619 833 2699 fnit,
855 2620 965 2703 inquo
983 2622 1225 2702 et-lmperatores
1244 2620 1316 2681 boni
1329 2620 1432 2679 ominis

357 2702 455 2782 gratia
471 2720 613 2762 coronam
630 2699 796 2785 nuptialem
813 2702 1016 2785 accipiebant,
1044 2715 1074 2763 et
1091 2702 1206 2765 oblatas
1225 2702 1281 2763 sibi
1304 2702 1345 2763 ab
1362 2700 1433 2761 urbe

357 2783 440 2863 regia
456 2804 582 2843 coronas
602 2804 707 2845 aureas
719 2783 896 2866 laureasque
908 2786 1100 2867 deponebant
1116 2786 1320 2847 asservandus.
1364 2785 1433 2845 Erat

359 2874 461 2923 autern
473 2864 621 2944 Daphne,
645 2888 716 2927 cum
729 2866 803 2927 aede
823 2868 855 2927 S.
875 2868 1038 2949 Stephani,
1059 2890 1151 2950 quam
1176 2867 1227 2929 illa
1244 2866 1431 2941 continebat,

357 2945 591 3027 parsAugustei,
605 2947 771 3031 scopalatii
781 2950 979 3030 Imperatricis
988 2951 1150 3033 Augustae,
1167 2951 1205 3011 de
1215 2974 1277 3032 quo
1284 2951 1430 3031 deinceps.

242 3058 245 3065 ·
443 3027 482 3087 A.
496 3028 526 3087 ὅ.
554 3026 668 3111 [,9.]
687 3023 861 3111 Στεφάνου.
902 3033 1116 3115 portatorium
1144 3034 1203 3095 boc
1234 3056 1252 3093 a
1276 3032 1447 3094 Pulcheria'

358 3108 388 3170 A
465 3120 495 3170 ta
514 3110 547 3206 S:
563 3050 717 3253 Stephano
734 3113 869 3209 dicatum
883 3115 914 3176 in
933 3116 1061 3199 Daphne
1074 3119 1164 3177 etiam
1180 3115 1378 3217 Theophanes
1400 3138 1429 3195 p.

358 3191 398 3275 57
423 3236 431 3251 .
454 3202 569 3254 statuit.
642 3190 808 3275 ὕκτὴρισα,
826 3199 942 3278 inquit,
969 3199 1027 3259 τοῦ
1045 3196 1135 3279 ἁγίου
1163 3198 1327 3279 §saporosi
1345 3196 1377 3258 ἐν
1398 3194 1435 3279 τῇ
1445 3240 1446 3250 .

355 3271 481 3357 Δάφνῃ.
523 3276 682 3358 (Aetass.
707 3277 866 3360 rr.Aug.)
896 3283 936 3341 V.
954 3280 1083 3364 Congius
1105 3278 1177 3343 CPl.
1194 3280 1305 3343 Christ.
1322 3282 1360 3341 1..
1378 3280 1445 3375 lv.

377 3398 386 3415 .
412 3357 447 3419 ιδ
472 3356 516 3417 .*

353 3376 376 3439 P
439 3356 528 3500 ilml5
545 3440 599 3582 p),
623 3440 688 3525 rr.]
721 3433 784 3507 ἀπὸ
814 3444 1069 3525 σκαραμαγγώψ.
1097 3445 1132 3507 ld
1157 3456 1202 3507 est
1224 3442 1305 3525 perri
1324 3466 1433 3527 σκαρα·

355 3517 525 3619 poppaea..
567 3544 640 3605 aepe
652 3526 734 3607 apud
752 3537 885 3587 recentes
895 3528 1023 3591 Graecos
1036 3540 1067 3590 et
1081 3530 1112 3589 in
1129 3528 1187 3590 hoc
1202 3528 1281 3590 libro
1297 3526 1360 3589 dat
1380 3548 1432 3611 pro

354 3618 434 3677 μετα
483 3613 593 3665 nattum
619 3610 768 3682 occurrit,
805 3612 980 3691 praesertim
1008 3614 1032 3672 si
1055 3612 1094 3673 de
1115 3614 1226 3673 amictu
1251 3634 1350 3673 sermo
1377 3620 1428 3671 est.

356 3680 440 3745 Usus
450 3624 502 3747 ille
518 3686 683 3767 particulae
703 3702 841 3752 vetustus
859 3704 889 3753 et
903 3692 1017 3774 ptobus
1040 3706 1101 3769 est,
1123 3696 1220 3757 rarior
1238 3706 1340 3755 tamen
1354 3690 1432 3775 opud

354 3776 481 3861 veteres.
526 3768 572 3829 lta
587 3774 909 3857 usurpavitAppianus
927 3798 957 3859 p.
969 3778 1018 3837 35.
1042 3780 1087 3853 ¹4·
1107 3778 1155 3839 ed.
1173 3776 1252 3838 Rob.
1268 3776 1426 3859 Stephanit

354 3843 419 3908 olto
435 3852 561 3930 χρυσοῦ
571 3851 627 3911 καί
644 3854 743 3916 λίθων
763 3854 944 3935 πολυτίμων
966 3852 1114 3920 ἔστεπται
1121 3884 1131 3937 ,·
1153 3870 1184 3919 et
1200 3860 1357 3921 Plutarch.
1368 3858 1442 3917 vit.

353 3927 393 3989 Τ.
411 3931 436 3991 1.
448 3955 489 4075 ἕ.
507 3930 579 4010 405.
605 3956 631 3994 r.
657 3930 719 3996 α’πὸ
737 3939 878 4041 κραυγῆς
902 3962 956 4022 pro
978 3936 1058 4018 μετὰ
1073 3964 1120 4022 xp.
1135 3942 1219 4003 dixit.
1264 3942 1431 4025 Polyaenus

353 4030 386 4091 p.
408 4034 447 4074 αα
472 4057 480 4074 .
500 4016 589 4094 (Vll.
601 4016 655 4095 6.)
678 4014 819 4092 ααλσθός
834 4014 896 4081 απὸ
919 4016 1055 4104 κόπρου,
1084 4024 1134 4104 (id
1146 4034 1191 4085 est
1207 4019 1289 4103 μετὰ
1304 4020 1417 4103 κόπρου

351 4108 452 4239 spon?
495 4180 521 4242 B
549 4098 653 4183 pleno.
678 4102 747 4183 (lta
767 4102 1001 4188 mimihileg.)
1027 4108 1073 4167 De
1093 4106 1297 4191 scaramangis
1314 4108 1409 4169 dicon

350 4196 422 4257 pa
467 4222 475 4238 .
524 4202 581 4241 .n.
