2975 4892
191 346 252 417 au
272 344 495 413 cousraur.
529 343 679 411 roaru.
707 348 763 409 nr
789 345 927 413 cunm
956 353 1030 415 ua.
1059 357 1085 417 ι.
1128 328 1216 442 449

133 504 332 583 adumbravit
349 514 468 565 tantum
487 504 519 563 in
541 504 677 578 Latinis,
708 506 821 591 partim
840 506 988 587 quaedam
1006 506 1155 593 Procopio
1175 512 1214 575 de

133 584 194 650 suo
211 586 347 664 affinxit,
369 608 446 668 quae
466 607 534 646 eum
554 584 678 647 historia
692 599 838 671 pugnant.
861 585 959 650 Locus
980 612 1050 673 ergo
1073 593 1114 654 sic
1136 598 1214 657 verti

134 667 284 735 debuerat
301 692 317 747 c,
338 670 498 751 τυραννῶν
518 688 553 729 τε
574 666 687 731 ue’rlxu
711 704 726 717 -
740 706 757 716 -
777 672 877 730 statim
898 670 1057 750 &munitm
1080 698 1111 736 se
1129 700 1213 758 gere·
1330 702 1340 719 ⁴

134 754 198 827 bat,
219 776 262 815 ere
271 774 339 914 guo
359 772 500 812 summam
516 764 688 835 potestatem
707 753 1070 827 theudebat,uiolentiam
1091 760 1214 821 aetionis

134 836 206 915 (τῆς
219 836 271 898 ἐπι
293 830 453 907 ardetur,
463 837 627 895 invasionis
643 838 673 894 in
685 836 869 919 imperialem
884 836 1069 919 dignitatem)
1077 844 1213 903 simulato

132 920 221 979 volut
240 932 270 979 et
286 930 445 1002 praetextu
464 916 585 1003 corficto
604 918 718 979 velans.
764 914 918 1004 Qudquid
941 924 1020 982 enim
1034 924 1162 1005 probum
1186 940 1217 989 ee

133 1002 285 1061 honestior
313 1012 379 1059 erut
403 1000 617 1075 Ronrar'rorum,
642 1000 682 1079 (id
707 1012 752 1062 est
771 1022 930 1083 proceres,
955 1007 1100 1086 quisunt
1124 1007 1214 1068 lione-

133 1096 196 1144 stus
224 1082 321 1161 ordo,)
342 1084 437 1168 ipsimi
456 1082 673 1161 remediabant,
694 1084 738 1143 ud
753 1084 929 1166 effugium
946 1088 1006 1170 ipsi
1021 1086 1154 1149 dandum
1172 1090 1217 1151 tot

132 1167 381 1226 cir-umutuntium
392 1164 614 1249 periculorum,
637 1168 834 1245 nisucerent,
852 1182 929 1228 metu
943 1170 1103 1252 eomprdsi,
1120 1193 1214 1255 prae-

132 1260 271 1333 terquam
291 1248 373 1333 quod
388 1248 458 1307 dcus
479 1249 568 1306 etum
586 1250 661 1307 hunc
683 1250 749 1308 orbi
765 1250 840 1310 dure
863 1250 1016 1311 donuinam
1030 1252 1210 1315 decrerrenui

133 1330 229 1391 Susce
250 1339 339 1391 erunt
359 1352 430 1412 ergo
444 1328 679 1391 dominationem
691 1330 872 1393 Iustinianus
893 1354 928 1393 ac
945 1334 1106 1395 Theodora
1122 1340 1215 1399 tertio

134 1424 209 1473 ante
226 1354 333 1474 ldstum
350 1412 507 1475 Paschatis
525 1412 596 1487 die,
618 1404 669 1473 lire
689 1408 727 1493 tq*
751 1405 832 1473 οὔτε·
844 1409 1055 1478 ἀσπάσασθαί
1068 1438 1137 1477 τινα

134 1494 188 1558 stc
209 1492 350 1579 leg.,‘nno
371 1484 443 1555 οὔτε
458 1508 527 1555 eum
547 1496 643 1555 tribus
661 1497 807 1556 asteriscis
826 1496 935 1557 deleto.
978 1498 1063 1559 Nihil
1075 1501 1155 1561 enim
1168 1501 1212 1563 ihi

132 1578 238 1650 deest,
260 1574 312 1639 'sed
334 1580 438 1641 vitiose
458 1568 531 1639 οὔτε
551 1596 647 1639 unum
670 1578 817 1641 abundat.

218 1656 469 1804 B.1.(p453‚5.]
491 1655 620 1745 τετάρτῃ
647 1656 705 1721 τοῦ
734 1658 909 1741 {lupellum
951 1660 1036 1745 Ergo
1054 1661 1212 1743 falluntur,

134 1744 190 1825 qui
211 1742 305 1804 Galen
328 1788 336 1803 .
367 1742 480 1825 Aprilis
505 1764 574 1803 eum
593 1742 671 1807 vivis
697 1742 853 1806 excessisse
875 1744 971 1804 aiunt.
1014 1743 1146 1807 indictio
1167 1748 1207 1810 V.

129 1826 241 1887 incidit
259 1828 289 1886 in
305 1826 347 1887 A.
362 1824 396 1887 C.
412 1824 483 1908 5²7·
928 1847 932 1855 ·

217 1910 255 1969 B.
274 1930 318 1969 ro.
338 1908 424 1993 [4ξῇ
441 1904 506 1991 11.]
530 1902 726 1991 Νικηφόρον.
768 1908 816 1970 De
847 1906 907 1969 hoc
927 1906 1096 1990 Nicephoro
1116 1910 1215 1977 multa

132 1988 229 2089 lrabet
247 1990 474 2073 Luitprandns,
493 1992 545 2087 qui
562 2012 632 2051 cum
653 1991 749 2070 vidit,
766 1994 797 2051 in
813 2012 849 2053 eo
868 1990 982 2068 libello,
998 2012 1159 2072 quosnam
1174 1984 1214 2057 ad

131 2073 446 2218 llt‘mltttltltlt
460 2074 1215 2237 ”llffitlltltcliltl“tntsattttltttl

131 2260 257 2321 quoque
277 2240 368 2300 tradit
386 2239 515 2299 Cedrcn.
533 2260 563 2318 p.
578 2237 651 2317 646.
693 2240 738 2301 Es
756 2261 813 2317 eo,
830 2241 911 2321 quod
928 2240 987 2301 sub
1002 2242 1092 2301 linem
1107 2243 1215 2305 inscri-

132 2326 248 2403 ptionis
267 2322 395 2383 habetur
419 2320 476 2382 τοῦ
497 2318 701 2403 φιλοχρίστου
731 2319 786 2381 καί
812 2317 1055 2402 ἅνδρειοτάτου,
1083 2328 1157 2387 item
1177 2348 1213 2387 ex

132 2404 281 2509 eo,rpuod
300 2404 475 2487 paulopost
503 2405 640 2484 sequitur
665 2399 682 2463 ὁ
703 2398 835 2487 εὐσεβὴς
856 2404 911 2465 καὶ
933 2401 1136 2489 φιλόχριστος
1153 2410 1215 2485 βα-

132 2492 258 2565 σιλευς,
286 2489 358 2549 item
378 2509 412 2549 ex
433 2486 633 2570 appellatione
665 2476 802 2567 ὄιῖναξ,
834 2498 874 2565 et,
905 2486 986 2569 <prod
1007 2490 1126 2549 maximi
1147 2511 1215 2553 mo·

132 2573 246 2649 menti,
262 2590 280 2629 e
299 2570 401 2631 verbis
421 2590 451 2651 p.
477 2570 548 2629 252.
576 2568 617 2629 A.
632 2568 660 2628 3.
677 2566 770 2628 acroi·
789 2570 909 2646 μᾶλλον
932 2566 980 2652 [id
1007 2568 1053 2630 es't
1075 2564 1214 2649 μάλιστα

130 2662 190 2713 aut
211 2654 327 2751 ¹rpagis,
356 2664 448 2751 quam
470 2655 533 2755 ipse
558 2648 777 2748 llicephorussl
794 2646 986 2721 σπεύσαντες
1013 2650 1068 2735 βίᾳ
1095 2654 1150 2714 καῖ
1166 2649 1222 2742 μὴ,

129 2734 340 2906 lilim
358 2733 871 2897 “ttlitllttt‘tgllt‘lls
897 2734 1006 2899 {iili
1029 2735 1221 2897 ellidii,

131 2896 255 2961 officiali
285 2900 449 2982 profectam
470 2920 553 2977 esse3
579 2896 727 2980 valdeque
757 2901 871 2977 miror,
942 2900 951 2957 i
975 2903 1106 2981 potuerit
1130 2900 1213 2964 Con-

129 2985 283 3043 stantinus
298 2984 420 3059 Iunior,
441 2980 569 3043 Romani
591 2980 688 3058 filius,
715 2982 742 3041 ei
766 2992 812 3043 tot
832 2920 971 3041 laudtppus
997 2982 1097 3043 vitrici
1119 2984 1214 3045 reler-

128 3058 183 3125 t'ae
210 3064 308 3127 locum
336 3068 367 3125 in
395 3086 449 3126 sua
476 3062 651 3124 collectione
669 3062 787 3141 lacere,
809 3067 834 3125 si
853 3061 944 3124 modo
971 3062 1159 3127 Constantini
1174 3070 1223 3145 sit¹

128 3146 249 3227 codex,
282 3168 372 3231 quem
392 3158 565 3209 tractamus.
621 3144 686 3207 Non
718 3156 819 3207 tamen
844 3146 923 3208 male
946 3168 1044 3231 neque
1062 3150 1215 3212 immerrto

127 3229 265 3292 tributae
285 3232 409 3291 luerunt
434 3228 502 3291 illae
529 3223 631 3298 laudes
654 3214 843 3310 Nicephoro,
868 3251 959 3312 quem
975 3235 1077 3312 virum
1102 3230 1214 3309 torrem

128 3324 165 3374 ct
196 3317 360 3397 sapientem
387 3324 418 3375 et
444 3312 570 3397 gloriam
592 3310 793 3393 ultimumque
815 3334 908 3392 paene
930 3306 1063 3395 fulcrum
1096 3316 1212 3389 ruentis

129 3394 251 3476 imperii
275 3396 382 3456 Graeci
409 3396 498 3456 fuisse
520 3403 653 3473 constat,
680 3390 734 3455 uir
753 3388 981 3472 βασιλεύτατον
1000 3394 1045 3477 τῷ
1065 3382 1133 3475 dure
1153 3396 1215 3457 Νι-

126 3498 152 3538 κ
173 3473 273 3568 φόρον
291 3472 347 3555 rdr
370 3478 487 3539 Φῶκαν
506 3472 562 3539 τὸν
582 3470 639 3555 τὴν
659 3470 752 3553 ἰσχύν
776 3468 929 3555 ἡρωϊκὸν,
952 3472 1009 3536 καί
1030 3470 1131 3537 mide
1155 3467 1215 3557 τήν

175 3577 259 3621 rectu
279 3583 348 3621 eum
380 3558 511 3642 appellat
535 3558 651 3621 Nicetes
674 3580 742 3641 pag.
767 3578 832 3618 iro.
854 3558 896 3617 D.
916 3556 966 3617 ed.
982 3558 1124 3619 Venetae.
1164 3555 1213 3621 De
1305 3617 1307 3620 .

129 3657 217 3703 more
238 3641 358 3703 illorum
382 3654 553 3724 temporum
577 3642 754 3701 constitutos
784 3629 1038 3720 Imperatorlbus,
1072 3663 1089 3702 r
1126 3641 1212 3723 'bus‚

129 3721 260 3786 ducibus
274 3738 329 3788 ete.
342 3726 567 3785 minorennibus
591 3718 706 3784 tutolcs
727 3725 946 3810 Imperatores,
968 3727 1071 3804 reges,
1089 3663 1230 3801 illices„

129 3809 347 3888 renuntiandi,
368 3808 532 3869 coronandi
558 3817 589 3866 et
617 3827 672 3887 pro
693 3801 806 3867 talibus
821 3806 1019 3887 agnoscendi,
1039 3806 1134 3868 donec
1152 3830 1212 3889 pu·

128 3888 197 3973 pilli
214 3890 438 3967 adolescerent,
464 3890 523 3972 efflt
539 3890 591 3949 Du
616 3889 716 3970 Gange
734 3910 765 3951 a·
785 3881 921 3964 Haeres,
940 3900 971 3949 et
992 3886 1126 3971 exempla
1147 3894 1213 3951 eius

128 3972 174 4033 ibi
196 3965 339 4055 protulit,
361 3974 470 4055 quihus
497 3973 553 4033 hoc
571 3992 694 4053 quoque
711 3970 1016 4053 Nicepliori'Phoeac
1036 3983 1066 4033 et
1091 3972 1212 4035 loannis

130 4056 317 4130 Tzinriscae,
339 4057 410 4116 item
434 4054 563 4115 Romani
588 4054 737 4133 Leeapeni
756 4063 856 4135 potest
879 4052 968 4129 addi,
999 4057 1054 4136 qni
1075 4059 1213 4136 quamvis

129 4138 333 4228 Imperatores
351 4138 506 4211 audirent,
526 4148 555 4197 et
572 4148 606 4197 ut
622 4136 697 4197 tales
717 4135 963 4216 honorarentur,
986 4155 1093 4201 revera
1111 4150 1212 4199 tamen
1287 4192 1293 4203 .

126 4222 341 4281 tantummodo
355 4222 610 4281 administratores
623 4229 722 4281 erant.

168 4334 370 4391 Constantinus
386 4334 521 4407 Porphyr.
544 4334 603 4387 Vol.
621 4333 658 4386 lt.
980 4350 1016 4402 ¹9
