2975 4892
1046 168 1060 201 0

246 348 253 365 2
306 304 362 389 26
465 353 469 360 ι
512 330 567 394 ιο.
601 324 1170 394 uc.aa1srucomrauraau

303 484 362 546 dis.
397 482 527 545 'Gloasae
544 494 626 545 certe
645 482 738 543 etalii
749 490 864 546 veteres
877 502 970 542 unam
980 488 1086 543 vocem
1096 500 1150 563 per
1161 479 1289 543 alteram
1300 502 1401 566 erpo·

303 578 395 627 nunt.
422 567 496 627 ‘Sed
519 588 554 628 er
577 578 683 628 nostro
693 564 891 627 Ceremoniali
913 574 1015 648 patet,
1040 565 1173 626 diversos
1194 566 1250 627 hos
1272 565 1313 627 ab
1339 566 1404 629 illis
1465 594 1466 599 ¹

303 651 407 713 fuisse.
449 650 624 712 Goetonitae
642 660 764 711 tantum
775 650 915 709 Coetonis
936 670 989 709 seu
1010 650 1188 709 Dormitorii
1210 670 1316 711 curam
1338 650 1402 710 ha-

303 734 437 811 bebant,
463 745 495 795 et
509 746 674 796 nocturnas
686 732 835 793 curabant
853 732 930 793 sacri
951 733 1083 813 corporis
1095 733 1303 793 necessitates:
1332 733 1400 793 Cn-

302 816 443 878 bicularii
454 827 556 879 autem
568 818 704 879 diurnas.
746 818 823 877 Erat
835 827 936 877 autem
947 816 1058 877 horum
1070 812 1201 877 officium
1213 818 1373 900 praecipue
1388 863 1400 895 ,

302 902 505 963 utvestiarias
524 923 610 963 arcas
627 902 850 983 depromerent,
874 911 906 961 et
922 920 985 981 quo
996 920 1082 980 opus,
1111 910 1319 983 apportarent,
1346 921 1400 960 re-

303 996 452 1067 ponerent
471 1005 576 1045 rursus
596 994 628 1044 et
649 994 848 1045 asservarent.
891 983 951 1067 lpsi
970 994 1072 1043 tamen
1094 1004 1157 1043 non
1181 985 1400 1065 Imperatorem

303 1067 473 1128 induebant
485 1091 494 1146 3
517 1068 688 1152 pertinebat
699 1068 780 1129 enim
792 1066 824 1127 id
836 1064 969 1127 officium
982 1066 1021 1126 ad
1031 1068 1209 1146 vestitores,
1237 1067 1402 1151 dequibus

305 1172 391 1211 mox.
433 1152 497 1228 Qui
520 1152 777 1212 cubiculariorum
790 1150 848 1211 bac
872 1149 1074 1211 sollicitudine
1098 1150 1315 1233 fungerentur,
1341 1172 1401 1211 au·

307 1232 398 1295 diunt
421 1234 454 1293 in
475 1246 579 1296 nostro
604 1232 803 1297 Ceremoniali
828 1228 858 1295 oi
879 1232 944 1295 coir
964 1229 1146 1309 ἄλλαξίμων
1171 1234 1230 1294 roei
1249 1234 1403 1313 Κσυβου-

303 1314 431 1394 anem,
463 1320 610 1402 praefecti
636 1320 858 1380 panetariorum
886 1316 1024 1377 crrhiadi.
1067 1314 1129 1376 Alii
1155 1316 1323 1393 curabant,
1362 1328 1400 1376 ut

306 1398 482 1459 cubiculum
493 1400 625 1485 Augusti
635 1402 767 1462 nitidum
780 1411 856 1461 esset
871 1444 880 1477 ,
906 1399 980 1459 ethi
993 1408 1080 1459 erant
1094 1410 1231 1459 veterum
1243 1398 1397 1481 orpoirar.

307 1482 374 1546 vid.
399 1481 552 1546 Athenae.
576 1507 609 1568 p.
631 1484 686 1563 48.
709 1495 764 1545 aut
787 1478 817 1544 oi
838 1478 893 1544 ἐπὶ
910 1486 982 1553 ταῖς
1001 1474 1155 1543 παστάσιν
1176 1473 1328 1559 ἑστῶτες,
1362 1494 1401 1545 ut
1439 1538 1445 1541 .

305 1562 493 1647 Antbologia
503 1590 535 1649 p.
551 1569 614 1629 32:
643 1568 694 1628 alii
713 1578 820 1649 potum
843 1552 1015 1626 inserebant
1039 1564 1078 1625 ad
1099 1585 1214 1625 sacram
1239 1586 1398 1643 mensam,

169 1654 175 1669 “
305 1646 600 1732 aliipraelegebant,
623 1672 703 1733 quae
724 1652 885 1733 imperaret
897 1650 1065 1731 Imperator
1077 1647 1133 1709 sibi
1146 1649 1184 1709 de
1196 1648 1276 1707 libro
1288 1649 1400 1729 scripto

304 1732 443 1810 recitari}
476 1732 526 1794 alii
553 1755 655 1797 cereos
673 1734 813 1795 ardentes
831 1731 996 1811 tenebant,
1021 1751 1098 1815 quos
1109 1732 1278 1813 Imperator
1293 1733 1324 1793 in
1336 1731 1398 1793 Ec-

304 1813 409 1876 clesiae
421 1815 613 1878 devotionem
635 1839 722 1879 suam
743 1816 855 1878 faciens
877 1817 1084 1897 aPraeposito
1106 1825 1258 1898 porrectas
1282 1816 1315 1874 in
1332 1835 1398 1874 ma-

303 1918 364 1959 nus
381 1898 542 1978 sumebat,
567 1913 622 1962 aut
640 1902 722 1981 apud
741 1920 841 1961 sacras
862 1898 1006 1983 imaffnes
1027 1898 1227 1981 depungebat.
1272 1896 1333 1957 Alii
1346 1919 1399 1957 ca·

304 1980 420 2042 nebant
431 1992 462 2042 et
475 1985 620 2044 musicam
641 1982 820 2044 exercebant
839 2004 942 2043 coram
958 1983 1169 2065 ·lmperatore;
1196 1981 1247 2042 alii
1268 1978 1398 2041 oblatio·
1465 1988 1466 2005 ¹

209 2089 213 2098 “
304 2084 379 2141 nes,
404 2086 479 2146 quas
495 2066 665 2148 Imperator
685 2066 718 2127 in
736 2064 823 2127 altari
843 2066 1032 2149 depositurus
1049 2076 1147 2143 esset,
1179 2064 1339 2141 ferebant,
1365 2074 1400 2125 et

306 2145 430 2208 domino
442 2169 496 2230 per
506 2170 614 2210 manus
625 2150 792 2233 Praepositi
803 2148 849 2210 sui
859 2147 1022 2210 tradebant
1033 2170 1042 2229 ς
1069 2150 1119 2209 alii
1131 2147 1282 2210 faciebant
1293 2146 1399 2209 orbern

305 2230 386 2289 eirca
410 2232 648 2313 imperatorem,
669 2232 793 2316 quando
816 2233 848 2293 in
858 2230 1010 2294 Ecclesiae
1032 2231 1261 2293 vestibulo'aut
1285 2229 1401 2291 calceos

306 2324 362 2373 aut
371 2325 468 2374 vestes
477 2326 628 2396 mutaret,
654 2328 709 2377 aut
718 2326 809 2399 caput
824 2316 956 2376 nudaret
976 2315 1147 2376 induendae
1160 2314 1275 2375 infulae
1287 2334 1398 2393 causa,

304 2416 347 2459 ne
358 2397 500 2459 sciliceta
512 2398 641 2461 barbato
651 2400 783 2483 quodam
795 2399 891 2481 capite
903 2398 1004 2458 nudus
1020 2399 1253 2481 conspiceretur.
1296 2396 1396 2458 Multa

307 2477 369 2541 alia
392 2491 478 2542 erant
490 2481 588 2543 officia
600 2481 868 2544 cubiculariorum.
892 2480 1034 2542 Habebat
1046 2502 1168 2564 quoque
1181 2481 1319 2563 Augusta
1333 2502 1402 2542 suas

307 2563 519 2625 cubicularias.
559 2564 647 2651 *[De
669 2588 781 2649 magno
802 2564 988 2627 cubiculario
1010 2564 1122 2647 Imper.
1145 2564 1210 2626 vid.
1232 2562 1401 2625 Villehard.

307 2666 379 2729 pag.
395 2647 471 2709 501.
483 2670 555 2711 cum
576 2659 644 2712 not.
655 2650 708 2710 Du
721 2648 882 2733 Gangii.]*
911 2649 971 2711 Sed
982 2649 1145 2709 fueruntne
1163 2648 1253 2709 iidem
1276 2648 1403 2707 silentia-

308 2732 352 2789 n'r‘
371 2741 402 2791 et
420 2732 621 2794 mutuatam?
650 2744 704 2794 aut
725 2732 847 2812 saltim,
879 2732 1043 2793 fueruntne
1070 2731 1226 2794 silentiarii
1252 2728 1402 2811 peculiare

307 2812 463 2893 quoddam
487 2838 582 2898 genus
605 2816 885 2882 cubiculariorum?
924 2814 1004 2876 Sane
1023 2814 1108 2877 illam
1128 2812 1263 2897 prodidit
1283 2813 1401 2896 opinio-

307 2915 380 2956 nem
390 2895 602 2966 Alemanusin
615 2902 696 2960 notis
708 2901 748 2960 a'd
763 2898 904 2979 Procopii
917 2897 1074 2960 historiam
1086 2916 1239 2961 arcuum.
1270 2896 1402 2959 Fallitur

309 2988 413 3039 autem
430 2979 538 3060 procul
562 2980 658 3048 dubio
676 2983 725 3042 vir
745 2982 944 3043 doctissimus.
988 2982 1058 3041 Non
1075 2990 1195 3041 tantum
1218 2980 1300 3041 enim
1312 2980 1402 3041 Cere·

298 3060 440 3137 ‚moniale
465 3074 603 3125 nostrum
634 3064 843 3126 Cubicularios
867 3087 885 3124 a
908 3064 1085 3126 silentiariis
1109 3064 1266 3147 perspicue
1294 3064 1402 3123 distin-

310 3147 405 3244 guit,
424 3146 477 3207 sed
490 3148 581 3208 etiam
602 3147 661 3209 hoc
680 3148 796 3231 liquido
808 3147 917 3209 refellit
938 3170 1009 3209 eum
1030 3146 1113 3231 quod
1129 3168 1161 3231 p.
1176 3146 1267 3226 aar
1288 3146 1402 3207 etalibi
1465 3160 1466 3233 ξ

309 3240 533 3376 ttttf’pttt
552 3232 1406 3398 {mltaAtttl‘fflttttqttt‘tt

311 3397 394 3459 ritati
412 3408 511 3459 erant.
555 3398 652 3483 Atqui
671 3398 850 3461 cubicularii
873 3397 1024 3459 debebant
1042 3418 1147 3464 ornnes
1164 3398 1284 3459 carati
1306 3418 1379 3458 esse.

391 3480 429 3541 B.
438 3480 530 3624 436,
539 3481 588 3566 4.]
609 3482 652 3567 τῷ
664 3475 839 3544 κατεπάνω.
867 3481 1031 3543 Peculiaris
1047 3482 1176 3565 dignitas
1187 3492 1233 3543 est
1245 3475 1261 3543 ὃ
1274 3472 1403 3541 ucrensi·
1465 3494 1466 3497 ’

311 3584 368 3643 vn,
381 3564 464 3624 unde
495 3576 673 3646 epravatum
683 3564 769 3627 lluxit
783 3566 933 3651 Catapani
942 3586 1052 3627 nomen
1063 3568 1096 3625 in
1107 3566 1233 3627 historia
1245 3562 1357 3645 Apula,
1371 3574 1404 3623 et

310 3658 420 3729 putant
451 3648 576 3729 quidam
596 3648 751 3731 capitanei
783 3670 895 3711 nomen
926 3649 996 3710 inde
1018 3649 1194 3710 deductum.
1238 3646 1400 3709 Guilielmo

231 3761 233 3765 ’
312 3730 417 3813 Apulo
448 3730 482 3791 in
504 3730 595 3803 rebus
619 3732 867 3795 Normannorum
891 3732 972 3815 apud
996 3734 1048 3793 Du
1075 3734 1177 3815 Gange
1199 3729 1239 3792 ad
1263 3729 1401 3791 Alexiad.

310 3834 454 3959 ibiibi.
467 3824 585 3959 esilonf.
625 3858 695 3959 deni
714 3818 951 4020 pqudybiiiairbi
970 3816 1405 3983 diiesqdpdebiiiimpur'dbfddtburbd

182 3992 192 4014 ·
263 4001 268 4016 ·
312 3982 486 4061 provinciae
504 3981 672 4065 designare.
733 3980 779 4067 [A
792 3984 915 4045 Graecis
936 3985 1083 4065 originem
1105 3982 1190 4043 ducit
1212 3982 1403 4065 magistratus

312 4062 444 4146 Apuliae
469 4073 500 4125 et
523 4066 666 4148 Neapolis
689 4067 814 4127 Stratici
831 4082 860 4127 et
881 4068 1025 4151 Grpitani
1036 4111 1045 4145 ,
1083 4066 1166 4149 quod
1190 4064 1289 4125 adhuc
1313 4064 1404 4123 hodie

244 4151 248 4160 '
312 4166 423 4208 nomen
456 4160 603 4230 superest.
645 4150 815 4233 Dignitates
839 4150 920 4211 Galli
955 4172 972 4209 a
998 4150 1106 4211 Gothis
1132 4148 1276 4209 habuere.
1312 4147 1401 4207 Conf.
1465 4228 1466 4231 Ἴ

314 4229 341 4291 F
342 4233 439 4294 reccia
450 4230 489 4293 de
501 4231 589 4295 Subi.
602 4246 633 4296 et
645 4236 802 4295 Giannon.
814 4256 846 4317 p.
860 4234 931 4311 243.
946 4233 1047 4318 sqq.]*
1071 4232 1187 4295 Verum
1202 4227 1219 4293 o‘
1241 4224 1404 4291 tetendero
