2975 4892
306 306 388 420 590
520 331 576 398 ro.
606 335 685 400 mc.
713 337 859 400 uusxu
890 333 1176 402 continuaturi

301 495 361 553 reis
383 491 559 552 muneribus
578 493 770 576 praeferant,
792 493 873 575 quod
895 515 912 554 e
932 495 1072 554 Busbckii
1092 491 1236 575 Epistolis
1256 507 1371 558 constat.

302 577 350 636 De
371 595 454 641 more
475 575 574 635 adhuc
596 576 676 656 apud
696 597 751 636 nos
766 581 925 658 superstite
946 589 975 637 et
995 577 1068 636 olim
1091 577 1123 634 in
1146 582 1231 636 curia
1252 587 1310 638 tam
1322 582 1371 662 By·

302 660 442 735 znntina‚
458 681 550 739 quam
564 659 709 718 Francica
724 659 905 736 observato,
927 662 1112 720 liberationes
1133 657 1179 742 [id
1201 671 1245 720 est
1265 661 1370 744 livre‘el

302 742 502 802 distribuendi
522 745 601 801 inter
620 740 707 802 aulae
723 745 894 820 ministros,
917 745 974 804 erit
993 743 1065 804 alibi
1086 743 1193 826 agendi
1212 741 1304 804 locta.
1329 747 1372 806 ln-

302 837 384 888 terea
404 825 467 889 vid.
489 826 540 884 Du
559 825 660 906 Gange
682 847 714 886 v.
737 825 899 924 liberatio.

301 928 448 1052 rosilli
462 905 1372 1074 i.‘iliiiiiil„lii⁰lissviuliislllii⁰u⁸iiffl

301 1075 460 1150 historici,
482 1086 516 1134 nt
536 1072 712 1136 Elmacinus
733 1095 802 1156 pag.
821 1015 888 1153 rla.
915 1087 946 1136 et
967 1074 1118 1135 Abull'eda
1138 1074 1177 1134 ad
1199 1075 1241 1135 A.
1258 1076 1295 1137 C.
1310 1074 1370 1138 838.

301 1157 478 1234 celebrant,
501 1156 575 1234 (vid.
596 1157 691 1218 Leon.
712 1160 880 1218 Grammat.
904 1179 932 1240 p.
956 1156 1028 1236 455.
1060 1167 1091 1218 ct
1118 1156 1262 1240 Symeon.
1286 1159 1373 1242 Iogo-

301 1241 378 1301 thet.
403 1239 516 1300 Annal.
536 1261 568 1321 p.
595 1239 648 1318 44
660 1246 682 1317 ,)
710 1263 771 1323 qua
799 1243 959 1322 Zapetram
988 1238 1036 1302 vel
1058 1241 1253 1322 Sozopetram
1274 1253 1304 1302 ct
1323 1243 1372 1303 elia

301 1325 506 1405 expugnavit,
539 1322 591 1384 sed
618 1326 751 1384 vicissim
782 1327 823 1385 ita
849 1327 880 1384 in
907 1326 985 1383 iram
1015 1325 1177 1384 concitavit
1203 1323 1375 1407 Chalipham

300 1407 519 1488 Bugdadicum,
543 1404 807 1488 Almotasemnm,
831 1406 1018 1468 Almamonis
1038 1405 1161 1467 fratrem
1181 1417 1213 1467 et
1233 1429 1374 1469 successo-

301 1511 387 1566 rem,
408 1500 444 1549 ut
463 1491 586 1550 biennio
604 1503 690 1570 post,
714 1513 820 1574 nempe
843 1490 882 1555 A.
896 1492 933 1551 C.
960 1489 1045 1562 838„
1068 1489 1312 1551 numerosissimo
1331 1513 1375 1552 ex-

301 1573 397 1632 ercitu
427 1573 606 1634 Romaniam
635 1573 812 1651 invaderet,
841 1581 872 1634 et
901 1573 1062 1633 Amorinm
1091 1573 1213 1639 deleret.
1260 1575 1376 1634 Trium·

300 1656 397 1738 phum
411 1655 470 1717 hoc
487 1661 583 1739 capite
602 1669 776 1718 enarratum
794 1658 926 1718 breviter
946 1660 988 1716 sic
1010 1656 1150 1716 describit
1167 1657 1279 1738 Symeo
1293 1655 1315 1718 l.
1331 1679 1375 1718 a:

301 1738 421 1800 ἐκεῖθεν
449 1737 484 1823 [e
504 1734 599 1844 ΒΨ]
622 1738 668 1813 εἰς
695 1729 754 1820 τὴν
787 1735 878 1801 πόλιν
906 1732 1098 1822 ἀφικόμενος
1128 1737 1183 1798 καί
1203 1734 1237 1800 τὸ
1260 1742 1377 1820 πρῶτον

300 1819 391 1900 palor
412 1821 548 1905 παίξας,
576 1844 698 1902 appare
722 1823 822 1906 λευκῷ
855 1817 1089 1902 ἓποχησᾰμενος
1117 1817 1173 1880 καί
1190 1815 1230 1882 τὰ
1253 1821 1377 1904 λάφυρα

300 1901 521 1983 θριαμβεύσας
555 1899 759 1988 ἐστεφανώθη
787 1903 849 1966 τῶν
885 1902 992 1985 δήμων
1026 1901 1247 1984 ἐπιβοώντων·
1283 1905 1377 1976 καλῶς

300 1978 418 2066 ἦλθες,
443 1981 611 2068 ἅσόγκριτε
632 1982 835 2070 φακτιονάρη.
1019 1991 1021 1996 ’

381 2070 419 2132 Β.
435 2069 490 2130 ult.
506 2069 590 2154 [soa
610 2069 670 2152 19.]
688 2062 962 2152 Εἰρημουπόλεως.
1003 2069 1049 2130 lta
1070 2069 1276 2132 membranae.
1316 2071 1375 2132 ire·

299 2152 424 2234 nopolin
446 2152 619 2234 designant,
643 2153 696 2213 sed
718 2155 866 2214 incertum
886 2173 995 2234 quam
1018 2151 1139 2214 illamne
1161 2153 1309 2226 Ciliciae,
1327 2155 1378 2218 tte-

299 2237 455 2299 rom'odem
471 2235 545 2296 alias
565 2237 697 2307 dictam,
720 2258 758 2297 an
780 2237 869 2298 aliam
885 2238 1034 2313 Isauriae,
1062 2258 1101 2296 aa
1122 2233 1255 2319 denique
1282 2238 1378 2297 Medi-

299 2333 399 2378 natas
422 2317 562 2395 Solnmi,
596 2319 735 2400 (Medius
758 2321 840 2398 Coeli
856 2363 865 2396 ‚
884 2331 934 2378 'ut
953 2323 1160 2402 cognominem
1183 2322 1214 2380 in
1238 2321 1379 2402 Hispania

300 2402 409 2482 vulgus
421 2412 556 2462 nostrate
575 2402 737 2484 appellnt,)
752 2403 825 2464 urbs
845 2405 946 2484 pacis3
974 2422 1036 2483 quo
1056 2403 1179 2464 nomine
1193 2405 1377 2485 Bagdadnm‚

300 2484 631 2629 restatur
658 2486 1211 2652 aernuurtuuu
1224 2487 1380 2648 erue

300 2649 359 2711 loci
381 2672 551 2713 sermonem
571 2653 653 2726 fieri,
684 2593 821 2735 qnarlrIvis
848 2653 960 2727 vicinia
983 2590 1166 2732 reliqliilrum
1187 2653 1313 2714 urbium
1334 2653 1379 2712 hic

300 2747 549 2812 memoratarum,
565 2736 789 2818 Mopsuhestiae
808 2735 1023 2810 vetutissime,
1046 2735 1190 2811 Adeone,
1215 2736 1377 2809 Anazarbi‚

299 2818 398 2894 Tarsi,
408 2818 531 2880 Ciliciae
540 2821 641 2895 totius,
652 2821 753 2900 potius
765 2818 897 2922 ipdicare
906 2815 1076 2898 irenopolin
1085 2817 1221 2916 Cilissam
1231 2820 1379 2880 videatur.

299 2899 1380 3066 ..stam¹{iiiiiitulttt‘p’t‘ssttttlttmltt

300 3070 347 3144 (ut
366 3087 422 3127 uos
443 3067 605 3149 loquimur)
635 3091 705 3130 cum
734 3069 841 3152 παστῷ
861 3066 908 3128 vel
930 3060 1068 3127 παστάδι
1089 3064 1237 3148 nuptiali,
1260 3078 1296 3128 ut
1316 3089 1380 3150 pag.

300 3148 373 3210 288.
390 3149 450 3209 line
471 3152 501 3209 in
523 3151 649 3213 scholio.
689 3152 746 3214 Est
766 3147 903 3227 παστὰς,
926 3153 997 3210 item
1017 3143 1159 3230 θαλάμη,
1178 3151 1315 3211 umbella
1332 3161 1381 3210 aut

298 3233 473 3307 maisons,
497 3233 712 3310 baldachinus‚
752 3234 864 3294 lormac
884 3243 936 3294 atat
956 3231 1120 3315 quadratae
1140 3243 1193 3294 aut
1213 3235 1379 3310 rotundae,

297 3317 373 3378 velis
391 3327 421 3376 et
462 3321 550 3377 annis
570 3321 672 3379 sericis
692 3337 823 3400 superne
843 3326 940 3377 tectus
968 3327 998 3376 et
1028 3337 1046 3374 a
1067 3315 1161 3376 latere
1181 3317 1320 3400 undique
1332 3318 1380 3377 de·

296 3338 499 3480 pendentissus
531 3404 667 3478 cinctus,
694 3423 753 3482 ope
780 3399 895 3480 aliquot
925 3401 1110 3483 perticarum
1131 3401 1296 3480 geraritis,
1328 3399 1381 3462 sub

297 3503 360 3562 quo
380 3483 456 3543 olim
469 3485 592 3566 quidem
613 3485 757 3566 imagines
770 3483 919 3560 deorum,
940 3481 1031 3542 hodie
1046 3483 1198 3543 interdum
1210 3494 1381 3545 monstran-

298 3565 345 3624 sia
371 3568 641 3649 circumgestatur.,
670 3587 754 3648 reges
785 3577 814 3626 et
848 3569 970 3648 reginae
1002 3567 1034 3624 in
1062 3566 1238 3626 solennibus
1268 3567 1379 3649 pompis

248 3651 258 3666 “
296 3649 482 3786 procedunt,
506 3651 581 3728 (vid.
601 3653 762 3710 Memoires
782 3649 820 3708 de
840 3648 868 3709 la
888 3651 983 3709 Reine
995 3646 1145 3710 Christine
1158 3669 1215 3730 per
1229 3651 1305 3711 Mar.
1319 3652 1378 3710 Ar-

319 3728 438 3790 enholtz
456 3731 496 3791 Τ.
523 3733 550 3792 l.
566 3754 598 3814 p.
614 3732 700 3814 534.)
722 3744 753 3793 et
773 3753 899 3813 sponsae
920 3733 1067 3792 Turcicae
1092 3755 1127 3792 ex
1154 3752 1242 3794 more
1254 3755 1273 3792 a
1289 3737 1380 3794 Grae·

296 3813 339 3870 eis
359 3810 497 3873 derivato
536 3817 568 3874 in
596 3815 722 3877 domum
749 3819 850 3878 mariti
883 3815 1086 3876 deducuntur.
1127 3815 1171 3875 Et
1192 3817 1267 3896 quia
1289 3816 1380 3876 lectus

296 3894 438 3974 genialis,
473 3897 505 3955 in
539 3918 602 3979 quo
634 3919 760 3980 sponsus
791 3910 821 3958 et
851 3919 962 3981 sponsa
987 3899 1119 3980 primum
1152 3897 1378 3974 concumbunt,

295 3997 418 4057 prorsus
439 3979 545 4038 eodem
566 3981 658 4042 modo
677 3993 865 4042 constructus
887 3994 916 4041 et
936 3981 1099 4041 adornatus
1120 3993 1184 4058 est,
1205 3983 1298 4041 etiam
1320 3983 1380 4064 ipse

295 4053 414 4130 παστὰς
432 4061 612 4142 appellatur.
657 4065 780 4126 Priscus
796 4069 827 4125 in
851 4065 973 4146 Eclogis
995 4064 1222 4125 Hoeschelianis
1240 4087 1311 4147 pag.
1329 4067 1377 4126 51.

295 4141 468 4202 describens
497 4143 609 4206 lectum
640 4147 776 4224 Attilae,
807 4147 938 4244 appellat
964 4162 1033 4208 mm
1066 4144 1162 4226 εὐνὴν
1182 4145 1380 4224 καλυπτομὲ·

295 4242 351 4304 rqr
370 4215 497 4299 ὀθόναις
511 4223 569 4290 acl
585 4229 738 4304 nomime
758 4251 1027 4314 παραπετασμασι
1047 4225 1167 4308 κόσμου
1183 4225 1301 4312 χάριν,
1325 4253 1379 4290 ια·
1428 4319 1432 4330 Ι
