2975 4892
184 301 242 367 au
271 294 493 367 consuitur.
522 297 671 367 roura.
701 290 756 366 ue
786 300 923 369 carru.
953 305 1029 371 ιιι.
1048 311 1089 374 ιι.
1123 280 1199 395 761

129 454 320 543 perobscura.
362 459 551 541 Suggerunt,
574 476 640 519 om
662 456 769 520 lustioi
790 482 824 521 ex
847 458 900 526 illo
921 464 1101 527 monasterio
1122 466 1205 528 abla-

129 554 162 603 ta
181 543 282 603 luisse.
325 541 418 625 Atqui
440 542 548 604 Noster
569 542 628 616 ait,
647 561 682 600 ea
702 544 736 601 in
755 542 860 605 eodem
881 549 1060 609 monasterio
1083 550 1206 611 mansis-

133 648 185 702 se,
220 629 358 707 qminvis
390 646 424 685 ex
462 626 585 705 antiqua
619 644 688 683 arca
722 625 754 687 ia
789 624 878 689 aliam
912 628 1055 691 translata
1084 630 1204 693 fuerint.

131 708 228 768 Forte
247 708 405 769 audiverat
433 708 481 768 vel
502 707 612 789 legerat
631 705 812 789 Anonymns
833 710 883 774 ille
902 711 940 771 de
968 733 1035 772 arca
1057 712 1162 775 lustini
1190 736 1208 775 e

132 790 313 851 monasterio
339 790 393 851 illo
420 793 452 849 in
477 790 532 851 SS.
559 787 773 870 Apostolorum
796 793 900 853 aedem
922 794 1083 871 translata,
1126 797 1209 879 quod

134 874 174 941 de
193 872 263 954 ipsis
281 874 387 935 lustini
408 872 521 932 exuviis
548 870 599 931 ille
630 872 768 954 deinceps
794 874 952 937 rescrebat.
1001 876 1155 944 Cedreuns
1176 900 1206 959 p.

136 954 229 1017 iffi:
253 951 448 1034 ι’τιλείκησεν
466 953 629 1025 ’loomim
656 953 712 1014 ιιιιί
738 952 832 1036 ἐτέθη
861 952 896 1017 rii
928 955 1020 1036 σῶμα
1049 956 1152 1021 αὐτοῦ
1177 962 1212 1022 ἐι

135 1037 175 1136 τῇ
193 1036 274 1116 μονῇ
291 1036 346 1117 τῆς
360 1032 547 1117 Αὖγιύστης
570 1034 605 1097 ἐν
625 1032 755 1115 λάρνακι
776 1040 909 1123 πρασίνῃ
928 1035 1009 1117 μετὰ
1029 1042 1084 1123 τῆς
1100 1062 1209 1120 γυναι-

86 1124 89 1127 ’
134 1140 190 1192 xvc
211 1120 241 1180 Ε
288 1119 394 1200 ημιλις.
434 1118 558 1202 Egestas
585 1128 685 1179 autem
713 1120 834 1181 exuvias
856 1124 1047 1205 Imperatoris
1078 1146 1113 1187 ex
1142 1147 1212 1187 arca
1311 1160 1313 1165 ·

137 1222 191 1263 sua
212 1206 292 1263 etin
322 1202 419 1263 aliena
444 1200 605 1265 translatas
631 1200 740 1279 tuisse,
760 1224 822 1262 non
842 1206 912 1265 satis
942 1226 1064 1287 possum
1094 1208 1208 1269 mirari.

137 1286 245 1357 Certe,
267 1295 303 1344 ut
329 1284 475 1347 habereut
502 1306 568 1347 ossa
589 1284 745 1345 Michaelis
767 1278 905 1364 Ebriosi,
926 1290 979 1349 ubi
1042 1292 1210 1365 iescerent,

139 1388 202 1431 uon
223 1369 294 1428 satis
312 1379 377 1428 erat
404 1388 529 1445 causae,
556 1367 598 1429 ob
618 1388 708 1450 quam
731 1368 926 1431 turbarentur
953 1384 984 1433 et
1022 1394 1127 1435 iouore
1155 1394 1211 1436 suo

139 1452 337 1533 spoliarentur
356 1448 464 1531 sepulti
485 1470 599 1511 manes.
826 1454 830 1461 '

221 1535 256 1595 Β.
273 1556 304 1593 2.
326 1532 414 1617 [δῷ.
434 1536 497 1614 rm}
518 1532 575 1593 τοῦ
596 1525 686 1610 tylos
698 1527 891 1594 Ἀιιοστόλου
908 1532 1019 1613 Θωμᾶ.
1062 1536 1143 1621 Ergo
1165 1540 1213 1599 in·
1238 1582 1240 1589 .

140 1628 187 1677 tra
207 1617 354 1677 ambitum
373 1620 545 1677 monasterii
555 1616 709 1696 Augustae
728 1626 792 1676 erat
812 1616 898 1678 aedes
912 1618 1049 1699 Apostoli
1064 1618 1211 1693 Thomas,

140 1700 265 1775 eadem,
288 1710 324 1760 ut
343 1700 481 1775 viusmr,
501 1720 572 1759 cum
590 1698 624 1759 S.
639 1701 759 1760 Thoma
777 1699 958 1779 Anthemii3
979 1721 1011 1759 v.
1038 1702 1089 1763 Du
1110 1704 1213 1785 Cange

142 1782 205 1842 (ΣΡ.
234 1782 308 1842 Chr.
342 1784 375 1843 L.
398 1780 453 1841 lV.
475 1799 504 1863 p.
531 1804 598 1865 rip.
639 1783 721 1867 Ergo
742 1786 801 1843 iam
824 1785 930 1863 quinto
949 1803 1070 1864 quoque
1098 1786 1216 1848 saeculo

142 1864 321 1925 affectabant
340 1866 501 1927 morientes
523 1863 683 1925 Christiani
709 1866 851 1925 viciniam
883 1864 995 1927 ossium
1023 1888 1079 1947 pro
1106 1870 1217 1929 sanctis

140 1959 362 2028 reputaturum,
380 1966 416 2007 ea
436 1968 509 2031 spe,
527 1947 614 2027 fore,
636 1958 670 2008 ut
687 1965 722 2008 ex
741 1947 939 2009 contubernio
959 1950 1070 2009 ossium
1091 1950 1216 2031 prosun-

141 2028 213 2091 dam
242 2032 460 2113 superstitiosae
495 2028 589 2110 plebis
621 2035 846 2091 venerationem
878 2032 1057 2091 merentium
1091 2032 1129 2091 ad
1163 2053 1217 2093 sua

143 2134 264 2195 quoque
283 2116 308 2173 si
329 2134 389 2173 oon
417 2114 655 2190 sanctimoniae,
681 2112 793 2197 gloriae
813 2124 843 2175 et
859 2116 1059 2176 venerationis
1079 2114 1217 2175 nonnihil

143 2207 239 2272 eene,
260 2197 445 2257 demanaret.
486 2197 573 2273 Quae
601 2207 700 2257 autem
723 2194 792 2255 illae
811 2198 870 2257 sint
891 2196 941 2256 hic
961 2208 1143 2257 memoratae
1162 2198 1216 2259 SS.

144 2278 357 2359 Apostolorum
382 2278 486 2351 stoice,
508 2300 569 2339 nou
590 2282 673 2338 novi.
717 2280 794 2357 Quis
815 2300 918 2341 omnes
937 2290 1036 2341 teneat
1055 2278 1216 2361 reliquias,

144 2375 222 2443 quae
243 2362 340 2436 CPli,
362 2361 442 2423 haud
467 2363 568 2423 nunus
588 2362 676 2422 uberi
696 2382 800 2422 earum
821 2362 909 2440 solo,
930 2384 1022 2443 quam
1048 2360 1219 2425 Romanum

142 2444 221 2518 fuit,
247 2466 343 2525 aeque
363 2447 481 2524 copiose
508 2455 599 2525 atque
620 2444 704 2527 fungi
724 2442 841 2523 solent,
862 2450 1097 2506 succreverunt?

225 2526 261 2587 B.
277 2528 309 2588 8.
334 2522 465 2611 [ΗΜ.
497 2526 664 2599 Basileios
677 2537 734 2589 etc.
777 2527 817 2586 V.
833 2528 963 2589 Cedren.
976 2548 1009 2610 p.
1025 2526 1097 2590 608.
1113 2528 1217 2590 D.ult.

145 2610 255 2691 Script.
276 2622 345 2692 post
364 2609 450 2671 Theo
496 2652 504 2668 .
526 2630 557 2689 p.
571 2608 644 2684 αὖά.

228 2694 263 2753 Β.
280 2715 327 2753 ιο.
350 2688 439 2775 ltili,
454 2690 498 2774 6.]
520 2684 694 2770 Σαγαρινὸς
713 2680 736 2767 ἢ
756 2682 1010 2766 πνευμοιιύσιος.
1061 2690 1155 2751 Forte
1179 2694 1222 2753 sic

146 2774 245 2838 dictus
263 2786 308 2837 est
331 2796 348 2835 a
371 2775 484 2850 colore,
506 2772 656 2855 pulmonis
677 2770 809 2832 colorem
828 2774 974 2833 imitante.
1015 2772 1223 2855 Sagariuaut

145 2858 309 2937 Sagarriius
328 2858 426 2919 dictus
445 2868 489 2917 est
510 2856 549 2917 ab
569 2857 646 2917 urbe
665 2856 825 2936 Bithyniae
838 2855 955 2937 Sagara
982 2854 1031 2916 vel
1056 2856 1222 2939 Swzgarus,

147 2940 186 2999 de
200 2962 261 3022 qua
283 2942 355 3002 dico
373 2941 413 3001 ad
434 2960 464 3021 p.
481 2936 553 3023 417.
572 2941 610 2999 D.
629 2960 653 3003 ι.
696 2934 887 3023 *[Constunt.
909 2939 973 2999 Vit.
990 2938 1080 3001 Basil.
1102 2960 1134 3023 p.
1152 2960 1221 2999 ror.

148 3022 183 3081 C.
196 3045 239 3106 9.=
264 3016 281 3082 6
302 3018 465 3103 λεγόμενος
477 3017 631 3099 Σαγάριος
647 3020 753 3098 λάλος,
777 3014 813 3094 ig
832 3020 877 3104 τῷ
895 3017 983 3104 παρά
1003 3042 1098 3085 τινοιν
1119 3019 1224 3103 liutul-

147 3123 187 3188 τῃ
207 3102 386 3187 καλουμένῳ
405 3100 698 3189 λίθῳ’καθέστηκιν
716 3100 896 3189 ἑμφιρής.]*

230 3188 264 3249 Β.
285 3208 330 3249 ιι.
355 3186 445 3271 ltili,
459 3186 507 3269 6.]
528 3184 622 3247 Λέων
653 3180 671 3244 ὅ
702 3182 856 3265 ιίοιΒημος
886 3180 946 3248 orie
976 3184 1019 3267 τῷ
1045 3179 1107 3269 υἱῷ
1133 3184 1227 3246 Κωτ-

128 3257 299 3353 'usum'vep
319 3263 453 3350 ὕστερον
472 3262 704 3348 τελευτήσαντι.
746 3266 888 3351 *[Ροειοι
909 3288 944 3329 ex
965 3268 1023 3327 hoc
1039 3266 1107 3329 loco
1120 3267 1229 3349 aliquis

149 3350 351 3423 concludere,
375 3374 435 3413 non
458 3352 498 3411 ab
518 3354 584 3434 ipso
604 3349 800 3411 Constantino
819 3351 893 3412 haec
913 3350 1069 3431 prolecta,
1090 3348 1141 3411 sed
1163 3362 1230 3432 post

150 3435 267 3501 obitum
287 3438 352 3497 eins
382 3434 422 3494 ab
447 3434 507 3495 alis
535 3454 626 3494 mauu
657 3432 758 3494 addita
787 3452 857 3495 esse.
909 3436 1011 3511 Quum
1039 3454 1111 3492 veru
1131 3432 1230 3515 Impe-

150 3529 305 3594 ratorum,
330 3520 382 3597 qui
404 3528 473 3599 post
493 3518 590 3597 ipsum
611 3526 795 3597 regnarunt,
828 3515 911 3577 nulla
933 3517 1045 3577 mentio
1066 3526 1229 3597 appareat,

150 3602 245 3681 magis
265 3599 389 3666 iudinat
409 3620 547 3672 animus,
567 3610 603 3658 ut
621 3598 761 3675 credam,
793 3598 1023 3659 Constantinum
1044 3598 1231 3659 voluntatem

149 3682 387 3749 ac‘des‘uerium
407 3682 447 3743 ad
467 3685 561 3763 patris
581 3682 659 3743 latus
679 3682 841 3762 aliquando
862 3680 1034 3765 quiescendi
1055 3680 1102 3743 his
1130 3682 1232 3744 verbis

150 3764 341 3846 significasse.
384 3766 543 3825 Praeterea
563 3776 678 3824 certum
699 3775 764 3837 est,
788 3768 886 3846 ipsum
907 3764 1114 3855 eodem,¹qiro
1155 3776 1232 3841 ater,

151 3848 270 3912 tumulo
290 3848 444 3909 conditum
465 3847 568 3909 fuisse.
610 3846 764 3908 Cedrcnus
785 3870 813 3929 p.
829 3846 921 3925 Gaia:
950 3840 1103 3907 θάπτεται
1148 3842 1233 3909 avoir

153 3925 214 3991 urie
234 3931 276 4013 τῷ
303 3928 407 4015 οιίιίιρ
427 3928 527 4007 παιρί
535 3976 543 3996 .
585 3930 713 4011 tepidius
740 3944 783 3991 est
803 3934 889 3991 iuxta
905 3942 1022 4031 patrem
1038 3952 1133 3990 surani.
1175 3930 1233 4011 sy-

153 4031 242 4073 meon
266 4016 344 4094 lilag.
367 4016 398 4072 in
420 4013 617 4073 Constantino
639 4010 772 4095 [ι.496.ι
797 4012 852 4073 xci
870 4013 1027 4075 θιιιιτεται
1052 4012 1086 4075 ἐν
1105 4010 1149 4095 τῷ
1170 4010 1236 4095 ναῷ

154 4094 221 4154 τῶν
239 4088 339 4173 ἆγὼιν
367 4090 563 4156 ssansteten
584 4090 662 4170 μετὰ
687 4091 823 4165 Λέοντος
855 4094 1008 4171 βασιλέως
1036 4094 1093 4155 τοῦ
1118 4090 1237 4171 πατρὸς

154 4172 258 4238 enisuri
270 4222 279 4252 ,
316 4174 457 4267 sepelitur
481 4180 514 4239 ιἰι
534 4177 643 4260 ιειιιρῖο
663 4176 720 4239 SS.
744 4176 952 4263 Apostolorum
979 4195 1047 4239 σιιιιι
1072 4189 1160 4259 poue
1187 4193 1238 4236 ιιιο
