2975 4892
198 321 255 386 sn
285 315 512 386 oonsrmr.
542 314 691 385 ronan.
712 311 766 383 na
793 316 930 384 cmm.
962 318 1039 386 nm.
1061 325 1102 387 n.
1141 294 1223 410 847

137 476 215 562 417.
239 476 282 536 D.
318 486 360 537 et.
382 474 455 554 426.
474 475 513 537 C.
540 486 571 537 et
594 474 667 555 436.
688 474 729 536 A.
752 473 783 535 5.
826 476 967 558 Agnosco
994 482 1095 541 tamen
1124 480 1226 559 ultro,

137 569 319 645 argumente
339 559 414 620 haee
432 580 580 642 perquam
600 558 712 620 debilia
731 578 803 620 esse.

223 644 260 703 Β.
276 640 307 703 5.
325 640 411 724 [719,
430 641 492 725 tp]
514 639 701 723 ἔξαρτιστὴς.
743 641 821 721 Quis
842 640 892 701 hic
912 642 1072 725 integrator
1093 657 1145 706 aut
1160 668 1226 706 rar·
1274 676 1287 691 κ

135 740 186 788 tor
212 723 263 785 vel
285 736 469 786 restaurator
487 728 551 803 sit,
570 746 631 785 non
661 735 783 809 exputo.
825 723 874 783 De
893 736 1009 787 sertore
1030 731 1155 789 vestium
1175 750 1225 790 co·
1298 775 1301 781 .

135 813 233 893 gitare
257 828 319 868 non
347 807 425 869 licet.
468 806 528 869 Hic
550 810 630 869 enim
650 811 741 883 nimis
765 804 911 886 humilis,
938 828 1031 892 quam
1050 822 1085 871 ut
1105 814 1137 871 in
1160 808 1227 872 offi-

138 893 221 952 cium
242 894 360 973 regium
380 892 500 969 veniat3
527 901 558 952 et
583 890 692 952 Graeci
713 882 837 972 ῥάπτην
857 890 907 951 vel
929 886 1062 973 οἰκιστήν
1084 916 1153 954 eum
1173 916 1227 977 np-

138 974 278 1056 pellant,
309 994 371 1033 non
398 971 592 1054 ἐξαρτιστιίν.
633 974 730 1033 Penes
757 992 805 1035 me
832 972 959 1037 dubium
979 988 1127 1055 nonest,
1157 976 1228 1039 huic

140 1057 241 1118 officio
260 1078 332 1117 cum
354 1067 475 1117 moneta
495 1060 650 1139 negotium
669 1057 759 1117 fuisse
772 1100 781 1133 ,
795 1056 847 1117 sed
867 1057 942 1139 quid
964 1061 1087 1141 proprie
1115 1062 1227 1141 egerit,

141 1139 219 1201 alius
250 1139 370 1201 dixerit.
412 1140 531 1200 luteres
559 1160 670 1222 negare
696 1139 790 1200 nolim
819 1143 950 1219 potuisse
970 1142 1093 1203 Graecis
1121 1164 1228 1204 eorum

136 1232 313 1305 temporum
340 1226 372 1283 in
385 1242 443 1283 usu
463 1222 576 1297 luisse,
597 1233 633 1283 ut
649 1234 796 1283 sertorem
817 1226 944 1285 vestium
965 1219 1152 1306 ἐξαρτιστὴν
1173 1247 1228 1308 ap-

141 1306 312 1389 pellarent,
343 1326 467 1389 prorsus
487 1315 523 1366 ut
544 1305 645 1367 Latini
668 1320 824 1367 sartorem.
866 1305 945 1367 Nem
967 1318 1065 1368 sertor
1087 1319 1154 1384 est,
1175 1310 1228 1391 qui

141 1399 257 1450 sartum
279 1388 370 1467 facit,
388 1409 452 1449 non
474 1392 689 1450 vestimentum
707 1398 848 1462 tannim,
883 1389 936 1451 sed
965 1389 1048 1451 eliud
1069 1391 1227 1473 quodcun-

138 1494 213 1555 que.
254 1470 296 1533 Et
324 1471 424 1533 latim
451 1470 542 1532 medii
570 1491 691 1554 quoque
712 1485 885 1556 pmutorem
905 1470 1115 1556 appellebant,
1135 1496 1227 1559 quem

140 1576 197 1617 nos
215 1566 361 1616 sartorem
378 1578 389 1632 ι
409 1554 473 1616 vid.
497 1554 549 1614 Du
573 1556 674 1637 Gange
692 1576 725 1616 v.
740 1552 883 1616 Par-ator.
961 1559 965 1577 ⁶

222 1638 409 1722 13.6.[719‚
431 1634 494 1720 ι8.]
514 1637 713 1717 Χοσβαῆται.
757 1636 888 1699 Perinde
899 1648 944 1699 est
955 1638 1008 1713 sic,
1031 1638 1080 1700 vel
1099 1640 1228 1719 Χοσβα-

141 1718 208 1782 itus
229 1720 357 1794 scribas,
379 1730 415 1780 ut
442 1719 622 1804 plerumque
641 1719 718 1781 solet
733 1721 864 1781 exerari.
906 1720 954 1781 lta
971 1722 1069 1783 estin
1091 1722 1226 1789 Glossist

141 1796 366 1885 Χοσβαΐτηςὸ
389 1800 601 1884 βεστιαρίτης.
643 1804 824 1864 vestiaritae
842 1802 935 1885 igitur
968 1814 1055 1865 erant
1082 1804 1228 1867 Chosbai-

140 1898 192 1948 tae
210 1908 336 1964 omnes;
366 1896 400 1946 at
418 1906 481 1945 non
502 1886 634 1947 vicissim
654 1907 760 1947 omnes
782 1888 954 1947 vestiaritae
977 1898 1063 1949 eram
1083 1886 1229 1951 Chosbai·

140 1975 203 2031 te'e.
247 1972 344 2031 Erant
366 1980 471 2043 autem
492 1967 525 2029 hi
553 1990 621 2030 mee
652 1970 801 2030 sententia
845 1990 864 2029 e
892 1967 1002 2031 calceis
1024 1981 1055 2031 et
1074 1970 1230 2034 tibialibus

141 2053 292 2135 Augusti,
313 2056 406 2115 etsie
427 2051 498 2112 dicti
520 2052 560 2112 ab
580 2054 677 2130 nosris,
697 2050 780 2135 quod
800 2054 939 2112 hosarum
959 2052 1049 2132 bayi,
1078 2052 1229 2116 tibialium

139 2147 172 2197 et
199 2157 357 2197 ocrearum
383 2138 470 2217 pueri
500 2134 550 2196 vel
578 2137 658 2196 servi
678 2146 787 2197 essent.
831 2134 923 2213 Quod
943 2145 978 2195 ut
1000 2136 1229 2217 demonstrem,

141 2221 275 2301 primum
295 2220 369 2279 mihi
388 2218 427 2279 de
438 2238 512 2279 voce
525 2217 584 2297 say
597 2230 627 2279 et
647 2217 723 2299 bag,
744 2218 854 2278 deinde
874 2216 913 2279 de
932 2218 1004 2279 hosa
1022 2220 1230 2282 disserendum

141 2305 211 2363 erit.
253 2303 303 2363 Ad
324 2303 415 2383 hanc,
436 2321 529 2382 quum
552 2304 707 2384 proposui,
734 2300 946 2383 etymologiam
967 2322 1060 2363 manu
1078 2324 1127 2363 me
1146 2303 1231 2365 duxit

139 2405 200 2446 vox
229 2386 317 2446 Mare
365 2388 389 2458 ¹,
421 2384 617 2469 Marepalulc,
645 2384 817 2467 Marepazris
836 2395 867 2444 et
886 2384 1073 2469 Marepugis.
1114 2386 1230 2447 Omnes

142 2470 225 2529 enim
246 2468 279 2529 hi
323 2467 412 2531 ‘versi
433 2478 505 2527 sunt
525 2466 608 2527 modi
628 2468 883 2548 pronuntiationis
902 2478 933 2527 et
956 2469 1128 2551 scriptionis
1150 2472 1229 2531 eius-

142 2551 213 2612 dem
240 2552 343 2629 vocis,
373 2570 452 2633 quae
489 2570 618 2630 puerum
654 2570 822 2631 equorum,
861 2551 1035 2629 equisonem
1072 2552 1231 2633 significat.
1328 2594 1331 2603 ·

142 2634 317 2716 Composita
338 2631 391 2695 illa
410 2643 455 2694 est
475 2654 510 2694 ex
533 2652 607 2693 voce
626 2653 729 2707 mare,
756 2653 842 2717 equa,
865 2642 895 2691 et
917 2653 1007 2715 pay,
1033 2654 1120 2715 puer.
1162 2636 1231 2696 Ma-

142 2718 228 2780 navit
247 2718 321 2779 haec
352 2738 412 2777 vox
429 2737 497 2802 pay
522 2714 571 2777 vel
592 2716 651 2794 buy
678 2714 781 2797 plures
809 2716 839 2775 in
868 2712 997 2793 linguas.
1043 2716 1135 2799 Angli
1159 2717 1231 2779 inde

142 2801 201 2880 bey
221 2804 424 2862 retinuerunt.
468 2798 532 2859 Nos
551 2798 652 2871 Belo,
683 2799 783 2879 buse',
803 2796 886 2858 uude
903 2797 1085 2860 Francicum
1111 2798 1231 2881 bozffm

142 2894 176 2944 et
193 2883 379 2965 dorfimerie,
400 2883 548 2961 Biiberey.
588 2882 737 2962 Deinceps
758 2880 1027 2961 demonstrabo,y
1048 2892 1093 2943 et*
1105 2902 1128 2963 g
1154 2892 1185 2944 et
1203 2884 1240 2963 s

143 2977 176 3029 et
205 2989 240 3030 w
267 2985 360 3051 *saepe
389 2967 469 3027 vices
488 2976 661 3047 permutare
681 2968 761 3025 inter
780 2985 822 3025 se.
863 2963 927 3025 Nos
945 2984 1066 3048 quoque
1086 2964 1230 3028 Germani

143 3070 251 3111 vocem
271 3052 330 3132 bag
348 3050 547 3123 retinuimus,
580 3058 612 3109 et
631 3048 742 3109 Franci
763 3058 854 3129 atque
884 3047 953 3109 itali
975 3048 1067 3109 medii
1087 3050 1153 3110 aevi
1174 3066 1231 3109 no-

144 3130 262 3194 biscum
289 3154 410 3218 pagus,
442 3152 556 3213 augus,
590 3152 645 3215 pro
673 3130 859 3192 adolescente
872 3132 1015 3193 formoso
1045 3142 1076 3193 et
1107 3140 1230 3194 strenuo

125 3216 343 3291 ,adhibentes‚
372 3216 455 3276 unde
482 3224 589 3276 neuun
607 3218 695 3299 pazis
715 3223 746 3274 et
760 3236 861 3299 page5
894 3214 957 3276 vid.
981 3216 1131 3275 Murator.
1150 3213 1225 3276 Ant.

146 3299 216 3360 ltel.
246 3300 285 3361 T.
311 3300 352 3361 ll.
376 3320 409 3381 p.
429 3298 517 3362 1525.
533 3298 603 3358 line.
644 3298 802 3358 Germania
825 3295 900 3358 olim
919 3298 1122 3360 terminabant
1141 3296 1230 3359 dimi-

144 3383 251 3444 nutiva
271 3386 302 3442 in
322 3383 368 3457 el,
395 3402 488 3463 qnam
507 3380 760 3456 terminationem,
781 3390 816 3440 ut
830 3378 963 3464 reliquae
981 3392 1082 3463 gentes
1103 3382 1229 3443 Germa-

143 3468 231 3527 nicae
268 3484 364 3547 paene
394 3465 624 3541 oblitteratum,
653 3465 695 3524 ite
722 3462 809 3524 Silesi
838 3475 888 3538 et,
919 3464 944 3527 si
978 3462 1056 3525 bene
1086 3466 1229 3540 memini,

144 3550 298 3610 Austrieci
325 3558 389 3608 ιιιιιι
415 3558 519 3609 terunt
544 3548 663 3626 adhuc,
690 3557 726 3607 ut
751 3544 839 3607 nimii
869 3548 901 3608 in
932 3568 968 3608 eo
997 3549 1057 3609 siut
1077 3558 1108 3608 et
1129 3550 1231 3609 omnia

184 3652 242 3692 ene
271 3629 418 3693 voeabula
439 3630 471 3691 in
491 3631 522 3691 el
539 3632 714 3691 terminent.
755 3629 924 3713 Supersunt
943 3639 1044 3690 tamen
1063 3631 1163 3692 adhuc
1182 3641 1229 3691 te·

144 3654 185 3777 ll:
209 3715 242 3776 in
262 3724 366 3775 nostro
387 3734 509 3796 quoque
528 3732 684 3788 sermone,
708 3712 760 3773 sed
774 3734 888 3795 pauca,
912 3712 1120 3787 utSolieulel,
1142 3710 1230 3777 Hen-

44 3796 49 3807 “
144 3798 194 3859 tel
201 3842 212 3874 ,
236 3796 349 3878 Eukel,
370 3808 401 3858 et
423 3799 549 3857 nomina
566 3796 715 3879 quaedam
735 3798 857 3879 propria
873 3794 1002 3857 Frende!
1028 3807 1057 3859 et
1077 3797 1231 3875 Frensel,

146 3880 334 3953 Franculus‚
371 3879 530 3942 Scdwdbel
541 3924 551 3956 ,
584 3880 735 3941 Suevulus
764 3891 825 3941 etc.
874 3880 1027 3957 Quorsum
1057 3878 1133 3942 haec
1164 3900 1232 3960 spe-

146 3970 251 4025 ctent?
280 3964 349 4025 Huc
369 3984 491 4045 nempe.
529 3963 563 4023 -A
590 3964 767 4047 bag,p1oer
796 3962 845 4025 vel
871 3964 1057 4042 adolescens,
1089 3960 1231 4023 dicebant

145 4058 262 4109 veteres
291 4048 393 4129 ὸῳὶ,
421 4046 661 4108 adoksoeuutltu.
702 4046 782 4108 Hinc
805 4046 970 4127 bagelarius
1000 4058 1030 4107 et
1058 4047 1230 4128 corruptius

147 4131 246 4206 adhue
262 4130 469 4191 ὸαοεαὶαιυιιιιι
494 4150 550 4211 pro
568 4130 678 4205 manc,
701 4140 766 4190 tem
785 4129 930 4207 militari,
960 4151 1053 4212 quam
1072 4127 1231 4206 litterario,

145 4214 351 4303 quirendum
368 4212 455 4278 miles
474 4224 529 4277 aut
545 4215 688 4299 magister
707 4214 821 4277 attium
836 4196 894 4279 cst.¹
935 4212 1026 4277 Couf.
1051 4212 1102 4277 nu
1127 4210 1231 4295 Gange
