2975 4892
278 388 283 409 Ι
313 258 372 360 64
521 284 578 350 10.
608 282 689 351 nc.
717 282 864 349 narsen
894 284 1176 351 comtaurmn

315 460 392 501 voce
409 449 463 500 aut
480 438 661 521 preshyteris
676 460 779 522 preces
801 439 1014 517 recitantibus,
1044 451 1096 501 aut
1114 438 1218 521 psaltis
1240 438 1273 499 in
1290 436 1400 501 ambo-

316 544 375 595 ne,
397 534 450 583 aut
460 521 574 604 populo
589 521 670 583 fideli
682 522 829 583 utendum
842 534 918 583 esset
938 536 1028 606 atque
1048 522 1285 583 acclamandum.
1329 524 1401 605 lpse

314 607 482 687 Imperator
496 609 529 665 in
545 606 634 665 Circo
659 604 778 666 sublata
801 627 935 688 purpura
955 628 1028 682 sua,
1059 609 1090 665 in
1114 616 1226 665 certam
1247 604 1401 687 plicarum

313 689 443 749 formam
473 692 657 770 composita,
688 710 782 770 quam
809 685 984 770 ῥωσθέλιον
1004 688 1195 769 appellabant
1209 726 1225 763 ,-
1248 688 1400 770 populum

314 772 460 833 adorabat
484 771 533 833 vel
560 770 726 844 salutabat,
762 774 815 853 qui
842 773 918 831 ritus
941 782 1078 832 vetustae
1109 771 1241 831 missioni
1270 792 1402 852 mappae

313 855 479 916 consederis
500 857 663 927 successit,
686 865 721 914 ut
743 874 799 914 suo
819 853 885 915 loco
906 854 1083 915 videbimus.
1128 854 1193 913 Iam
1212 852 1252 913 de
1271 853 1400 935 singulis

312 960 409 1021 pauca
437 937 585 1021 quaedam
610 936 766 997 addemus.
808 938 856 997 De
879 958 963 997 more
987 938 1139 997 concussis
1169 936 1242 996 olim
1294 936 1401 996 uidem

313 1024 442 1098 trrnicis,
464 1020 573 1081 deinde
594 1040 668 1081 vero
685 1020 810 1094 orariis,
833 1019 945 1081 favoris
964 1020 1112 1080 Circensis
1126 956 1309 1100 significandi
1328 1040 1401 1101 gra-

312 1108 374 1180 tia,
396 1102 592 1164 Casaubonus
606 1114 638 1164 et
650 1103 813 1163 Salmasius
829 1113 954 1184 egerunt
966 1103 1086 1163 abunde
1107 1102 1145 1161 ad
1161 1102 1282 1183 Vopisci
1298 1101 1400 1161 Aure·

314 1185 430 1247 lianum
450 1206 517 1267 cap.
535 1185 600 1269 49„
622 1208 684 1267 quo
694 1187 737 1246 ait
753 1206 823 1247 eum
837 1186 1051 1267 Imperatorem
1066 1188 1196 1269 prinum
1209 1184 1402 1244 dedisseora-

312 1272 364 1329 ria
380 1270 492 1352 popado
516 1270 667 1345 Romam,
689 1270 791 1355 quidm
809 1268 1040 1348 bedsaoorem
1061 1281 1197 1328 utereuw.
1240 1266 1310 1348 Egit
1324 1288 1401 1349 quo·

313 1372 373 1433 que
389 1352 532 1412 Petavius
549 1352 588 1413 ad
607 1352 808 1413 Themistium
826 1372 858 1432 p.
877 1350 963 1431 500,
985 1352 1038 1411 ubi
1051 1360 1152 1411 tamen
1171 1351 1290 1410 sinistre
1304 1350 1403 1409 inter-

313 1444 450 1517 pretans
475 1434 533 1496 suit
558 1432 660 1496 locum
686 1434 862 1495 Philostrati
885 1433 949 1495 vit.
971 1432 1111 1515 Apollon.
1137 1428 1236 1514 Tyan.
1266 1450 1293 1493 1.
1312 1431 1341 1493 5.
1366 1444 1403 1493 et

314 1517 477 1577 dictionem
497 1510 596 1601 ὀθόνῃ
619 1509 745 1579 διδόναι
764 1516 803 1577 de
830 1536 933 1595 more,
966 1518 1018 1598 qui
1045 1515 1248 1589 Philostrato,
1284 1516 1401 1575 nedum

314 1598 480 1681 Apollonio
502 1599 562 1659 fnit
574 1603 733 1661 recentior.
778 1601 898 1661 Rectius
917 1601 1128 1681 interpretatus
1144 1618 1213 1658 enm
1235 1597 1294 1659 fuit
1305 1598 1402 1658 Olea·

314 1682 389 1743 rius.
433 1683 483 1743 Nu
505 1683 614 1743 errime
636 1682 675 1744 de
694 1682 754 1743 hoe
768 1704 853 1743 more
869 1683 1032 1764 disputavit
1051 1681 1091 1742 cl.
1119 1682 1278 1741 Reimarus
1300 1681 1338 1740 ad
1359 1679 1402 1740 il-

313 1762 370 1825 lud
382 1705 532 1847 Xiphilini
553 1788 585 1848 p.
607 1786 694 1826 ιοοο.
715 1766 755 1827 de
775 1766 887 1827 Seneca
909 1775 940 1825 et
959 1764 1099 1843 burrho,
1128 1766 1181 1845 qui
1200 1773 1339 1823 cantante
1363 1765 1400 1823 in

314 1866 404 1911 scena
422 1850 539 1909 Nerone
562 1842 667 1920 τοὶςτε
681 1855 794 1945 gaspar
811 1848 867 1907 καί
883 1842 922 1908 τοὶ
948 1840 1079 1924 ἱμάτια,
1111 1838 1205 1905 ὁπότε
1230 1838 1400 1926 φθέγξαιτό

312 1950 362 2007 τι,
397 1929 537 1993 ἀνέστιον
556 1929 613 1990 καὶ
635 1949 710 2000 τους
738 1920 853 2001 ἄλλους
879 1930 1104 2008 προσεσπῶντο.
1146 1929 1205 1988 lnsi
1248 1928 1272 1989 is
1298 1938 1343 1989 est
1365 1929 1400 1987 in

313 2012 394 2073 hanc
414 2035 479 2074 rem
502 2014 587 2073 locus
611 2011 744 2094 Georgii.
761 2011 955 2072 Alexandrini
979 2014 1012 2071 in
1040 2014 1102 2071 vita
1123 2012 1168 2070 lo.
1190 1950 1401 2093 Cllrurysostomi

313 2094 419 2169 locus,
442 2117 470 2156 c.
488 2095 561 2173 lo:
585 2091 733 2175 ἐκρότουν
752 2089 849 2155 αὐτὸν
866 2092 1023 2173 ὑψοῦνττς
1039 2091 1084 2165 εἷς
1098 2086 1154 2154 τὸν
1170 2089 1270 2174 ἀέρα,
1293 2086 1401 2169 οἱμὲν

313 2174 370 2250 τὰς
394 2176 545 2257 χλανίδας
570 2168 712 2248 ἑαυτῶν,
746 2170 776 2237 οῖ
800 2174 836 2237 δὲ
857 2173 898 2237 τὰ
927 2168 1079 2258 πτερύγια
1101 2174 1164 2236 τῶν
1182 2170 1401 2252 κοοτζούλων,

314 2255 418 2341 ἕτεροι
436 2258 472 2322 δὲ
485 2257 526 2321 τὰ
541 2258 734 2341 ἐγχειριΐια,
763 2253 819 2319 καί
838 2248 928 2320 ἄλλοι
942 2253 981 2320 τοὶ
1006 2252 1176 2339 paradiso.
1218 2258 1273 2317 Ait
1294 2270 1403 2318 auctor

359 2342 463 2403 osdam
478 2342 634 2404 chlanidas
654 2361 708 2403 seu
722 2342 840 2403 tamicas
856 2362 925 2402 suas
939 2342 970 2401 in
988 2341 1083 2401 altum
1100 2340 1272 2402 sublevasse
1290 2351 1400 2401 testan-

339 2425 346 2439 '
374 2426 487 2487 favoris
510 2448 620 2499 causa,
652 2424 727 2486 alios
751 2446 818 2485 oras
843 2430 985 2496 extimas,
1018 2424 1153 2505 cuspides
1181 2423 1231 2483 vel
1252 2421 1398 2506 angulos,

315 2519 369 2569 aut
387 2508 468 2583 alas,
500 2510 672 2571 oasularum
692 2528 840 2580 ‘suarum
877 2507 950 2567 alios
971 2528 1019 2566 ma
1041 2529 1094 2589 pas
1115 2506 1287 2579 manualeS,
1323 2505 1401 2566 alios

315 2591 447 2674 deniqne
470 2596 564 2653 tiaras
591 2612 681 2664 suas,
716 2602 769 2651 aut
793 2591 926 2673 capitum
951 2530 1130 2668 involucra,
1164 2588 1281 2649 fecialia
1305 2588 1398 2649 dicta.

316 2673 365 2734 De
381 2696 484 2752 more,
504 2695 567 2758 quo
589 2679 775 2756 praepositus
788 2674 936 2735 submisso
951 2672 1089 2733 nonnihil
1112 2672 1231 2754 capite,
1252 2682 1282 2732 et
1301 2671 1403 2731 levata

313 2758 467 2817 tantilmm
489 2762 592 2819 tunica
612 2758 827 2838 Imperatorem
845 2757 1004 2829 monebat,
1040 2768 1158 2836 tempus
1178 2775 1241 2815 esse
1259 2754 1404 2837 surgendi

315 2848 408 2919 atque
426 2840 628 2920 procedendi,
650 2851 777 2899 testatur
802 2839 897 2899 ethic
919 2850 1022 2899 noster
1040 2837 1144 2911 locus,
1181 2848 1210 2897 et
1227 2836 1279 2897 alii
1304 2840 1403 2897 nostri

315 2920 446 2998 codicis,
462 2933 492 2980 et
508 2921 560 2981 ille
586 2923 738 3002 inprimis
763 2922 800 2979 L.
825 2922 984 2981 ll.c.1o.
1033 2920 1130 2981 .315.
1147 2921 1182 2979 B.
1226 2917 1406 2997 εἰσέρχεται

315 2997 336 3060 o‘
355 2995 560 3081 προιπόσιτος
577 3002 632 3063 κατ’
647 3006 821 3082 προσκυνεῖ
832 2942 1070 3083 amputandus
1092 3022 1160 3073 πως
1182 2994 1240 3081 τὴν
1259 2996 1403 3083 κεφαλήν

315 3079 510 3161 ducellum,
533 3081 588 3145 κατ’
610 3090 680 3155 ταῖς
706 3084 803 3162 χερσὶ
822 3084 958 3163 μετρίως
977 3082 1137 3166 scaptioni
1158 3078 1193 3143 τό
1212 3076 1327 3145 ἑαυτοῦ
1343 3104 1407 3143 oa-

315 3164 397 3246 γίον.
435 3151 499 3227 Pro
516 3188 607 3248 sago,
627 3166 679 3228 vel
693 3170 795 3249 sagio,
819 3170 994 3229 nominatur
1015 3171 1046 3227 in
1070 3168 1136 3228 loco
1159 3178 1263 3227 nostro
1283 3176 1315 3226 et
1328 3165 1406 3227 alibi

314 3244 337 3328 ἢ
358 3248 479 3329 χλανίς.
520 3252 614 3311 Estne
625 3252 717 3333 igitur
731 3251 813 3310 idem
830 3272 934 3333 sagum
953 3262 984 3311 et
1001 3248 1134 3329 χλανίςῗ
1175 3248 1345 3330 Equidem,
1368 3260 1408 3309 ut

317 3350 426 3392 verum
442 3334 560 3410 fatear,
590 3333 702 3393 nescio.
747 3334 825 3393 Tam
853 3336 1055 3393 inconstanter
1072 3344 1103 3393 et
1123 3332 1250 3393 obscure
1271 3330 1408 3413 loquun-

306 3423 390 3492 tur,
411 3426 447 3475 ut
465 3416 504 3475 de
529 3418 612 3476 omni
637 3438 670 3476 re
691 3418 852 3491 vestimia,
874 3417 916 3477 ita
936 3416 974 3477 de
991 3437 1062 3497 sago
1084 3436 1206 3497 quoque
1219 3425 1249 3473 et
1264 3412 1408 3475 chlanidc

316 3497 493 3577 scriptores,
518 3510 554 3559 ut
572 3499 766 3559 diversumne
786 3520 805 3558 a
824 3498 981 3581 chlamyde
999 3498 1111 3577 fucrit,
1140 3520 1179 3558 au
1200 3496 1297 3569 idem,
1322 3496 1408 3556 chla-

315 3578 364 3637 nis
378 3580 494 3661 liquido
514 3602 576 3641 uon
599 3593 723 3641 constet.
767 3583 845 3641 Sunt
863 3581 945 3654 loca,
971 3602 988 3641 e
1009 3582 1120 3661 quibus
1134 3590 1276 3664 appareat
1298 3578 1409 3639 eadem

317 3680 381 3720 esse
397 3682 501 3743 sagum
522 3675 552 3723 et
574 3663 767 3741 chlanidem,
790 3676 860 3725 sunt
882 3685 987 3725 rursus
1009 3664 1090 3742 alia,
1119 3664 1262 3747 equibus
1283 3673 1409 3722 contra-

318 3745 398 3802 rium
418 3745 560 3828 colligas3
584 3768 679 3827 quare
692 3748 785 3807 velim
803 3770 859 3809 nos
880 3758 1033 3807 excusatos
1050 3746 1175 3821 habeat,
1196 3748 1220 3807 si
1242 3745 1309 3827 quis
1324 3744 1407 3805 sorte

315 3826 418 3886 credat
439 3849 495 3888 nos
522 3833 660 3909 peccasse
696 3850 802 3891 vocem
827 3830 939 3909 χλανὶς
965 3830 1074 3889 Latina
1102 3831 1201 3890 morea
1235 3828 1405 3889 reddendo.

315 3908 427 3989 Sagum
453 3922 484 3971 ct
506 3911 700 3994 chlamydem
725 3926 779 3973 aut
803 3914 884 3972 idem
906 3924 959 3972 aut
987 3912 1206 3994 propemodum
1234 3910 1313 3971 idem
1342 3932 1411 3969 esse

317 4012 380 4050 non
398 3993 566 4055 dubiumr.
610 3996 742 4072 Quando
761 3999 852 4078 igitur
872 3996 975 4075 cadem
1001 3997 1032 4055 in
1054 4016 1088 4055 re
1107 4016 1168 4055 uuo
1185 3993 1253 4054 loco
1274 3991 1407 4066 cldanis,
1454 4062 1455 4075 ρ

318 4073 413 4135 alteru
427 4098 532 4158 sagum
547 4078 732 4160 appellatur,
757 4099 818 4138 nou
831 4077 1069 4160 improbabiliter
1079 4077 1221 4139 coniicias
1234 4080 1290 4137 ista
1303 4077 1409 4135 omnia
1454 4090 1455 4105 ³

318 4158 398 4221 idern
413 4182 485 4221 esse.
530 4162 565 4221 Id
581 4161 680 4223 adhuc
698 4162 791 4243 magis
808 4162 948 4242 stringit,
970 4160 1053 4243 quod
1066 4160 1104 4221 de
1122 4156 1249 4241 χλανίδι
1269 4158 1408 4231 dicatur,
1454 4210 1455 4225 ,
