2975 4892
320 265 437 353 -526
552 296 608 362 10.
640 295 719 364 rac.
747 293 894 360 narsen
927 292 1205 364 coruruuruuu

351 478 452 529 sutem
475 462 666 528 utilissimum
688 486 753 527 esse
773 463 897 548 simplex
933 477 996 528 tem
1031 468 1062 527 in
1084 467 1243 548 medicine,
1266 487 1343 550 quam
1366 469 1388 528 iu

228 567 236 586 ¹
350 551 523 632 chirurgia,
544 561 650 610 uotum
670 559 727 609 est.

433 631 515 714 Mt
532 629 681 735 [ttius]
706 629 849 714 α’λοιφῶν
866 641 926 693 etc.
969 631 1053 692 luter
1072 615 1227 714 emplastra
1253 643 1280 694 et
1302 630 1348 702 τὰς
1364 631 1391 690 n’·

351 710 466 798 λοιφᾶς
487 727 517 776 et
537 709 577 775 mi
598 713 778 790 disrpparu
799 713 917 776 nullum
948 715 1133 776 intercedere
1151 717 1299 778 discrimen
1316 726 1389 798 puto,

350 802 409 860 nisi
428 800 661 873 consistentiae,
682 807 717 856 ut
737 800 920 860 crassissima
939 801 1000 860 sint
1019 798 1199 880 emplastra,
1221 800 1321 860 mediae
1337 819 1391 858 cou-

350 885 505 944 sistentiee
524 884 603 940 inter
623 879 761 958 durum,
783 880 894 942 scissile
916 891 946 942 et
966 879 1114 962 liquidum
1143 886 1201 943 sint
1221 877 1251 942 ci
1272 875 1377 963 diupei
1382 923 1390 951 ,

350 980 518 1045 emgsoeuta,
538 975 573 1024 ut
592 965 662 1023 lium
681 962 813 1045 denique
831 967 891 1024 sint
910 955 947 1022 rui
959 961 1148 1040 ἀλεᾲιματα.
1192 966 1277 1042 Quae
1285 963 1326 1024 hic
1333 979 1392 1048 pm·

353 1049 454 1108 deduc
472 1045 682 1129 appellantur,
702 1067 758 1107 nos
781 1044 874 1128 vulgo
888 1047 1149 1130 ller'reapotltelrgen
1170 1046 1300 1108 dicimus.

436 1133 473 1192 Β.
485 1153 515 1213 7·
542 1125 675 1211 468,4.]
708 1128 917 1190 retuleram
961 1129 1040 1190 Sunt
1054 1131 1179 1214 pelves,
1200 1130 1296 1214 quales
1312 1127 1392 1190 edim·

351 1223 402 1275 eta
420 1213 519 1276 solent
530 1130 651 1272 lrabere
672 1213 796 1289 nestris,
813 1215 987 1293 gutturm'u,
1012 1235 1131 1297 parvas
1151 1215 1262 1276 suidas.

434 1315 469 1375 Β.
506 1310 618 1456 'lm’
631 1309 681 1394 6.]
703 1302 919 1392 ἅσπρόχαλκα.
962 1312 1153 1394 ignoratione
1173 1312 1337 1396 significatus
1351 1308 1393 1370 lu·

275 1394 280 1413 ¹
353 1397 401 1460 ius
416 1335 532 1458 vocalsu
546 1398 573 1470 i,
598 1395 678 1455 male
698 1396 748 1454 hic
770 1406 801 1455 et
824 1417 856 1474 p.
873 1395 946 1478 3²9·
959 1395 1000 1456 D.
1018 1393 1049 1473 d.
1062 1395 1190 1456 reddidi.
1230 1390 1393 1472 Ἀσπρόχαλ-

354 1504 394 1540 κα
414 1492 486 1541 snut
503 1480 704 1551 oridsalciua,
724 1499 785 1539 vore
806 1479 947 1558 Messiug.
969 1477 1123 1551 Nostrates
1136 1499 1255 1562 quoque
1275 1474 1394 1538 interdum

355 1567 445 1624 weiss
464 1562 601 1645 Kupser,
622 1581 754 1642 cuprum
776 1559 878 1622 album
899 1580 954 1643 pm
967 1563 1112 1643 Messr'ng,
1135 1563 1299 1638 orichalco,
1328 1577 1394 1618 usur·

353 1657 440 1726 pant.
482 1646 573 1706 Patet
594 1665 613 1704 e
632 1643 747 1706 scholio
769 1645 904 1710 Graeco.
934 1643 1017 1728 quod
1038 1645 1089 1704 Du
1114 1645 1215 1727 Gange
1233 1642 1316 1709 behet
1332 1645 1357 1701 in
1371 1659 1393 1696 t·

350 1728 513 1810 Ἀσπροςε
545 1721 670 1806 σταγών
689 1728 777 1788 ἐστιν
809 1723 829 1786 o‘
861 1717 1026 1806 λεγόμενος
1055 1723 1260 1806 desipuisse,
1292 1715 1394 1806 ἢτοιτό

354 1800 477 1956 dpppssu
491 1803 659 1953 ἰάλκωμζ.
682 1809 834 1952 Dllellnt
854 1831 975 1952 qlpoque
995 1831 1053 1894 pro
1073 1811 1181 1872 eodem
1200 1801 1393 1890 leuxdgulmet

356 1917 389 1957 Ἦ
412 1913 621 2060 ,Cpmpppg’
635 1913 945 2058 §.ll’xouxclrsplrclrlllssl
981 1975 1051 2036 Nou
1070 1987 1200 2074 expnto,
1229 1971 1299 2056 quid
1316 1971 1348 2032 alt
1360 1989 1396 2064 nr:

351 2063 516 2122 remilium.
560 2060 699 2119 Recmrit
713 2079 743 2200 p
759 2079 830 2140 272.
845 2056 967 2128 cmubi
989 2059 1137 2140 probabili
1159 2059 1321 2120 coniectura
1334 2049 1396 2114 redd

354 2153 453 2225 posset
484 2144 649 2202 tentorium
676 2163 714 2201 ve
746 2140 853 2218 locus,
874 2141 927 2202 uhi
947 2162 1092 2202 cucumae
1114 2163 1167 2202 seu
1188 2141 1264 2201 ollae
1287 2149 1312 2198 et
1328 2155 1397 2216 appa·

354 2237 438 2286 retus
453 2225 550 2284 omnis
566 2223 709 2284 culinaris
723 2235 904 2286 asservatur.
935 2223 1073 2284 Verbum
1091 2225 1122 2284 id
1136 2224 1200 2284 hue
1220 2243 1277 2284 non
1288 2219 1395 2304 quadrat·

435 2323 474 2382 C.
487 2343 517 2388 2.
532 2319 622 2405 [468‚
637 2320 687 2405 9.]
711 2315 857 2382 ὄλόκανα.
900 2321 983 2399 Quid
1005 2322 1064 2383 hoc
1084 2324 1138 2394 sit,
1164 2323 1249 2403 quasi
1261 2340 1309 2402 per
1324 2317 1396 2377 nebu·

354 2403 417 2468 lam
440 2415 494 2466 aut
522 2415 716 2466 transennam
736 2405 812 2464 mihi
841 2405 945 2467 videre
973 2405 1099 2466 videor:
1119 2407 1217 2479 sella,
1238 2423 1308 2484 quae
1331 2397 1398 2458 hebel

352 2511 482 2550 mursam
502 2487 552 2550 vel
568 2510 690 2572 pontum
718 2502 810 2548 totum
837 2511 969 2550 maenus.
1013 2487 1099 2550 Alias
1126 2489 1166 2548 de
1195 2487 1289 2570 gladio
1315 2483 1399 2542 dcitur

351 2567 568 2714 xpvodnoeroc,
584 2574 641 2714 ,lm
662 2571 754 2633 habet
774 2591 903 2714 canpnpn
924 2593 979 2713 stou
992 2572 1192 2714 mapubrpffi
1204 2560 1397 2712 amutnxldril·

352 2653 574 2813 {ellidii}
596 2656 1052 2821 ,multlntlltlttt
1077 2675 1107 2714 ¹⁰
1192 2675 1226 2714 ⁰⁸
1240 2671 1291 2736 ¹²⁰⁵
1393 2683 1399 2718 '

439 2820 525 2882 (1.5.
543 2818 633 2903 [468,
653 2819 718 2903 ιι.]
739 2813 852 2897 κοπτὴν.
874 2821 1064 2882 Strr'amram.
1107 2817 1199 2882 Esset
1222 2838 1289 2900 ergo
1307 2811 1339 2875 nd
1350 2827 1399 2869 ret·

352 2903 428 2964 bum
455 2905 605 2984 stragulae
638 2915 765 2984 tegentes
781 2904 952 2974 structuram
963 2927 1050 2980 usam,
1072 2899 1165 2964 idest
1185 2899 1324 2982 stragulae
1334 2913 1400 2971 attte-

355 2987 467 3062 riores,
494 3007 573 3066 quse
604 2997 709 3067 tegunt
739 2985 894 3046 inferiores
920 2985 994 3048 alias
1021 2985 1138 3048 striatas
1164 2997 1217 3046 aut
1242 2985 1315 3044 striis
1330 2985 1400 3038 secla!

233 3086 235 3089 ·
353 3071 423 3128 usui
462 3067 631 3148 deputatas.
675 3071 755 3130 llinc
785 3069 981 3150 perspicietur
1009 3073 1087 3130 ratio
1121 3089 1207 3128 meae
1236 3065 1345 3126 Latinae
1367 3059 1400 3116 ie

353 3151 597 3231 terpretetionis‚
628 3174 707 3234 quac
742 3149 850 3233 procul
883 3151 978 3213 dubio
998 3153 1100 3214 multis
1120 3151 1248 3212 obscure
1268 3161 1296 3208 et
1315 3144 1399 3221 lmpffl·

356 3232 465 3294 bubilis
485 3231 649 3293 videbitur.
678 3235 816 3316 Apparet
836 3256 870 3302 ex
891 3231 949 3294 boc
973 3235 1052 3312 loro,
1075 3253 1216 3306 morem,
1236 3234 1286 3315 qui
1305 3225 1362 3288 olim
1379 3224 1401 3280 iu

354 3317 423 3377 arula
446 3315 662 3377 Sulthanorum
693 3317 826 3400 Aegypti
855 3317 1076 3379 Mamluccrum
1109 3316 1244 3378 obtinuit
1276 3321 1303 3373 et
1327 3305 1401 3402 adlruc

353 3401 445 3460 hodie
464 3403 496 3460 in
517 3398 586 3459 aula
607 3401 822 3459 Ottomnnuiea
844 3399 977 3480 obtinet,
999 3403 1197 3483 eByznutiua
1217 3383 1402 3464 manasse31llfl

353 3504 484 3563 nempe,
519 3503 581 3564 quo
611 3483 684 3542 sella
711 3483 760 3544 vel
789 3482 986 3564 ephippium,
1020 3505 1083 3566 quo
1111 3483 1233 3544 vehitur
1252 3481 1401 3564 luperam,

352 3570 473 3648 gemina
492 3563 624 3646 stragula
644 3576 758 3626 tectum
782 3576 845 3644 est,
876 3587 1005 3647 quorum
1035 3567 1088 3626 uni
1111 3565 1247 3628 inferiori
1266 3553 1403 3622 immediate

354 3647 464 3706 insidet
485 3649 675 3727 Imperator,
709 3649 804 3709 altera
825 3670 898 3709 vero
918 3651 1095 3710 insternitur
1113 3649 1228 3730 priori,
1251 3649 1274 3706 si
1295 3639 1403 3734 dominu!

354 3729 467 3805 abest,
488 3734 636 3810 posterior
659 3743 836 3812 portatura
861 3744 1013 3810 stratore,
1037 3733 1110 3793 dum·
1138 3731 1277 3792 dominus
1294 3725 1402 3804 cq¹1¹l³li

353 3809 408 3870 illo
428 3823 530 3870 autern
547 3812 758 3890 descendente,
775 3825 886 3874 strator
900 3815 1041 3876 insternit
1054 3837 1134 3896 equo
1154 3811 1318 3893 stragulam.
1333 3815 1403 3894 quum

353 3903 466 3975 gestat,
497 3895 695 3975 exteriorem,
723 3909 754 3956 et
774 3897 926 3965 licentiam
946 3919 982 3959 eo
1003 3901 1069 3980 ipso
1090 3895 1184 3961 habet
1205 3901 1235 3955 in
1255 3907 1353 3972 equum
1369 3901 1403 3940 m-

354 3991 524 4058 Mflssdessdl·
574 3981 690 4061 &llll
725 3989 808 4065 de>
844 4017 896 4058 seu
912 3999 1109 4080 praegestctio
1137 3995 1269 4076 tegminis
1292 3999 1331 4048 est
1339 3975 1404 4062 apud

354 4075 504 4156 principes
511 4075 783 4140 Muhammedanos
797 4083 877 4140 iuter
890 4077 1025 4161 symbola
1033 4098 1169 4138 summae
1180 4073 1334 4160 potestatis·
1353 4067 1403 4138 ΟΠ*

354 4155 393 4216 de
410 4155 553 4225 relatiua
575 4162 622 4242 egi
642 4161 683 4223 ad
704 4161 907 4238 Abulfedam,
950 4165 1003 4245 qui
1023 4161 1175 4244 praelatae
1202 4174 1299 4231 eoram
1325 4171 1352 4212 se
1368 4165 1404 4214 ευ·
