2975 4892
205 275 262 342 in
296 265 541 340 consrarr.
572 273 724 339 ronan.
743 275 799 338 nr.
829 265 965 341 mnu.
992 278 1067 342 na.
1096 280 1123 342 1.
1152 245 1205 353 41

95 429 365 508 (enimi-ibim,
394 439 428 490 et
449 427 713 510 Eleemosynariis.
756 427 877 490 Horum
897 429 1029 514 plerique
1042 429 1209 516 deprehen-

95 515 224 574 duntur
237 515 342 574 etiam
365 523 466 574 noctu
480 512 593 593 dinque
605 515 636 571 in
656 509 767 593 palatIo
787 512 911 574 CPtano
928 517 1079 576 manasse.
1120 515 1209 576 Certe

95 597 137 657 dr
151 597 339 658 Koetnnitis
353 641 365 675 ‚
392 617 451 656 seu
464 595 503 654 ad
517 595 673 654 Camaram
687 593 736 654 vel
748 594 967 657 thesaurariam
979 599 1207 679 pertinentibus,

95 693 126 740 et
144 679 189 739 de
215 679 352 740 (laricis
380 677 540 762 palatinis,
567 698 620 736 seu
642 675 807 758 Capellanis
831 690 960 741 oonstat.
1005 680 1207 759 DeSaoellio,

95 784 152 823 mn
181 766 215 822 ni
241 761 366 838 [allon
408 760 644 842 eleemosynario
671 780 733 820 non
758 761 908 822 dubitem.
950 764 1092 844 Magister
1109 775 1209 826 tamen

97 867 262 906 merorum
277 844 484 922 officiorum,
504 865 559 904 seu
569 844 669 904 Maior
685 843 813 925 domus,
839 856 923 906 extra
941 845 1089 928 palatium
1107 868 1209 908 mane-

15 922 16 931 *
97 928 153 990 lat
175 949 228 989 sen
254 925 484 1010 pernoctabat.

187 1010 221 1090 4.
242 1013 293 1072 D.
321 1030 360 1070 α.
388 1009 438 1092 [6,
454 1029 504 1070 aa.
558 1007 752 1089 εἰσέρχοοται
780 1008 837 1070 καὶ
859 1007 1058 1088 καθέζονται.
1094 1010 1210 1096 Copula

102 1093 184 1154 dest
207 1093 426 1154 membranis.

184 1177 278 1237 [bad.
298 1175 359 1260 [6,
375 1171 447 1256 23.]
488 1173 672 1248 καθέζονται
691 1173 726 1236 ἒν
746 1175 793 1256 τῷ
809 1170 908 1261 βήλῳ.
947 1175 1016 1238 Vox
1034 1176 1132 1258 βῆλοο
1152 1179 1210 1240 tri·

103 1257 173 1342 plici
184 1261 322 1322 notione
337 1257 456 1340 gaudet
467 1258 548 1338 apud
560 1259 689 1318 Graecos
704 1259 904 1338 recentiores,
932 1270 963 1321 et
985 1261 1017 1321 in
1035 1260 1095 1321 hoe
1105 1273 1212 1323 nostro

105 1343 222 1406 rodhe.
270 1342 423 1402 Primum
444 1339 523 1400 idem
536 1350 622 1400 notat
636 1351 725 1423 atque
737 1340 865 1402 latinum
884 1343 1000 1418 οεὶιωι,
1023 1345 1212 1425 παραπέτα-

108 1445 196 1504 ιμα,
233 1423 327 1508 quod
356 1424 567 1506 praetenditur
592 1423 706 1486 loribus
734 1423 884 1485 aulaeum.
927 1428 958 1503 a)
983 1426 1078 1487 Fores
1098 1426 1211 1509 quibus

14 1568 17 1577 ,
108 1507 207 1568 relnm
227 1507 456 1590 praetenditur
478 1517 509 1567 et
532 1506 690 1588 appendet.
733 1509 763 1586 3)
784 1509 898 1589 (brpus
910 1505 1034 1591 aliquod
1051 1530 1211 1590 procerum

109 1589 155 1650 rel
168 1591 369 1674 collegium,
397 1589 483 1672 quod
495 1609 550 1672 per
561 1587 628 1650 vela
645 1587 766 1651 sublata
777 1601 808 1650 et
827 1591 906 1652 fores
924 1589 1042 1672 patulas
1060 1594 1211 1654 intromit-

112 1675 191 1734 tan.
236 1671 390 1734 Secunda
404 1673 581 1754 significatio
593 1673 644 1733 hie
654 1672 781 1733 obtinet.
821 1674 894 1733 Vid.
908 1675 947 1734 ad
960 1695 1026 1756 pag.
1042 1696 1110 1758 ¹⁰7·
1124 1675 1166 1736 D.
1181 1677 1212 1743 3.

109 1757 155 1816 lle
167 1756 249 1818 velis
270 1756 465 1816 iudiciorum
477 1756 541 1815 vid.
553 1755 655 1817 Vales.
668 1755 708 1816 ad
721 1755 877 1815 Ammian.
890 1758 987 1816 Mare.
1000 1777 1032 1837 p.
1046 1759 1118 1817 203.
1159 1759 1213 1819 Du

112 1839 208 1921 Gange
221 1838 333 1900 Gloss.
348 1837 409 1898 lat.
421 1859 456 1899 v.
471 1839 590 1900 Vetus.
632 1837 718 1981 *lAd
729 1840 863 1921 primum
874 1849 905 1898 et
915 1838 1080 1899 seeundum
1092 1836 1213 1922 velum,

112 1922 142 1982 ‘nl
160 1935 208 1983 est
232 1923 275 1984 ad
295 1923 417 2004 primas
436 1932 468 1982 et
485 1921 632 1982 secundas
665 1941 743 1982 ores.
766 1921 830 1983 vid.
844 1919 992 1982 Alteserr.
1017 1921 1057 1981 ad
1071 1920 1213 1986 Auara.

114 2026 146 2086 p.
161 2007 229 2086 ἥ,
251 2006 293 2066 de
310 2005 471 2066 dictione:
497 2005 637 2067 orentad
647 2007 779 2088 primum
787 2048 798 2081 ,
820 2005 1135 2067 adreaerdonvclm
1145 2007 1212 2069 vid.

114 2088 261 2148 Glanate
273 2089 328 2149 dei
345 2087 494 2150 Letterati
513 2088 634 2147 XXIII.
653 2086 759 2169 533.]*
1311 2140 1315 2147 .

192 2171 281 2232 leid.
310 2171 348 2248 6,
361 2169 433 2253 23.]
442 2169 501 2230 reri
508 2168 838 2232 navddovfflantheum
845 2170 967 2233 videtur
977 2181 1031 2233 aut
1043 2169 1211 2235 triclinium

117 2253 272 2314 bunnia
376 2250 522 2314 sotriclini
535 2253 639 2329 luisse,
660 2263 713 2312 aut
727 2254 791 2313 eius
803 2275 884 2335 pars,
907 2266 937 2316 et
949 2275 1059 2316 nemen
1072 2254 1212 2318 habuisse

117 2347 166 2395 ant
184 2359 203 2397 a
217 2335 424 2397 multitudine
446 2337 611 2417 imaginum
631 2356 685 2417 pro
697 2337 788 2400 samis
800 2337 972 2398 habitarum
991 2349 1023 2399 et
1042 2337 1084 2399 ibi
1096 2351 1211 2420 speeta-

118 2429 178 2479 tnrn
191 2431 287 2502 atque
299 2430 485 2480 veneratum
497 2419 718 2499 expositarum,
744 2430 798 2481 aut
811 2443 846 2481 ex
864 2441 921 2500 eo,
946 2421 1030 2504 qnod
1044 2421 1081 2481 B.
1092 2421 1213 2504 Vrrgrm

117 2512 146 2560 et
156 2503 352 2585 Martyribus
375 2513 468 2584 atque
488 2503 597 2563 sanetis
616 2501 759 2563 omnibus
780 2504 951 2564 dedicatum
964 2515 1041 2564 esset
1061 2504 1101 2563 ad
1111 2525 1211 2565 exem-

18 2604 21 2665 }
116 2583 199 2667 plum
214 2585 351 2647 Panthei
362 2585 512 2663 Romani,
536 2584 619 2668 quod
639 2583 782 2666 illis'ipsis
791 2585 978 2666 temporibus
989 2606 1099 2666 magna
1119 2589 1153 2646 in
1166 2585 1213 2646 fa-

18 2680 20 2705 ¹
118 2689 166 2728 rna
181 2680 261 2730 erat.
306 2668 486 2729 Anastasius
508 2669 540 2728 in
561 2667 715 2729 Bonifatio
734 2667 812 2727 lv.=
854 2668 971 2728 Eodem
990 2681 1117 2752 tenpore
1127 2671 1217 2753 peu'r't

118 2773 139 2809 α
165 2753 270 2812 Plura
293 2753 437 2835 pnirape
455 2753 593 2836 eamplwn
611 2749 695 2836 quod
714 2771 756 2834 ap
792 2751 1070 2826 lhwpanueoa,
1102 2754 1136 2812 ἱα

14 2862 15 2877 .
106 2835 188 2913 secel
207 2835 380 2897 Ecclesiam
400 2835 436 2896 S.
463 2834 583 2894 Mania
601 2853 718 2918 semper
778 2835 900 2914 ὑξιὶιιίο,
914 2836 1102 2931 ‚cromnam
1158 2857 1212 2895 ar·

116 2919 1140 3084 mett‘ttfftItJIAEWtt'lttt‘itt‘...
1162 2917 1212 3083 ἓξ

118 3083 314 3165 Martyribus
336 3083 424 3144 dietis
443 3094 474 3144 et
497 3083 745 3164 Martyrissabus‚
782 3093 943 3143 sacratim.
986 3085 1174 3144 Memoratnr
1192 3104 1212 3144 a

9 3237 10 3246 χ
117 3165 250 3248 Seylitre
273 3155 386 3244 ὄρχων
406 3165 466 3228 τοῦ
486 3165 627 3226 πανθέοο
638 3213 648 3242 ,
670 3177 701 3226 et
716 3164 757 3224 ab
774 3165 939 3248 Anonymo
959 3165 1104 3243 Taetion,
1121 3186 1212 3246 quem

8 3297 10 3318 .
117 3250 191 3310 citat
201 3251 256 3308 Dn
273 3249 378 3329 cange
391 3270 424 3309 v.
434 3241 573 3309 αοὶνθεοο
580 3295 590 3324 ,
614 3269 707 3330 genus
724 3245 855 3308 rnilitum
867 3246 1084 3330 palatinorum,
1104 3247 1214 3329 quibus

8 3337 10 3402 ᾗ
119 3353 230 3393 nomen
253 3327 286 3390 oi
309 3329 501 3394 ααοθεοὸται.
521 3331 671 3392 Videntur
682 3331 725 3394 illi
736 3351 848 3390 nomen
864 3351 901 3391 ex
912 3351 949 3392 eo
966 3328 1118 3409 habuisse,
1129 3331 1214 3412 quod

118 3417 150 3476 in
165 3415 333 3491 Pantheo,
356 3433 409 3474 seu
428 3411 561 3495 palatio,
584 3435 636 3475 sen
653 3412 850 3498 partepalatii
863 3411 1103 3495 ChrysonielinI‚
1124 3433 1213 3474 meu-

117 3497 239 3576 bam,
263 3497 328 3560 sub
354 3497 467 3558 dueatu
493 3495 553 3556 rori
587 3485 738 3578 ἄρχοντος
758 3493 819 3556 τοῦ
837 3495 996 3574 παοθέου,
1019 3495 1135 3557 tribuni
1153 3500 1213 3559 sui.

198 3583 335 3663 4113.
362 3578 413 3663 [6,
435 3577 506 3662 ο4.]
547 3574 739 3660 fisos-rivoque.
781 3581 944 3640 vestitores
966 3591 1038 3640 sunt
1062 3578 1125 3656 illi,
1158 3581 1213 3663 qui

119 3665 298 3748 Imperatori
312 3673 432 3726 vastem
448 3683 565 3723 sacram
581 3663 770 3724 avestiaritis
791 3661 914 3724 allatam
932 3661 1211 3745 circumponebant.

117 3749 279 3833 Disputant
293 3751 384 3810 Goar
398 3745 440 3806 ad
455 3745 563 3806 Codin.
578 3765 646 3828 pag.
662 3745 714 3808 25.
730 3767 764 3808 n.
783 3768 829 3830 ¹9·
848 3757 880 3808 et
891 3747 942 3807 Du
954 3746 1055 3829 Gange
1067 3745 1107 3806 ad
1120 3742 1210 3806 Alex.

116 3855 145 3918 p.
159 3833 228 3896 285.
252 3835 294 3896 de
312 3830 494 3892 differentia
520 3828 738 3890 vocabulorum
757 3833 898 3906 weotor,
930 3832 1083 3891 vatiarta
1110 3838 1142 3888 et
1160 3849 1214 3889 ne·

116 3921 233 3980 mania.
278 3917 401 3980 Fuisse
416 3912 579 3974 discrimen
598 3912 676 3972 inter
688 3913 844 3974 vestitores
862 3922 893 3972 et
902 3912 1058 3973 vestiarios
1070 3909 1213 3972 observa-

116 4013 169 4064 οπο
185 4003 322 4066 dubium
338 4019 413 4060 non
428 4005 489 4054 est·
531 3995 574 4055 At
590 3996 744 4056 vestiarios
755 4006 786 4056 et
797 3995 964 4056 vestiaritae
974 4016 1069 4078 ¹saepe
1083 3993 1213 4054 confim-

115 4089 221 4156 debant.
267 4080 419 4166 Pmprie
446 4077 578 4138 vestiarii
596 4089 682 4138 erant
712 4074 742 4138 oi
768 4075 886 4160 ῥαφεῖς
914 4088 1041 4140 sartores
1060 4077 1210 4152 vestiarii,

115 4177 266 4244 mantne
296 4179 422 4233 autem
450 4159 587 4222 custodes
608 4183 761 4223 sacrarum
785 4161 914 4224 vatium
939 4173 968 4222 et
992 4183 1096 4222 aarum
1115 4159 1213 4241 premi
