2975 4892
217 297 274 360 an
303 292 526 361 cousranr.
562 297 711 363 roma.
740 302 795 364 ns
824 301 959 367 mam.
986 299 1060 370 tm.
1090 311 1116 371 1.
1151 279 1234 366 335

167 499 170 504 .
243 451 284 511 A.
296 449 327 510 8.
345 451 429 536 [33ss
449 451 512 537 tp]
534 453 598 514 τῶν
619 453 653 515 ἐκ
672 454 728 518 τοῦ
747 455 860 536 δείλης.
901 459 1089 548 Subintellig.
1102 467 1216 544 καιροῦ
1221 491 1231 546 ;

158 531 196 594 ἐκ
212 533 270 594 τοῦ
290 540 421 616 positum
436 558 492 618 pro
507 533 541 597 ἐκ
560 534 625 615 ταῖς
647 541 786 627 ραααιαίαΙ
801 541 870 601 data
891 539 924 602 ἓν
944 545 988 628 τῷ
1007 547 1106 632 καιρῷ
1121 549 1234 630 δείλης.

241 616 280 676 A.
294 640 326 700 9.
343 617 433 701 [554
449 619 514 703 18.]
536 617 581 679 det
600 663 630 704 ι.
670 622 701 682 Si
719 633 818 704 potest
847 637 1013 688 monstrare
1034 631 1189 693 victoriam
1213 655 1232 694 a

157 720 190 760 se
207 713 422 781 comparatam.

240 783 280 842 A.
301 783 528 868 rr.[354,19.]
549 786 801 866 τααατηραῦκτος.
841 788 934 851 Forte
951 795 1229 874 καποτηρουμέκοα.
1287 861 1290 866 ,

156 863 190 922 si
208 865 374 948 Imperator
391 869 444 949 ipsi
460 869 620 950 gratificari
633 868 700 943 vult
716 872 908 933 concessione
919 876 1010 936 totius
1029 880 1135 952 sortia,
1151 901 1229 962 quae

154 947 196 1006 de
208 949 274 1008 iure
290 953 480 1030 pertinuisset
493 951 532 1011 ad
549 974 634 1028 eum,
646 955 694 1014 cni
706 973 798 1034 opera
813 955 925 1017 vicaria
939 961 1079 1038 praestita
1098 961 1167 1022 fuit.

238 1032 277 1092 A.
292 1032 349 1092 ult.
365 1032 450 1116 [534
465 1037 528 1116 aa]
549 1033 593 1106 εἷς
613 1029 809 1110 tastonam
833 1029 972 1098 ἱππικοῦ.
1012 1043 1143 1119 Quando
1170 1045 1228 1105 sub

153 1115 267 1192 linem,
303 1135 407 1178 versus
428 1119 540 1178 exitum
567 1116 689 1177 demum
714 1117 855 1180 ludorum
887 1121 1022 1185 instituat
1050 1127 1130 1186 vices
1151 1127 1229 1189 alius

152 1217 270 1341 georg:
289 1301 315 1341 r.
330 1280 419 1366 [334
435 1279 496 1364 an]
516 1280 758 1361 κατατρέχοντα.
801 1285 939 1348 Praemia
954 1287 1071 1368 ultima,
1092 1289 1132 1352 ob
1150 1295 1228 1376 qnae

152 1361 381 1445 κατατρέχεται,
402 1387 458 1448 pro
474 1364 580 1425 ultima
597 1369 662 1425 vice
679 1365 850 1427 decurritur
862 1369 1000 1432 stadium.
1103 1420 1106 1424 .

232 1447 269 1507 Β.
284 1447 414 1527 4.[535,
429 1471 458 1508 α.
496 1443 531 1509 τὸ
553 1444 789 1526 κατερχόμενον.
833 1452 1013 1533 Cougnncm,
1041 1459 1224 1517 conveniens.

233 1529 270 1590 Β.
285 1529 318 1590 8.
333 1531 418 1614 [335,
434 1533 465 1594 5.
501 1525 540 1591 ταὶ
553 1531 692 1593 natata.
715 1529 771 1590 Est
786 1533 897 1610 multa,
927 1556 1017 1615 quam
1039 1536 1153 1598 solvere
1171 1539 1225 1599 de-

149 1611 201 1672 bet
216 1610 285 1687 ille,
303 1616 356 1695 qui
375 1614 417 1676 ob
437 1613 474 1676 dc
488 1613 580 1674 'ctum
608 1610 730 1694 aliquod
747 1635 764 1674 a
782 1637 873 1677 cursu
896 1639 1009 1679 cessare
1028 1618 1136 1700 debet,
1159 1622 1221 1681 rid.

147 1716 218 1779 pag·
230 1716 316 1856 (llll
325 1695 422 1878 ([Ιὸξῇ
447 1794 493 1880 8.]
515 1789 563 1867 ις’.
583 1795 699 1856 Dubito
712 1795 853 1869 namhoc
867 1808 947 1858 recte
961 1795 1079 1860 babeat.
1092 1801 1221 1867 Membr.

143 1917 221 1978 dant
240 1911 320 1974 banc
343 1911 471 1995 figuram
501 1888 557 2015 ss
568 1964 577 1991 ‚
611 1931 702 1993 quam
729 1931 827 1993 neque
847 1911 916 1992 hic,
930 1933 1028 1997 neque
1041 1937 1074 1999 p.
1095 1917 1166 2004 389.
1190 1921 1223 1986 G.

143 2034 178 2106 ,6.
189 2083 201 2118 ‚
215 2037 278 2100 .ubi
298 2036 445 2108 recurrit,
469 2034 604 2114 expedio·
731 2041 735 2048 ’

227 2120 265 2181 C.
282 2121 312 2182 5.
340 2119 412 2195 355,
430 2113 492 2198 aa]
514 2116 574 2178 καί.
617 2119 662 2177 Μ.
678 2115 776 2178 esaar.
817 2117 910 2204 Eorta
927 2105 996 2180 κᾶν.

227 2204 270 2264 Β.
284 2120 415 2282 5.[[336,
435 2199 480 2282 1.]
502 2193 545 2273 ὥς
565 2203 667 2282 φορεῖ.
707 2199 776 2259 Non
795 2203 875 2260 exuit
888 2201 1036 2262 Venetam
1053 2216 1166 2266 vestem
1191 2229 1217 2269 e.

141 2310 189 2366 c.,
213 2290 267 2369 qui
293 2307 350 2368 pro
368 2296 503 2365 tempore
527 2283 558 2342 in
584 2282 742 2342 Prasinam
765 2283 923 2344 factionem
948 2287 1057 2345 transit
1077 2288 1221 2352 vicariam

142 2392 267 2453 operam
285 2365 501 2449 praestiturus,
520 2363 573 2426 sed
591 2364 663 2426 illuc
677 2366 785 2426 transit
809 2377 839 2426 et
852 2365 1030 2428 transfertur
1045 2362 1088 2440 ὥς
1110 2379 1221 2452 φορεῖ,

141 2475 180 2514 co
201 2455 233 2513 in
253 2450 381 2526 vestitu,
400 2471 490 2532 quem
509 2450 586 2531 gerit
608 2469 754 2529 corpore3
775 2449 983 2510 tantummodo
1006 2451 1136 2532 applicat
1162 2455 1222 2516 sibi

141 2557 279 2618 pannum
297 2556 349 2595 seu
368 2533 511 2594 vexillum
525 2531 661 2592 factionis
672 2530 769 2603 illius,
796 2531 834 2590 ad
862 2553 953 2612 quam
976 2535 1113 2606 transiit,
1137 2537 1219 2616 quod

139 2640 271 2702 parvum
285 2629 350 2678 erat
367 2616 521 2691 vexillum,
542 2613 621 2676 sorte
636 2614 771 2673 humeris
786 2624 838 2673 aut
855 2613 962 2673 cassidi
978 2614 1126 2696 additum,
1139 2619 1220 2699 quod

140 2702 295 2773 indicabat
309 2722 379 2761 eum
398 2698 432 2774 ἐξ
454 2689 550 2758 diluo
559 2695 687 2776 μέρους,
703 2717 737 2756 ex
757 2695 815 2755 alia
835 2696 976 2768 factione,
996 2708 1101 2759 mutuo
1120 2711 1220 2762 trans-

90 2831 97 2840 ·
137 2796 274 2848 sumtum
291 2805 374 2859 esse,
397 2793 427 2842 et
442 2777 659 2862 dlitnarr'otov
686 2799 779 2839 exeo
801 2778 1019 2860 appellabatur.

181 2865 185 2870 ’
225 2870 267 2928 Ι).
279 2866 337 2927 ult.
354 2865 439 2946 [356,
454 2862 499 2946 4.]
520 2856 747 2947 γυμναστικήν.
790 2863 835 2921 Μ.
852 2860 1075 2944 γυμναστικηκ,
1097 2860 1156 2925 boc
1174 2875 1220 2928 est

135 2950 377 3033 γαμκαστὰιακ,
399 2963 506 3008 vestem
525 2947 759 3026 gymnasticam;
787 2965 819 3004 v.
833 2965 863 3026 p.
878 2943 947 3023 34¹·
962 2944 1004 3005 A.
1023 2967 1050 3007 r.
1089 2945 1146 3008 Est
1168 2971 1219 3010 ea-

135 3037 294 3097 demeum
316 3030 410 3115 στολῇ
428 3027 571 3112 ἡνιοχικῇ
589 3040 770 3087 memoratae
788 3027 967 3109 Theophani
982 3051 1012 3110 p.
1029 3029 1097 3091 123.
1113 3031 1149 3092 C.
1170 3051 1217 3094 10.

135 3126 670 3294 adt·,ttm¹t.lttta5l,tttt
685 3125 1220 3294 ltltt‘t·...lttt².“tt.tttt

134 3300 258 3361 Prasini
277 3299 463 3358 Venetorum
488 3307 518 3356 et
533 3295 643 3354 Veneti
660 3293 879 3370 prasinorum,
896 3293 1063 3354 certabant.

219 3380 262 3442 A.
275 3403 305 3461 7.
337 3380 409 3457 336,
430 3377 490 3461 in]
511 3372 587 3449 τούς
606 3373 735 3458 α’φέτας.
778 3375 839 3451 (ini
857 3377 1019 3436 carceribus
1038 3378 1176 3438 eniteant

219 3464 261 3525 A.
276 3463 309 3524 8.
342 3463 414 3538 336,
434 3445 498 3542 ln]
518 3455 739 3544 θνρακαῶκρας.
783 3451 845 3540 Qui
863 3461 968 3517 tunnas
980 3461 1054 3518 circi
1072 3461 1217 3542 aperiunt.

217 3547 258 3608 A.
277 3567 309 3627 q.
343 3542 434 3630 hid]
458 3542 689 3625 παραδιδοῦσιν
698 3533 855 3622 ἀλλήλαις.
895 3539 1008 3600 Memb.
1022 3539 1218 3623 παραδίδου-

132 3649 187 3693 mr
205 3615 369 3710 ἄλλῆλθυςο

217 3713 253 3773 Β.
273 3711 404 3796 1.[356,
423 3709 484 3793 15·]
507 3703 546 3772 roi
568 3730 601 3770 τε
620 3702 700 3790 ἑξῆς.
741 3709 788 3768 Μ.
800 3700 859 3778 τάς
876 3725 909 3766 τε
930 3704 999 3787 ἓξης
1017 3729 1035 3768 a
1054 3729 1133 3769 nova
1150 3729 1215 3769 ma·
1331 3751 1333 3756 ·

134 3817 202 3874 nu,
221 3817 301 3877 quae
325 3814 347 3875 η
370 3796 544 3870 substituit,
568 3814 624 3874 pro
639 3813 685 3869 st,
704 3790 787 3874 quod
806 3801 924 3853 vetusta
943 3812 1051 3852 manus
1074 3813 1215 3852 exarave-

135 3875 195 3939 rat.
237 3881 311 3962 Leg.
338 3883 431 3961 igitur
452 3875 510 3948 τάς
530 3897 564 3936 τε
584 3876 740 3952 demut
772 3879 824 3956 qui
857 3875 959 3934 norint
990 3885 1019 3934 ct
1058 3875 1216 3956 qualitates

136 3981 260 4032 eornm,
291 3983 440 4042 equorum
469 3981 595 4041 nempe,
624 3971 654 4020 et
679 3962 827 4020 rationem
858 3979 908 4018 eos
928 3958 1087 4018 tractandi.
1111 3957 1214 4040 ¹Haec

108 4042 114 4050 '
134 4055 206 4103 sunt
219 4043 261 4106 τὰ
282 4041 444 4128 untdique
464 4042 514 4104 vel
531 4045 631 4126 potius
648 4033 800 4124 κάθηκα,
826 4052 862 4102 ut
882 4042 917 4101 C.
934 4062 961 4101 1.
985 4052 1015 4102 et
1035 4039 1088 4118 8.,
1119 4037 1215 4109 idest

132 4118 319 4210 καθήκοντα.
1107 4160 1111 4168 ·
