<?xml version="1.0" encoding="UTF-8"?>
<!DOCTYPE html PUBLIC "-//W3C//DTD XHTML 1.0 Transitional//EN"
    "http://www.w3.org/TR/xhtml1/DTD/xhtml1-transitional.dtd">
<html xmlns="http://www.w3.org/1999/xhtml" xml:lang="en" lang="en">
 <head>
  <title>
</title>
<meta http-equiv="Content-Type" content="text/html;charset=utf-8" />
  <meta name='ocr-system' content='tesseract 3.04.00' />
  <meta name='ocr-capabilities' content='ocr_page ocr_carea ocr_par ocr_line ocrx_word'/>
</head>
<body>
  <div class='ocr_page' id='page_1' title='image "./corpusscriptoru45theogoog/corpusscriptoru45theogoog_0671.png"; bbox 0 0 2975 4892; ppageno 0'>
   <div class='ocr_carea' id='block_1_1' title="bbox 184 291 1207 406">
    <p class='ocr_par' dir='ltr' id='par_1_1' title="bbox 184 291 1207 406">
     <span class='ocr_line' id='line_1_1' title="bbox 184 291 1207 406; baseline 0.006 -26"><span class='ocrx_word' id='word_1_1' title='bbox 184 313 241 380; x_wconf 81' lang='grc' dir='ltr'><strong>ιι</strong></span> <span class='ocrx_word' id='word_1_2' title='bbox 272 313 498 384; x_wconf 77' lang='lat' dir='ltr'><strong>cunarum.</strong></span> <span class='ocrx_word' id='word_1_3' title='bbox 526 317 683 386; x_wconf 70' lang='grc' dir='ltr'><strong>ιοιιι.»</strong></span> <span class='ocrx_word' id='word_1_4' title='bbox 702 319 758 384; x_wconf 84' lang='grc' dir='ltr'><strong>ιι</strong></span> <span class='ocrx_word' id='word_1_5' title='bbox 779 315 917 386; x_wconf 79' lang='lat' dir='ltr'><strong>caum.</strong></span> <span class='ocrx_word' id='word_1_6' title='bbox 947 321 1022 386; x_wconf 85' lang='grc' dir='ltr'><strong>ιιι</strong></span> <span class='ocrx_word' id='word_1_7' title='bbox 1052 321 1094 386; x_wconf 90' lang='grc' dir='ltr'><strong>ιι.</strong></span> <span class='ocrx_word' id='word_1_8' title='bbox 1121 291 1207 406; x_wconf 79' lang='grc'><strong>667</strong></span> 
     </span>
    </p>
   </div>
   <div class='ocr_carea' id='block_1_2' title="bbox 117 468 1215 1302">
    <p class='ocr_par' dir='ltr' id='par_1_2' title="bbox 117 468 1215 1302">
     <span class='ocr_line' id='line_1_2' title="bbox 117 468 1206 554; baseline 0.001 -20"><span class='ocrx_word' id='word_1_9' title='bbox 117 487 219 534; x_wconf 70' lang='lat' dir='ltr'><strong>nm</strong></span> <span class='ocrx_word' id='word_1_10' title='bbox 237 468 313 532; x_wconf 86' lang='lat' dir='ltr'><strong>clim</strong></span> <span class='ocrx_word' id='word_1_11' title='bbox 330 472 454 554; x_wconf 76' lang='lat' dir='ltr'><strong>utrique</strong></span> <span class='ocrx_word' id='word_1_12' title='bbox 472 473 554 533; x_wconf 82' lang='lat' dir='ltr'><strong>sexui</strong></span> <span class='ocrx_word' id='word_1_13' title='bbox 574 482 726 554; x_wconf 73' lang='lat' dir='ltr'><strong>gestamen</strong></span> <span class='ocrx_word' id='word_1_14' title='bbox 756 483 822 537; x_wconf 78' lang='lat' dir='ltr'><strong>erat</strong></span> <span class='ocrx_word' id='word_1_15' title='bbox 838 471 909 534; x_wconf 77' lang='lat' dir='ltr'><strong>talis</strong></span> <span class='ocrx_word' id='word_1_16' title='bbox 926 471 1066 552; x_wconf 83' lang='lat' dir='ltr'><strong>rotulus,</strong></span> <span class='ocrx_word' id='word_1_17' title='bbox 1087 493 1206 535; x_wconf 81' lang='lat' dir='ltr'><strong>sumes-</strong></span> 
     </span>
     <span class='ocr_line' id='line_1_3' title="bbox 120 556 1207 640; baseline 0.004 -28"><span class='ocrx_word' id='word_1_18' title='bbox 120 572 164 612; x_wconf 83' lang='lat' dir='ltr'><strong>su</strong></span> <span class='ocrx_word' id='word_1_19' title='bbox 196 556 341 634; x_wconf 84' lang='lat' dir='ltr'><strong>temporis</strong></span> <span class='ocrx_word' id='word_1_20' title='bbox 375 565 477 616; x_wconf 90' lang='lat' dir='ltr'><strong>autem</strong></span> <span class='ocrx_word' id='word_1_21' title='bbox 505 557 617 637; x_wconf 89' lang='lat' dir='ltr'><strong>partim</strong></span> <span class='ocrx_word' id='word_1_22' title='bbox 645 564 820 616; x_wconf 87' lang='lat' dir='ltr'><strong>manserunt</strong></span> <span class='ocrx_word' id='word_1_23' title='bbox 852 557 925 617; x_wconf 88' lang='lat' dir='ltr'><strong>viris</strong></span> <span class='ocrx_word' id='word_1_24' title='bbox 944 556 1054 630; x_wconf 84' lang='lat' dir='ltr'><strong>rotuli,</strong></span> <span class='ocrx_word' id='word_1_25' title='bbox 1076 577 1131 640; x_wconf 87' lang='lat' dir='ltr'><strong>per</strong></span> <span class='ocrx_word' id='word_1_26' title='bbox 1149 557 1207 616; x_wconf 88' lang='lat' dir='ltr'><strong>ali-</strong></span> 
     </span>
     <span class='ocr_line' id='line_1_4' title="bbox 120 638 1208 722; baseline 0.003 -26"><span class='ocrx_word' id='word_1_27' title='bbox 120 645 276 715; x_wconf 88' lang='lat' dir='ltr'><strong>quantum</strong></span> <span class='ocrx_word' id='word_1_28' title='bbox 295 641 458 719; x_wconf 84' lang='lat' dir='ltr'><strong>temporis,</strong></span> <span class='ocrx_word' id='word_1_29' title='bbox 481 641 591 719; x_wconf 88' lang='lat' dir='ltr'><strong>partim</strong></span> <span class='ocrx_word' id='word_1_30' title='bbox 611 641 643 702; x_wconf 93' lang='lat' dir='ltr'><strong>in</strong></span> <span class='ocrx_word' id='word_1_31' title='bbox 663 638 927 714; x_wconf 72' lang='lat' dir='ltr'><strong>chirothecarum,</strong></span> <span class='ocrx_word' id='word_1_32' title='bbox 951 643 1060 721; x_wconf 88' lang='lat' dir='ltr'><strong>partim</strong></span> <span class='ocrx_word' id='word_1_33' title='bbox 1078 640 1208 722; x_wconf 86' lang='lat' dir='ltr'><strong>deniqne</strong></span> 
     </span>
     <span class='ocr_line' id='line_1_5' title="bbox 122 717 1211 805; baseline 0.006 -29"><span class='ocrx_word' id='word_1_34' title='bbox 122 717 160 776; x_wconf 90' lang='lat' dir='ltr'><strong>in</strong></span> <span class='ocrx_word' id='word_1_35' title='bbox 183 717 362 780; x_wconf 75' lang='lat' dir='ltr'><strong>baculorum</strong></span> <span class='ocrx_word' id='word_1_36' title='bbox 383 721 648 802; x_wconf 85' lang='lat' dir='ltr'><strong>imperatoriorum</strong></span> <span class='ocrx_word' id='word_1_37' title='bbox 670 720 989 804; x_wconf 77' lang='lat' dir='ltr'><strong>(Commendo-Sts&#39;ibe)</strong></span> <span class='ocrx_word' id='word_1_38' title='bbox 1015 725 1211 805; x_wconf 81' lang='lat' dir='ltr'><strong>gestationem</strong></span> 
     </span>
     <span class='ocr_line' id='line_1_6' title="bbox 125 799 1211 886; baseline 0.008 -27"><span class='ocrx_word' id='word_1_39' title='bbox 125 799 283 864; x_wconf 82' lang='lat' dir='ltr'><strong>abieurnt.</strong></span> <span class='ocrx_word' id='word_1_40' title='bbox 334 799 503 865; x_wconf 84' lang='lat' dir='ltr'><strong>Foeminae</strong></span> <span class='ocrx_word' id='word_1_41' title='bbox 529 815 631 866; x_wconf 88' lang='lat' dir='ltr'><strong>autem</strong></span> <span class='ocrx_word' id='word_1_42' title='bbox 660 825 717 886; x_wconf 85' lang='lat' dir='ltr'><strong>pro</strong></span> <span class='ocrx_word' id='word_1_43' title='bbox 736 803 845 866; x_wconf 89' lang='lat' dir='ltr'><strong>rotulis</strong></span> <span class='ocrx_word' id='word_1_44' title='bbox 865 817 1037 866; x_wconf 75' lang='lat' dir='ltr'><strong>sumserunt</strong></span> <span class='ocrx_word' id='word_1_45' title='bbox 1049 809 1081 865; x_wconf 91' lang='lat' dir='ltr'><strong>in</strong></span> <span class='ocrx_word' id='word_1_46' title='bbox 1102 825 1211 868; x_wconf 83' lang='lat' dir='ltr'><strong>manus</strong></span> 
     </span>
     <span class='ocr_line' id='line_1_7' title="bbox 121 881 1215 970; baseline 0.012 -29"><span class='ocrx_word' id='word_1_47' title='bbox 121 883 325 963; x_wconf 76' lang='lat' dir='ltr'><strong>ventilabra,</strong></span> <span class='ocrx_word' id='word_1_48' title='bbox 346 881 492 967; x_wconf 64' lang='lat' dir='ltr'><strong>panidis,</strong></span> <span class='ocrx_word' id='word_1_49' title='bbox 529 888 613 970; x_wconf 90' lang='lat' dir='ltr'><strong>quod</strong></span> <span class='ocrx_word' id='word_1_50' title='bbox 645 907 744 970; x_wconf 90' lang='lat' dir='ltr'><strong>neque</strong></span> <span class='ocrx_word' id='word_1_51' title='bbox 771 887 901 970; x_wconf 82' lang='lat' dir='ltr'><strong>antiquis</strong></span> <span class='ocrx_word' id='word_1_52' title='bbox 920 888 1107 970; x_wconf 69' lang='lat' dir='ltr'><strong>temporibus</strong></span> <span class='ocrx_word' id='word_1_53' title='bbox 1126 899 1215 954; x_wconf 66' lang='lat' dir='ltr'><strong>extra</strong></span> 
     </span>
     <span class='ocr_line' id='line_1_8' title="bbox 123 967 1212 1055; baseline 0.003 -27"><span class='ocrx_word' id='word_1_54' title='bbox 123 987 219 1029; x_wconf 89' lang='lat' dir='ltr'><strong>nsum</strong></span> <span class='ocrx_word' id='word_1_55' title='bbox 238 978 315 1028; x_wconf 84' lang='lat' dir='ltr'><strong>erat.</strong></span> <span class='ocrx_word' id='word_1_56' title='bbox 354 967 445 1032; x_wconf 84' lang='lat' dir='ltr'><strong>Certe</strong></span> <span class='ocrx_word' id='word_1_57' title='bbox 465 971 498 1032; x_wconf 88' lang='lat' dir='ltr'><strong>S.</strong></span> <span class='ocrx_word' id='word_1_58' title='bbox 517 971 707 1055; x_wconf 78' lang='lat' dir='ltr'><strong>Pudentiana</strong></span> <span class='ocrx_word' id='word_1_59' title='bbox 727 969 808 1052; x_wconf 90' lang='lat' dir='ltr'><strong>apud</strong></span> <span class='ocrx_word' id='word_1_60' title='bbox 826 969 1017 1052; x_wconf 86' lang='lat' dir='ltr'><strong>Ciumpinum</strong></span> <span class='ocrx_word' id='word_1_61' title='bbox 1038 972 1078 1032; x_wconf 88' lang='lat' dir='ltr'><strong>T.</strong></span> <span class='ocrx_word' id='word_1_62' title='bbox 1096 971 1212 1038; x_wconf 89' lang='lat' dir='ltr'><strong>ll.tab.</strong></span> 
     </span>
     <span class='ocr_line' id='line_1_9' title="bbox 123 1047 1213 1135; baseline 0.002 -23"><span class='ocrx_word' id='word_1_63' title='bbox 123 1047 183 1131; x_wconf 69' lang='grc'><strong>49.</strong></span> <span class='ocrx_word' id='word_1_64' title='bbox 203 1060 288 1112; x_wconf 89' lang='lat' dir='ltr'><strong>tenet</strong></span> <span class='ocrx_word' id='word_1_65' title='bbox 311 1049 429 1132; x_wconf 87' lang='lat' dir='ltr'><strong>aliquid</strong></span> <span class='ocrx_word' id='word_1_66' title='bbox 448 1056 481 1114; x_wconf 91' lang='lat' dir='ltr'><strong>iu</strong></span> <span class='ocrx_word' id='word_1_67' title='bbox 512 1075 627 1127; x_wconf 89' lang='lat' dir='ltr'><strong>manu,</strong></span> <span class='ocrx_word' id='word_1_68' title='bbox 654 1051 737 1135; x_wconf 87' lang='lat' dir='ltr'><strong>quod</strong></span> <span class='ocrx_word' id='word_1_69' title='bbox 755 1051 878 1114; x_wconf 87' lang='lat' dir='ltr'><strong>flabello</strong></span> <span class='ocrx_word' id='word_1_70' title='bbox 896 1054 994 1116; x_wconf 89' lang='lat' dir='ltr'><strong>simile</strong></span> <span class='ocrx_word' id='word_1_71' title='bbox 1012 1064 1069 1115; x_wconf 87' lang='lat' dir='ltr'><strong>est.</strong></span> <span class='ocrx_word' id='word_1_72' title='bbox 1109 1053 1213 1116; x_wconf 83' lang='lat' dir='ltr'><strong>Mani·</strong></span> 
     </span>
     <span class='ocr_line' id='line_1_10' title="bbox 125 1131 1212 1220; baseline 0.002 -27"><span class='ocrx_word' id='word_1_73' title='bbox 125 1131 238 1212; x_wconf 87' lang='lat' dir='ltr'><strong>pulum</strong></span> <span class='ocrx_word' id='word_1_74' title='bbox 259 1155 300 1194; x_wconf 90' lang='lat' dir='ltr'><strong>an</strong></span> <span class='ocrx_word' id='word_1_75' title='bbox 330 1134 536 1197; x_wconf 72' lang='lat' dir='ltr'><strong>chirothecam</strong></span> <span class='ocrx_word' id='word_1_76' title='bbox 565 1135 714 1219; x_wconf 73' lang='lat' dir='ltr'><strong>appellem</strong></span> <span class='ocrx_word' id='word_1_77' title='bbox 742 1133 795 1213; x_wconf 90' lang='lat' dir='ltr'><strong>id,</strong></span> <span class='ocrx_word' id='word_1_78' title='bbox 815 1137 899 1220; x_wconf 89' lang='lat' dir='ltr'><strong>quod</strong></span> <span class='ocrx_word' id='word_1_79' title='bbox 920 1136 1113 1220; x_wconf 78' lang='lat' dir='ltr'><strong>Langobardi</strong></span> <span class='ocrx_word' id='word_1_80' title='bbox 1143 1138 1212 1218; x_wconf 93' lang='lat' dir='ltr'><strong>qui-</strong></span> 
     </span>
     <span class='ocr_line' id='line_1_11' title="bbox 125 1213 1213 1302; baseline 0.004 -27"><span class='ocrx_word' id='word_1_81' title='bbox 125 1213 202 1276; x_wconf 88' lang='lat' dir='ltr'><strong>dam</strong></span> <span class='ocrx_word' id='word_1_82' title='bbox 221 1219 254 1276; x_wconf 93' lang='lat' dir='ltr'><strong>in</strong></span> <span class='ocrx_word' id='word_1_83' title='bbox 268 1215 372 1278; x_wconf 86' lang='lat' dir='ltr'><strong>tabula</strong></span> <span class='ocrx_word' id='word_1_84' title='bbox 386 1219 596 1284; x_wconf 79' lang='lat' dir='ltr'><strong>Modoiitianae</strong></span> <span class='ocrx_word' id='word_1_85' title='bbox 615 1220 819 1280; x_wconf 79' lang='lat' dir='ltr'><strong>coronationis</strong></span> <span class='ocrx_word' id='word_1_86' title='bbox 832 1223 911 1302; x_wconf 80' lang='lat' dir='ltr'><strong>regis</strong></span> <span class='ocrx_word' id='word_1_87' title='bbox 917 1219 1110 1302; x_wconf 80' lang='lat' dir='ltr'><strong>Longobardi</strong></span> <span class='ocrx_word' id='word_1_88' title='bbox 1119 1218 1213 1300; x_wconf 77' lang='lat' dir='ltr'><strong>apud</strong></span> 
     </span>
    </p>
   </div>
   <div class='ocr_carea' id='block_1_3' title="bbox 17 1297 1158 1386">
    <p class='ocr_par' dir='ltr' id='par_1_3' title="bbox 17 1297 1158 1386">
     <span class='ocr_line' id='line_1_12' title="bbox 17 1297 1158 1386; baseline 0.001 -26"><span class='ocrx_word' id='word_1_89' title='bbox 17 1337 24 1348; x_wconf 94' lang='lat'><strong>·</strong></span> <span class='ocrx_word' id='word_1_90' title='bbox 128 1297 294 1360; x_wconf 84' lang='lat' dir='ltr'><strong>Horatium</strong></span> <span class='ocrx_word' id='word_1_91' title='bbox 318 1299 465 1364; x_wconf 90' lang='lat' dir='ltr'><strong>Blancum</strong></span> <span class='ocrx_word' id='word_1_92' title='bbox 493 1302 534 1363; x_wconf 91' lang='lat' dir='ltr'><strong>ad</strong></span> <span class='ocrx_word' id='word_1_93' title='bbox 561 1302 693 1365; x_wconf 88' lang='lat' dir='ltr'><strong>Paulum</strong></span> <span class='ocrx_word' id='word_1_94' title='bbox 720 1302 893 1363; x_wconf 76' lang='lat' dir='ltr'><strong>Diaconum</strong></span> <span class='ocrx_word' id='word_1_95' title='bbox 922 1315 1048 1386; x_wconf 75' lang='lat' dir='ltr'><strong>gerunt,</strong></span> <span class='ocrx_word' id='word_1_96' title='bbox 1077 1300 1158 1362; x_wconf 89' lang='lat' dir='ltr'><strong>ambi</strong></span> 
     </span>
    </p>
   </div>
   <div class='ocr_carea' id='block_1_4' title="bbox 125 1321 1236 4043">
    <p class='ocr_par' dir='ltr' id='par_1_4' title="bbox 125 1321 1215 1715">
     <span class='ocr_line' id='line_1_13' title="bbox 125 1321 1213 1486; baseline 0.004 -46"><span class='ocrx_word' id='word_1_97' title='bbox 125 1379 193 1441; x_wconf 82' lang='lat' dir='ltr'><strong>Pro</strong></span> <span class='ocrx_word' id='word_1_98' title='bbox 211 1382 321 1444; x_wconf 88' lang='lat' dir='ltr'><strong>rotulis</strong></span> <span class='ocrx_word' id='word_1_99' title='bbox 339 1383 485 1486; x_wconf 69' lang='lat' dir='ltr'><strong>qmebsnt</strong></span> <span class='ocrx_word' id='word_1_100' title='bbox 505 1387 705 1468; x_wconf 81' lang='lat' dir='ltr'><strong>imperatores</strong></span> <span class='ocrx_word' id='word_1_101' title='bbox 724 1384 841 1445; x_wconf 84' lang='lat' dir='ltr'><strong>CPtani</strong></span> <span class='ocrx_word' id='word_1_102' title='bbox 860 1387 1009 1464; x_wconf 83' lang='lat' dir='ltr'><strong>extremi,</strong></span> <span class='ocrx_word' id='word_1_103' title='bbox 1032 1321 1213 1448; x_wconf 70' lang='lat' dir='ltr'><strong>mentalis</strong></span> 
     </span>
     <span class='ocr_line' id='line_1_14' title="bbox 127 1465 1215 1614; baseline 0.003 -6"><span class='ocrx_word' id='word_1_104' title='bbox 127 1465 648 1614; x_wconf 58' lang='lat' dir='ltr'><strong>ementiretur.</strong></span> <span class='ocrx_word' id='word_1_105' title='bbox 675 1467 804 1611; x_wconf 65' lang='lat' dir='ltr'><strong>..tii</strong></span> <span class='ocrx_word' id='word_1_106' title='bbox 824 1467 1215 1613; x_wconf 49' lang='lat' dir='ltr'><strong>titinium</strong></span> 
     </span>
     <span class='ocr_line' id='line_1_15' title="bbox 129 1572 880 1715; baseline 0.009 -24"><span class='ocrx_word' id='word_1_107' title='bbox 129 1649 188 1698; x_wconf 66' lang='lat' dir='ltr'><strong>seu</strong></span> <span class='ocrx_word' id='word_1_108' title='bbox 206 1630 381 1714; x_wconf 65' lang='lat' dir='ltr'><strong>imperando</strong></span> <span class='ocrx_word' id='word_1_109' title='bbox 402 1634 664 1697; x_wconf 64' lang='lat' dir='ltr'><strong>ammentante</strong></span> <span class='ocrx_word' id='word_1_110' title='bbox 680 1572 880 1715; x_wconf 50' lang='lat' dir='ltr'><strong>..patriai</strong></span> 
     </span>
    </p>

    <p class='ocr_par' dir='ltr' id='par_1_5' title="bbox 128 1709 1236 4043">
     <span class='ocr_line' id='line_1_16' title="bbox 216 1709 1217 1802; baseline -0.001 -27"><span class='ocrx_word' id='word_1_111' title='bbox 216 1714 420 1802; x_wconf 77' lang='lat'><strong>1).6.[575,</strong></span> <span class='ocrx_word' id='word_1_112' title='bbox 448 1715 518 1802; x_wconf 83' lang='grc' dir='ltr'><strong>ι6.]</strong></span> <span class='ocrx_word' id='word_1_113' title='bbox 545 1712 586 1780; x_wconf 77' lang='lat' dir='ltr'><strong>sd</strong></span> <span class='ocrx_word' id='word_1_114' title='bbox 611 1710 774 1793; x_wconf 76' lang='grc' dir='ltr'><strong><em>Ῥωμαϊκὰ</em></strong></span> <span class='ocrx_word' id='word_1_115' title='bbox 807 1713 964 1797; x_wconf 74' lang='grc' dir='ltr'><strong>σκῆπτρα.</strong></span> <span class='ocrx_word' id='word_1_116' title='bbox 1007 1714 1145 1776; x_wconf 81' lang='lat' dir='ltr'><strong>Romana</strong></span> <span class='ocrx_word' id='word_1_117' title='bbox 1163 1709 1217 1774; x_wconf 84' lang='lat' dir='ltr'><strong>irie</strong></span> 
     </span>
     <span class='ocr_line' id='line_1_17' title="bbox 128 1796 1218 1876; baseline -0.004 -16"><span class='ocrx_word' id='word_1_118' title='bbox 128 1805 204 1860; x_wconf 73' lang='lat' dir='ltr'><strong>nat</strong></span> <span class='ocrx_word' id='word_1_119' title='bbox 222 1799 356 1876; x_wconf 69' lang='lat' dir='ltr'><strong>Graeca,</strong></span> <span class='ocrx_word' id='word_1_120' title='bbox 376 1800 448 1862; x_wconf 81' lang='lat' dir='ltr'><strong>nori</strong></span> <span class='ocrx_word' id='word_1_121' title='bbox 470 1803 552 1862; x_wconf 88' lang='lat' dir='ltr'><strong>enim</strong></span> <span class='ocrx_word' id='word_1_122' title='bbox 572 1801 682 1862; x_wconf 83' lang='lat' dir='ltr'><strong>Graeci</strong></span> <span class='ocrx_word' id='word_1_123' title='bbox 700 1819 733 1860; x_wconf 88' lang='lat' dir='ltr'><strong>se</strong></span> <span class='ocrx_word' id='word_1_124' title='bbox 752 1798 905 1863; x_wconf 80' lang='lat' dir='ltr'><strong>Romanor</strong></span> <span class='ocrx_word' id='word_1_125' title='bbox 927 1796 1083 1874; x_wconf 79' lang='lat' dir='ltr'><strong>ferebant,</strong></span> <span class='ocrx_word' id='word_1_126' title='bbox 1103 1803 1139 1858; x_wconf 88' lang='lat' dir='ltr'><strong>ut</strong></span> <span class='ocrx_word' id='word_1_127' title='bbox 1158 1817 1218 1857; x_wconf 89' lang='lat' dir='ltr'><strong>no-</strong></span> 
     </span>
     <span class='ocr_line' id='line_1_18' title="bbox 130 1878 1219 1966; baseline -0.007 -20"><span class='ocrx_word' id='word_1_128' title='bbox 130 1888 198 1940; x_wconf 66' lang='lat' dir='ltr'><strong>tum</strong></span> <span class='ocrx_word' id='word_1_129' title='bbox 216 1891 274 1942; x_wconf 83' lang='lat' dir='ltr'><strong>est.</strong></span> <span class='ocrx_word' id='word_1_130' title='bbox 316 1881 441 1966; x_wconf 78' lang='lat' dir='ltr'><strong>Sceptra</strong></span> <span class='ocrx_word' id='word_1_131' title='bbox 461 1903 534 1946; x_wconf 86' lang='lat' dir='ltr'><strong>vcro</strong></span> <span class='ocrx_word' id='word_1_132' title='bbox 553 1893 626 1946; x_wconf 88' lang='lat' dir='ltr'><strong>sunt</strong></span> <span class='ocrx_word' id='word_1_133' title='bbox 646 1901 742 1964; x_wconf 71' lang='lat' dir='ltr'><strong>genus</strong></span> <span class='ocrx_word' id='word_1_134' title='bbox 762 1880 878 1964; x_wconf 90' lang='lat' dir='ltr'><strong>aliquid</strong></span> <span class='ocrx_word' id='word_1_135' title='bbox 897 1879 1018 1957; x_wconf 82' lang='lat' dir='ltr'><strong>vexilli,</strong></span> <span class='ocrx_word' id='word_1_136' title='bbox 1040 1878 1122 1960; x_wconf 81' lang='lat' dir='ltr'><strong>longi</strong></span> <span class='ocrx_word' id='word_1_137' title='bbox 1141 1898 1219 1939; x_wconf 87' lang='lat' dir='ltr'><strong>con-</strong></span> 
     </span>
     <span class='ocr_line' id='line_1_19' title="bbox 129 1960 1219 2048; baseline -0.003 -23"><span class='ocrx_word' id='word_1_138' title='bbox 129 1960 292 2027; x_wconf 83' lang='lat' dir='ltr'><strong>tilaminis</strong></span> <span class='ocrx_word' id='word_1_139' title='bbox 318 1975 352 2026; x_wconf 91' lang='lat' dir='ltr'><strong>et</strong></span> <span class='ocrx_word' id='word_1_140' title='bbox 378 1967 471 2028; x_wconf 87' lang='lat' dir='ltr'><strong>clavis</strong></span> <span class='ocrx_word' id='word_1_141' title='bbox 504 1968 604 2028; x_wconf 87' lang='lat' dir='ltr'><strong>aureis</strong></span> <span class='ocrx_word' id='word_1_142' title='bbox 630 1965 680 2027; x_wconf 86' lang='lat' dir='ltr'><strong>rel</strong></span> <span class='ocrx_word' id='word_1_143' title='bbox 699 1965 849 2048; x_wconf 76' lang='lat' dir='ltr'><strong>argenteis</strong></span> <span class='ocrx_word' id='word_1_144' title='bbox 874 1963 1002 2038; x_wconf 76' lang='lat' dir='ltr'><strong>conlisi,</strong></span> <span class='ocrx_word' id='word_1_145' title='bbox 1023 1973 1064 2040; x_wconf 85' lang='lat' dir='ltr'><strong>et,</strong></span> <span class='ocrx_word' id='word_1_146' title='bbox 1084 1973 1121 2022; x_wconf 88' lang='lat' dir='ltr'><strong>ut</strong></span> <span class='ocrx_word' id='word_1_147' title='bbox 1140 1960 1219 2022; x_wconf 82' lang='lat' dir='ltr'><strong>milii</strong></span> 
     </span>
     <span class='ocr_line' id='line_1_20' title="bbox 128 2041 1219 2130; baseline -0.005 -22"><span class='ocrx_word' id='word_1_148' title='bbox 128 2046 256 2126; x_wconf 86' lang='lat' dir='ltr'><strong>quidem</strong></span> <span class='ocrx_word' id='word_1_149' title='bbox 274 2048 417 2123; x_wconf 81' lang='lat' dir='ltr'><strong>videtur,</strong></span> <span class='ocrx_word' id='word_1_150' title='bbox 439 2049 479 2110; x_wconf 92' lang='lat' dir='ltr'><strong>ad</strong></span> <span class='ocrx_word' id='word_1_151' title='bbox 498 2051 597 2112; x_wconf 87' lang='lat' dir='ltr'><strong>crucis</strong></span> <span class='ocrx_word' id='word_1_152' title='bbox 616 2050 746 2110; x_wconf 86' lang='lat' dir='ltr'><strong>formam</strong></span> <span class='ocrx_word' id='word_1_153' title='bbox 776 2049 963 2130; x_wconf 87' lang='lat' dir='ltr'><strong>comparati,</strong></span> <span class='ocrx_word' id='word_1_154' title='bbox 1044 2047 1051 2062; x_wconf 88' lang='lat'>’</span> <span class='ocrx_word' id='word_1_155' title='bbox 1073 2065 1127 2106; x_wconf 86' lang='lat' dir='ltr'><strong>sen</strong></span> <span class='ocrx_word' id='word_1_156' title='bbox 1147 2041 1219 2104; x_wconf 90' lang='lat' dir='ltr'><strong>abs·</strong></span> 
     </span>
     <span class='ocr_line' id='line_1_21' title="bbox 131 2125 1219 2215; baseline 0.002 -25"><span class='ocrx_word' id='word_1_157' title='bbox 131 2148 195 2210; x_wconf 91' lang='lat' dir='ltr'><strong>que</strong></span> <span class='ocrx_word' id='word_1_158' title='bbox 215 2131 295 2194; x_wconf 85' lang='lat' dir='ltr'><strong>ferro</strong></span> <span class='ocrx_word' id='word_1_159' title='bbox 320 2129 371 2194; x_wconf 81' lang='lat' dir='ltr'><strong>vel</strong></span> <span class='ocrx_word' id='word_1_160' title='bbox 400 2153 563 2210; x_wconf 87' lang='lat' dir='ltr'><strong>mucrone,</strong></span> <span class='ocrx_word' id='word_1_161' title='bbox 592 2132 648 2194; x_wconf 88' lang='lat' dir='ltr'><strong>sed</strong></span> <span class='ocrx_word' id='word_1_162' title='bbox 677 2129 918 2215; x_wconf 79' lang='lat' dir='ltr'><strong>dependentibus</strong></span> <span class='ocrx_word' id='word_1_163' title='bbox 945 2149 984 2192; x_wconf 83' lang='lat' dir='ltr'><strong>ve</strong></span> <span class='ocrx_word' id='word_1_164' title='bbox 998 2131 1041 2208; x_wconf 87' lang='lat' dir='ltr'><strong>is,</strong></span> <span class='ocrx_word' id='word_1_165' title='bbox 1062 2137 1097 2189; x_wconf 88' lang='lat' dir='ltr'><strong>ut</strong></span> <span class='ocrx_word' id='word_1_166' title='bbox 1118 2125 1219 2210; x_wconf 74' lang='lat' dir='ltr'><strong>colligi</strong></span> 
     </span>
     <span class='ocr_line' id='line_1_22' title="bbox 133 2210 1221 2362; baseline -0.005 -86"><span class='ocrx_word' id='word_1_167' title='bbox 133 2222 324 2312; x_wconf 76' lang='lat' dir='ltr'><strong>potestep.</strong></span> <span class='ocrx_word' id='word_1_168' title='bbox 336 2216 427 2362; x_wconf 50' lang='lat' dir='ltr'><strong>170⁹,st</strong></span> <span class='ocrx_word' id='word_1_169' title='bbox 444 2218 542 2278; x_wconf 75' lang='lat' dir='ltr'><strong>noan-i</strong></span> <span class='ocrx_word' id='word_1_170' title='bbox 574 2215 705 2290; x_wconf 87' lang='lat' dir='ltr'><strong>codicis,</strong></span> <span class='ocrx_word' id='word_1_171' title='bbox 738 2211 794 2274; x_wconf 88' lang='lat' dir='ltr'><strong>ubi</strong></span> <span class='ocrx_word' id='word_1_172' title='bbox 814 2215 929 2358; x_wconf 46' lang='lat' dir='ltr'><strong>inam</strong></span> <span class='ocrx_word' id='word_1_173' title='bbox 958 2213 1002 2274; x_wconf 89' lang='lat' dir='ltr'><strong>sic</strong></span> <span class='ocrx_word' id='word_1_174' title='bbox 1022 2210 1221 2315; x_wconf 54' lang='lat' dir='ltr'><strong>bimis}</strong></span> 
     </span>
     <span class='ocr_line' id='line_1_23' title="bbox 130 2291 1220 2378; baseline -0.006 -17"><span class='ocrx_word' id='word_1_175' title='bbox 130 2301 235 2361; x_wconf 68' lang='lat' dir='ltr'><strong>sueno</strong></span> <span class='ocrx_word' id='word_1_176' title='bbox 253 2295 315 2378; x_wconf 76' lang='grc' dir='ltr'><strong>γὰρ</strong></span> <span class='ocrx_word' id='word_1_177' title='bbox 387 2319 480 2360; x_wconf 76' lang='lat' dir='ltr'><strong>anns</strong></span> <span class='ocrx_word' id='word_1_178' title='bbox 501 2333 542 2348; x_wconf 92' lang='lat'><em>-</em></span> <span class='ocrx_word' id='word_1_179' title='bbox 561 2293 639 2371; x_wconf 75' lang='grc' dir='ltr'><strong>τούς</strong></span> <span class='ocrx_word' id='word_1_180' title='bbox 658 2293 813 2368; x_wconf 76' lang='grc' dir='ltr'><strong><em>δεσπότας</em></strong></span> <span class='ocrx_word' id='word_1_181' title='bbox 899 2291 1036 2376; x_wconf 53' lang='lat' dir='ltr'><strong>epipam</strong></span> <span class='ocrx_word' id='word_1_182' title='bbox 1067 2293 1220 2372; x_wconf 73' lang='grc' dir='ltr'><strong>Ρωμαικα</strong></span> 
     </span>
     <span class='ocr_line' id='line_1_24' title="bbox 131 2367 1223 2462; baseline -0.004 -24"><span class='ocrx_word' id='word_1_183' title='bbox 131 2377 299 2462; x_wconf 56' lang='lat' dir='ltr'><strong>animno,</strong></span> <span class='ocrx_word' id='word_1_184' title='bbox 327 2375 370 2444; x_wconf 77' lang='lat' dir='ltr'><strong>cui</strong></span> <span class='ocrx_word' id='word_1_185' title='bbox 390 2376 542 2461; x_wconf 70' lang='grc' dir='ltr'><strong>λεγόμενα</strong></span> <span class='ocrx_word' id='word_1_186' title='bbox 569 2381 686 2461; x_wconf 66' lang='lat' dir='ltr'><strong>dailo„</strong></span> <span class='ocrx_word' id='word_1_187' title='bbox 705 2375 827 2457; x_wconf 70' lang='grc' dir='ltr'><strong><em>ὁμοίως</em></strong></span> <span class='ocrx_word' id='word_1_188' title='bbox 857 2373 912 2440; x_wconf 75' lang='grc' dir='ltr'><strong>καὶ</strong></span> <span class='ocrx_word' id='word_1_189' title='bbox 928 2371 970 2438; x_wconf 78' lang='lat' dir='ltr'><strong>rai</strong></span> <span class='ocrx_word' id='word_1_190' title='bbox 985 2373 1143 2456; x_wconf 52' lang='lat' dir='ltr'><strong>adtritio,</strong></span> <span class='ocrx_word' id='word_1_191' title='bbox 1165 2367 1223 2436; x_wconf 75' lang='lat' dir='ltr'><strong>rui</strong></span> 
     </span>
     <span class='ocr_line' id='line_1_25' title="bbox 131 2453 1223 2625; baseline -0.002 -21"><span class='ocrx_word' id='word_1_192' title='bbox 131 2454 464 2609; x_wconf 48' lang='lat' dir='ltr'><strong>:ti‘ttdlttt’</strong></span> <span class='ocrx_word' id='word_1_193' title='bbox 495 2453 1223 2625; x_wconf 57' lang='lat' dir='ltr'><strong>“t⁶t;;.·⁶‘.⁰t..‘,l.t”2.¹⁵³.tttutt⁰tt‘lt</strong></span> 
     </span>
     <span class='ocr_line' id='line_1_26' title="bbox 135 2567 1225 2713; baseline -0.004 -26"><span class='ocrx_word' id='word_1_194' title='bbox 135 2627 175 2688; x_wconf 83' lang='lat' dir='ltr'><strong>sit</strong></span> <span class='ocrx_word' id='word_1_195' title='bbox 193 2637 296 2690; x_wconf 88' lang='lat' dir='ltr'><strong>tamen</strong></span> <span class='ocrx_word' id='word_1_196' title='bbox 317 2567 594 2713; x_wconf 53' lang='lat' dir='ltr'><strong>imperiiisoeiatini</strong></span> <span class='ocrx_word' id='word_1_197' title='bbox 614 2629 762 2689; x_wconf 90' lang='lat' dir='ltr'><strong>sermonis</strong></span> <span class='ocrx_word' id='word_1_198' title='bbox 779 2625 922 2686; x_wconf 80' lang='lat' dir='ltr'><strong>librarius</strong></span> <span class='ocrx_word' id='word_1_199' title='bbox 933 2625 1028 2704; x_wconf 79' lang='grc' dir='ltr'><strong><em>βῆλα,</em></strong></span> <span class='ocrx_word' id='word_1_200' title='bbox 1052 2625 1085 2684; x_wconf 90' lang='lat' dir='ltr'><strong>id</strong></span> <span class='ocrx_word' id='word_1_201' title='bbox 1105 2635 1150 2684; x_wconf 85' lang='lat' dir='ltr'><strong>est</strong></span> <span class='ocrx_word' id='word_1_202' title='bbox 1170 2645 1225 2684; x_wconf 51' lang='lat' dir='ltr'><strong>nes.</strong></span> 
     </span>
     <span class='ocr_line' id='line_1_27' title="bbox 135 2703 1225 2798; baseline -0.01 -22"><span class='ocrx_word' id='word_1_203' title='bbox 135 2709 180 2783; x_wconf 76' lang='lat' dir='ltr'><strong>la,</strong></span> <span class='ocrx_word' id='word_1_204' title='bbox 202 2731 258 2791; x_wconf 88' lang='lat' dir='ltr'><strong>pro</strong></span> <span class='ocrx_word' id='word_1_205' title='bbox 279 2711 367 2780; x_wconf 71' lang='grc' dir='ltr'><strong><em>πίλα,</em></strong></span> <span class='ocrx_word' id='word_1_206' title='bbox 386 2714 476 2798; x_wconf 85' lang='lat' dir='ltr'><strong>pila,</strong></span> <span class='ocrx_word' id='word_1_207' title='bbox 498 2731 642 2778; x_wconf 84' lang='lat' dir='ltr'><strong>exarasse.</strong></span> <span class='ocrx_word' id='word_1_208' title='bbox 690 2709 821 2770; x_wconf 82' lang='lat' dir='ltr'><strong>Videtur</strong></span> <span class='ocrx_word' id='word_1_209' title='bbox 840 2717 922 2768; x_wconf 88' lang='lat' dir='ltr'><strong>certe</strong></span> <span class='ocrx_word' id='word_1_210' title='bbox 949 2706 1051 2767; x_wconf 88' lang='lat' dir='ltr'><strong>addita</strong></span> <span class='ocrx_word' id='word_1_211' title='bbox 1071 2726 1132 2768; x_wconf 81' lang='lat' dir='ltr'><strong>vox</strong></span> <span class='ocrx_word' id='word_1_212' title='bbox 1146 2703 1225 2766; x_wconf 70' lang='lat' dir='ltr'><strong>‘Pn-</strong></span> 
     </span>
     <span class='ocr_line' id='line_1_28' title="bbox 136 2788 1225 2879; baseline -0.006 -25"><span class='ocrx_word' id='word_1_213' title='bbox 136 2788 237 2869; x_wconf 80' lang='grc' dir='ltr'><strong>μαῖκιὶ</strong></span> <span class='ocrx_word' id='word_1_214' title='bbox 258 2795 401 2856; x_wconf 84' lang='lat' dir='ltr'><strong>vexillum</strong></span> <span class='ocrx_word' id='word_1_215' title='bbox 421 2795 537 2879; x_wconf 88' lang='lat' dir='ltr'><strong>aliquid</strong></span> <span class='ocrx_word' id='word_1_216' title='bbox 571 2804 625 2856; x_wconf 89' lang='lat' dir='ltr'><strong>aut</strong></span> <span class='ocrx_word' id='word_1_217' title='bbox 644 2797 881 2854; x_wconf 70' lang='lat' dir='ltr'><strong>instrumentum</strong></span> <span class='ocrx_word' id='word_1_218' title='bbox 909 2789 1040 2851; x_wconf 87' lang='lat' dir='ltr'><strong>militare</strong></span> <span class='ocrx_word' id='word_1_219' title='bbox 1059 2788 1142 2872; x_wconf 86' lang='lat' dir='ltr'><strong>apud</strong></span> <span class='ocrx_word' id='word_1_220' title='bbox 1161 2789 1225 2858; x_wconf 80' lang='lat' dir='ltr'><strong>llo·</strong></span> 
     </span>
     <span class='ocr_line' id='line_1_29' title="bbox 137 2871 1225 2956; baseline -0.006 -19"><span class='ocrx_word' id='word_1_221' title='bbox 137 2894 244 2938; x_wconf 86' lang='lat' dir='ltr'><strong>manos</strong></span> <span class='ocrx_word' id='word_1_222' title='bbox 261 2889 370 2938; x_wconf 90' lang='lat' dir='ltr'><strong>notum</strong></span> <span class='ocrx_word' id='word_1_223' title='bbox 384 2889 416 2940; x_wconf 90' lang='lat' dir='ltr'><strong>et</strong></span> <span class='ocrx_word' id='word_1_224' title='bbox 436 2882 475 2940; x_wconf 90' lang='lat' dir='ltr'><strong>iis</strong></span> <span class='ocrx_word' id='word_1_225' title='bbox 494 2881 640 2939; x_wconf 84' lang='lat' dir='ltr'><strong>usitatum</strong></span> <span class='ocrx_word' id='word_1_226' title='bbox 659 2879 799 2938; x_wconf 77' lang='lat' dir='ltr'><strong>innuet-e.</strong></span> <span class='ocrx_word' id='word_1_227' title='bbox 841 2874 941 2936; x_wconf 85' lang='lat' dir='ltr'><strong>Favet</strong></span> <span class='ocrx_word' id='word_1_228' title='bbox 959 2871 1004 2934; x_wconf 88' lang='lat' dir='ltr'><strong>illi</strong></span> <span class='ocrx_word' id='word_1_229' title='bbox 1025 2891 1146 2956; x_wconf 81' lang='lat' dir='ltr'><strong>quoque</strong></span> <span class='ocrx_word' id='word_1_230' title='bbox 1165 2889 1225 2946; x_wconf 65' lang='lat' dir='ltr'><strong>von</strong></span> 
     </span>
     <span class='ocr_line' id='line_1_30' title="bbox 136 2953 1227 3044; baseline -0.005 -26"><span class='ocrx_word' id='word_1_231' title='bbox 136 2958 297 3022; x_wconf 65' lang='lat' dir='ltr'><strong>mimatae</strong></span> <span class='ocrx_word' id='word_1_232' title='bbox 316 2963 398 3043; x_wconf 89' lang='lat' dir='ltr'><strong>apud</strong></span> <span class='ocrx_word' id='word_1_233' title='bbox 419 2963 582 3036; x_wconf 84' lang='lat' dir='ltr'><strong>Codiuum,</strong></span> <span class='ocrx_word' id='word_1_234' title='bbox 604 2981 697 3044; x_wconf 87' lang='lat' dir='ltr'><strong>quam</strong></span> <span class='ocrx_word' id='word_1_235' title='bbox 716 2959 799 3020; x_wconf 88' lang='lat' dir='ltr'><strong>idem</strong></span> <span class='ocrx_word' id='word_1_236' title='bbox 825 2968 917 3038; x_wconf 89' lang='lat' dir='ltr'><strong>atque</strong></span> <span class='ocrx_word' id='word_1_237' title='bbox 943 2977 1050 3022; x_wconf 84' lang='lat' dir='ltr'><strong>vocem</strong></span> <span class='ocrx_word' id='word_1_238' title='bbox 1070 2953 1227 3034; x_wconf 74' lang='grc' dir='ltr'><strong>σκῆπτρον</strong></span> 
     </span>
     <span class='ocr_line' id='line_1_31' title="bbox 138 3037 1227 3125; baseline -0.006 -22"><span class='ocrx_word' id='word_1_239' title='bbox 138 3042 306 3122; x_wconf 71' lang='lat' dir='ltr'><strong>siguificare</strong></span> <span class='ocrx_word' id='word_1_240' title='bbox 327 3045 484 3107; x_wconf 87' lang='lat' dir='ltr'><strong>contendit</strong></span> <span class='ocrx_word' id='word_1_241' title='bbox 502 3047 595 3105; x_wconf 90' lang='lat' dir='ltr'><strong>Goar.</strong></span> <span class='ocrx_word' id='word_1_242' title='bbox 616 3043 655 3104; x_wconf 87' lang='lat' dir='ltr'><strong>ad</strong></span> <span class='ocrx_word' id='word_1_243' title='bbox 676 3041 786 3104; x_wconf 87' lang='lat' dir='ltr'><strong>Codin.</strong></span> <span class='ocrx_word' id='word_1_244' title='bbox 808 3062 842 3124; x_wconf 90' lang='lat' dir='ltr'><strong>p.</strong></span> <span class='ocrx_word' id='word_1_245' title='bbox 858 3041 911 3125; x_wconf 77' lang='lat'><strong>87.</strong></span> <span class='ocrx_word' id='word_1_246' title='bbox 931 3061 964 3100; x_wconf 93' lang='lat' dir='ltr'><strong>n.</strong></span> <span class='ocrx_word' id='word_1_247' title='bbox 980 3040 1032 3122; x_wconf 78' lang='grc'><strong>59.</strong></span> <span class='ocrx_word' id='word_1_248' title='bbox 1075 3037 1227 3098; x_wconf 85' lang='lat' dir='ltr'><strong>Videntur</strong></span> 
     </span>
     <span class='ocr_line' id='line_1_32' title="bbox 137 3123 1228 3210; baseline -0.005 -24"><span class='ocrx_word' id='word_1_249' title='bbox 137 3125 215 3186; x_wconf 81' lang='lat' dir='ltr'><strong>milii</strong></span> <span class='ocrx_word' id='word_1_250' title='bbox 236 3137 339 3188; x_wconf 80' lang='lat' dir='ltr'><strong>tamen</strong></span> <span class='ocrx_word' id='word_1_251' title='bbox 359 3130 469 3190; x_wconf 86' lang='lat' dir='ltr'><strong>Graeci</strong></span> <span class='ocrx_word' id='word_1_252' title='bbox 488 3127 551 3210; x_wconf 81' lang='lat' dir='ltr'><strong>pilo</strong></span> <span class='ocrx_word' id='word_1_253' title='bbox 574 3129 713 3189; x_wconf 79' lang='lat' dir='ltr'><strong>Romano</strong></span> <span class='ocrx_word' id='word_1_254' title='bbox 742 3125 834 3186; x_wconf 87' lang='lat' dir='ltr'><strong>aliam</strong></span> <span class='ocrx_word' id='word_1_255' title='bbox 854 3123 987 3194; x_wconf 73' lang='lat' dir='ltr'><strong>induisse</strong></span> <span class='ocrx_word' id='word_1_256' title='bbox 1007 3123 1149 3200; x_wconf 80' lang='lat' dir='ltr'><strong>lumnam,</strong></span> <span class='ocrx_word' id='word_1_257' title='bbox 1169 3137 1228 3201; x_wconf 86' lang='lat' dir='ltr'><strong>pru</strong></span> 
     </span>
     <span class='ocr_line' id='line_1_33' title="bbox 139 3207 1229 3294; baseline -0.006 -26"><span class='ocrx_word' id='word_1_258' title='bbox 139 3229 286 3272; x_wconf 88' lang='lat' dir='ltr'><strong>mucrone</strong></span> <span class='ocrx_word' id='word_1_259' title='bbox 315 3211 382 3272; x_wconf 90' lang='lat' dir='ltr'><strong>scil.</strong></span> <span class='ocrx_word' id='word_1_260' title='bbox 408 3211 559 3272; x_wconf 78' lang='lat' dir='ltr'><strong>addidisse</strong></span> <span class='ocrx_word' id='word_1_261' title='bbox 590 3209 707 3294; x_wconf 73' lang='lat' dir='ltr'><strong>lignum</strong></span> <span class='ocrx_word' id='word_1_262' title='bbox 734 3219 941 3270; x_wconf 87' lang='lat' dir='ltr'><strong>transversum</strong></span> <span class='ocrx_word' id='word_1_263' title='bbox 976 3207 1010 3268; x_wconf 90' lang='lat' dir='ltr'><strong>in</strong></span> <span class='ocrx_word' id='word_1_264' title='bbox 1037 3223 1174 3280; x_wconf 87' lang='lat' dir='ltr'><strong>summo,</strong></span> <span class='ocrx_word' id='word_1_265' title='bbox 1192 3211 1229 3262; x_wconf 92' lang='lat' dir='ltr'><strong>ut</strong></span> 
     </span>
     <span class='ocr_line' id='line_1_34' title="bbox 140 3287 1230 3377; baseline -0.006 -25"><span class='ocrx_word' id='word_1_266' title='bbox 140 3313 213 3359; x_wconf 83' lang='lat' dir='ltr'><strong>crux</strong></span> <span class='ocrx_word' id='word_1_267' title='bbox 233 3294 392 3369; x_wconf 84' lang='lat' dir='ltr'><strong>evaderet,</strong></span> <span class='ocrx_word' id='word_1_268' title='bbox 421 3294 471 3357; x_wconf 84' lang='lat' dir='ltr'><strong>vel</strong></span> <span class='ocrx_word' id='word_1_269' title='bbox 491 3292 638 3377; x_wconf 83' lang='lat' dir='ltr'><strong>simplex,</strong></span> <span class='ocrx_word' id='word_1_270' title='bbox 672 3291 846 3366; x_wconf 89' lang='lat' dir='ltr'><strong>ordinaria,</strong></span> <span class='ocrx_word' id='word_1_271' title='bbox 877 3291 998 3375; x_wconf 87' lang='lat' dir='ltr'><strong>qualem</strong></span> <span class='ocrx_word' id='word_1_272' title='bbox 1018 3307 1122 3350; x_wconf 88' lang='lat' dir='ltr'><strong>omnes</strong></span> <span class='ocrx_word' id='word_1_273' title='bbox 1142 3287 1230 3347; x_wconf 85' lang='lat' dir='ltr'><strong>nori·</strong></span> 
     </span>
     <span class='ocr_line' id='line_1_35' title="bbox 140 3372 1230 3461; baseline -0.004 -21"><span class='ocrx_word' id='word_1_274' title='bbox 140 3395 227 3450; x_wconf 82' lang='lat' dir='ltr'><strong>mus,</strong></span> <span class='ocrx_word' id='word_1_275' title='bbox 249 3388 281 3438; x_wconf 89' lang='lat' dir='ltr'><strong>et</strong></span> <span class='ocrx_word' id='word_1_276' title='bbox 300 3376 422 3459; x_wconf 89' lang='lat' dir='ltr'><strong>qualem</strong></span> <span class='ocrx_word' id='word_1_277' title='bbox 450 3374 630 3461; x_wconf 87' lang='lat' dir='ltr'><strong>plerumque</strong></span> <span class='ocrx_word' id='word_1_278' title='bbox 660 3377 860 3458; x_wconf 84' lang='lat' dir='ltr'><strong>imperatores</strong></span> <span class='ocrx_word' id='word_1_279' title='bbox 886 3372 1006 3434; x_wconf 89' lang='lat' dir='ltr'><strong>CPtaui</strong></span> <span class='ocrx_word' id='word_1_280' title='bbox 1035 3383 1091 3453; x_wconf 80' lang='lat' dir='ltr'><strong>pro</strong></span> <span class='ocrx_word' id='word_1_281' title='bbox 1110 3378 1230 3450; x_wconf 71' lang='lat' dir='ltr'><strong>sceptro</strong></span> 
     </span>
     <span class='ocr_line' id='line_1_36' title="bbox 140 3453 1231 3544; baseline -0.006 -25"><span class='ocrx_word' id='word_1_282' title='bbox 140 3459 223 3542; x_wconf 76' lang='lat' dir='ltr'><strong>regio</strong></span> <span class='ocrx_word' id='word_1_283' title='bbox 241 3472 359 3543; x_wconf 73' lang='lat' dir='ltr'><strong>gestare</strong></span> <span class='ocrx_word' id='word_1_284' title='bbox 389 3462 619 3544; x_wconf 84' lang='lat' dir='ltr'><strong>conspiciuntur</strong></span> <span class='ocrx_word' id='word_1_285' title='bbox 646 3462 680 3520; x_wconf 92' lang='lat' dir='ltr'><strong>in</strong></span> <span class='ocrx_word' id='word_1_286' title='bbox 697 3459 855 3532; x_wconf 87' lang='lat' dir='ltr'><strong>nummis,</strong></span> <span class='ocrx_word' id='word_1_287' title='bbox 887 3454 937 3518; x_wconf 85' lang='lat' dir='ltr'><strong>vel</strong></span> <span class='ocrx_word' id='word_1_288' title='bbox 955 3456 1135 3536; x_wconf 86' lang='lat' dir='ltr'><strong>composita.</strong></span> <span class='ocrx_word' id='word_1_289' title='bbox 1174 3453 1231 3512; x_wconf 83' lang='lat' dir='ltr'><strong>Est</strong></span> 
     </span>
     <span class='ocr_line' id='line_1_37' title="bbox 141 3537 1231 3627; baseline -0.006 -26"><span class='ocrx_word' id='word_1_290' title='bbox 141 3553 242 3602; x_wconf 89' lang='lat' dir='ltr'><strong>autem</strong></span> <span class='ocrx_word' id='word_1_291' title='bbox 260 3547 445 3626; x_wconf 86' lang='lat' dir='ltr'><strong>composita,</strong></span> <span class='ocrx_word' id='word_1_292' title='bbox 475 3565 553 3627; x_wconf 88' lang='lat' dir='ltr'><strong>qnae</strong></span> <span class='ocrx_word' id='word_1_293' title='bbox 584 3543 634 3604; x_wconf 86' lang='lat' dir='ltr'><strong>vel</strong></span> <span class='ocrx_word' id='word_1_294' title='bbox 662 3543 784 3603; x_wconf 88' lang='lat' dir='ltr'><strong>duobus</strong></span> <span class='ocrx_word' id='word_1_295' title='bbox 809 3542 992 3603; x_wconf 81' lang='lat' dir='ltr'><strong>transversis</strong></span> <span class='ocrx_word' id='word_1_296' title='bbox 1017 3539 1126 3620; x_wconf 77' lang='lat' dir='ltr'><strong>lignis,</strong></span> <span class='ocrx_word' id='word_1_297' title='bbox 1145 3537 1231 3596; x_wconf 85' lang='lat' dir='ltr'><strong>inae-</strong></span> 
     </span>
     <span class='ocr_line' id='line_1_38' title="bbox 140 3620 1232 3716; baseline -0.004 -30"><span class='ocrx_word' id='word_1_298' title='bbox 140 3625 239 3706; x_wconf 87' lang='lat' dir='ltr'><strong>qualis</strong></span> <span class='ocrx_word' id='word_1_299' title='bbox 259 3626 493 3706; x_wconf 81' lang='lat' dir='ltr'><strong>magnitudinis,</strong></span> <span class='ocrx_word' id='word_1_300' title='bbox 514 3627 565 3688; x_wconf 86' lang='lat' dir='ltr'><strong>vel</strong></span> <span class='ocrx_word' id='word_1_301' title='bbox 584 3627 706 3688; x_wconf 90' lang='lat' dir='ltr'><strong>duobus</strong></span> <span class='ocrx_word' id='word_1_302' title='bbox 716 3626 814 3694; x_wconf 81' lang='lat' dir='ltr'><strong>contis</strong></span> <span class='ocrx_word' id='word_1_303' title='bbox 836 3624 963 3684; x_wconf 88' lang='lat' dir='ltr'><strong>minutis</strong></span> <span class='ocrx_word' id='word_1_304' title='bbox 982 3631 1014 3682; x_wconf 86' lang='lat' dir='ltr'><strong>et</strong></span> <span class='ocrx_word' id='word_1_305' title='bbox 1034 3620 1142 3694; x_wconf 81' lang='lat' dir='ltr'><strong>maiori</strong></span> <span class='ocrx_word' id='word_1_306' title='bbox 1157 3630 1232 3716; x_wconf 65' lang='lat' dir='ltr'><strong>edne</strong></span> 
     </span>
     <span class='ocr_line' id='line_1_39' title="bbox 141 3706 1234 3793; baseline -0.007 -24"><span class='ocrx_word' id='word_1_307' title='bbox 141 3719 172 3769; x_wconf 92' lang='lat' dir='ltr'><strong>to</strong></span> <span class='ocrx_word' id='word_1_308' title='bbox 193 3710 344 3791; x_wconf 84' lang='lat' dir='ltr'><strong>parallelis</strong></span> <span class='ocrx_word' id='word_1_309' title='bbox 364 3710 405 3771; x_wconf 91' lang='lat' dir='ltr'><strong>ad</strong></span> <span class='ocrx_word' id='word_1_310' title='bbox 425 3710 500 3793; x_wconf 76' lang='lat' dir='ltr'><strong>ligni</strong></span> <span class='ocrx_word' id='word_1_311' title='bbox 519 3711 683 3772; x_wconf 84' lang='lat' dir='ltr'><strong>transversi</strong></span> <span class='ocrx_word' id='word_1_312' title='bbox 707 3719 872 3789; x_wconf 86' lang='lat' dir='ltr'><strong>utrumque</strong></span> <span class='ocrx_word' id='word_1_313' title='bbox 901 3706 1067 3788; x_wconf 73' lang='lat' dir='ltr'><strong>marginem</strong></span> <span class='ocrx_word' id='word_1_314' title='bbox 1090 3713 1234 3785; x_wconf 74' lang='lat' dir='ltr'><strong>appositis</strong></span> 
     </span>
     <span class='ocr_line' id='line_1_40' title="bbox 142 3785 1234 3876; baseline -0.006 -24"><span class='ocrx_word' id='word_1_315' title='bbox 142 3803 281 3865; x_wconf 91' lang='lat' dir='ltr'><strong>constat,</strong></span> <span class='ocrx_word' id='word_1_316' title='bbox 317 3795 415 3876; x_wconf 88' lang='lat' dir='ltr'><strong>qualis</strong></span> <span class='ocrx_word' id='word_1_317' title='bbox 441 3795 473 3855; x_wconf 91' lang='lat' dir='ltr'><strong>in</strong></span> <span class='ocrx_word' id='word_1_318' title='bbox 496 3813 623 3854; x_wconf 90' lang='lat' dir='ltr'><strong>nummo</strong></span> <span class='ocrx_word' id='word_1_319' title='bbox 644 3793 773 3854; x_wconf 77' lang='lat' dir='ltr'><strong>Romani</strong></span> <span class='ocrx_word' id='word_1_320' title='bbox 795 3792 945 3874; x_wconf 87' lang='lat' dir='ltr'><strong>Lacapeni</strong></span> <span class='ocrx_word' id='word_1_321' title='bbox 977 3787 1059 3871; x_wconf 91' lang='lat' dir='ltr'><strong>apud</strong></span> <span class='ocrx_word' id='word_1_322' title='bbox 1081 3786 1132 3846; x_wconf 89' lang='lat' dir='ltr'><strong>Du</strong></span> <span class='ocrx_word' id='word_1_323' title='bbox 1152 3785 1234 3862; x_wconf 63' lang='lat' dir='ltr'><strong>Gan*-</strong></span> 
     </span>
     <span class='ocr_line' id='line_1_41' title="bbox 142 3869 1236 3963; baseline -0.005 -29"><span class='ocrx_word' id='word_1_324' title='bbox 142 3876 225 3957; x_wconf 74' lang='lat' dir='ltr'><strong>gium</strong></span> <span class='ocrx_word' id='word_1_325' title='bbox 247 3877 359 3937; x_wconf 73' lang='lat' dir='ltr'><strong>Fannii.</strong></span> <span class='ocrx_word' id='word_1_326' title='bbox 387 3879 461 3959; x_wconf 79' lang='lat' dir='ltr'><strong>Byr.</strong></span> <span class='ocrx_word' id='word_1_327' title='bbox 479 3898 512 3963; x_wconf 90' lang='lat' dir='ltr'><strong>p.</strong></span> <span class='ocrx_word' id='word_1_328' title='bbox 533 3877 603 3939; x_wconf 71' lang='lat'><strong>156.</strong></span> <span class='ocrx_word' id='word_1_329' title='bbox 633 3887 665 3936; x_wconf 87' lang='lat' dir='ltr'><strong>et</strong></span> <span class='ocrx_word' id='word_1_330' title='bbox 683 3897 714 3959; x_wconf 88' lang='lat' dir='ltr'><strong>p.</strong></span> <span class='ocrx_word' id='word_1_331' title='bbox 732 3875 802 3936; x_wconf 72' lang='lat'><strong>123.</strong></span> <span class='ocrx_word' id='word_1_332' title='bbox 840 3895 868 3936; x_wconf 87' lang='lat'><strong>1.</strong></span> <span class='ocrx_word' id='word_1_333' title='bbox 900 3874 933 3936; x_wconf 91' lang='lat' dir='ltr'><strong>iu</strong></span> <span class='ocrx_word' id='word_1_334' title='bbox 965 3871 1097 3934; x_wconf 84' lang='lat' dir='ltr'><strong>nummis</strong></span> <span class='ocrx_word' id='word_1_335' title='bbox 1125 3869 1236 3943; x_wconf 79' lang='lat' dir='ltr'><strong>Leonis¹</strong></span> 
     </span>
     <span class='ocr_line' id='line_1_42' title="bbox 142 3951 1233 4043; baseline -0.009 -23"><span class='ocrx_word' id='word_1_336' title='bbox 142 3957 250 4037; x_wconf 83' lang='lat' dir='ltr'><strong>isauri,</strong></span> <span class='ocrx_word' id='word_1_337' title='bbox 274 3960 311 4020; x_wconf 82' lang='lat' dir='ltr'><strong>ct</strong></span> <span class='ocrx_word' id='word_1_338' title='bbox 332 3983 365 4043; x_wconf 94' lang='lat' dir='ltr'><strong>p.</strong></span> <span class='ocrx_word' id='word_1_339' title='bbox 381 3981 462 4043; x_wconf 75' lang='lat'>&#39;²7⁹2</span> <span class='ocrx_word' id='word_1_340' title='bbox 486 3964 522 4024; x_wconf 88' lang='lat' dir='ltr'><strong>in</strong></span> <span class='ocrx_word' id='word_1_341' title='bbox 546 3979 673 4020; x_wconf 89' lang='lat' dir='ltr'><strong>nummo</strong></span> <span class='ocrx_word' id='word_1_342' title='bbox 689 3957 853 4042; x_wconf 82' lang='lat' dir='ltr'><strong>Nicephori</strong></span> <span class='ocrx_word' id='word_1_343' title='bbox 881 3951 1233 4040; x_wconf 67' lang='lat' dir='ltr'><strong>Lugothetaecernitur,</strong></span> 
     </span>
    </p>
   </div>
   <div class='ocr_carea' id='block_1_5' title="bbox 46 4039 1236 4130">
    <p class='ocr_par' dir='ltr' id='par_1_6' title="bbox 46 4039 1236 4130">
     <span class='ocr_line' id='line_1_43' title="bbox 46 4039 1236 4130; baseline -0.009 -25"><span class='ocrx_word' id='word_1_344' title='bbox 46 4117 60 4130; x_wconf 35' lang='grc' dir='ltr'>ι</span> <span class='ocrx_word' id='word_1_345' title='bbox 143 4043 224 4120; x_wconf 84' lang='lat' dir='ltr'><strong>Quia</strong></span> <span class='ocrx_word' id='word_1_346' title='bbox 243 4064 316 4103; x_wconf 81' lang='lat' dir='ltr'><strong>crux</strong></span> <span class='ocrx_word' id='word_1_347' title='bbox 343 4055 496 4125; x_wconf 86' lang='lat' dir='ltr'><strong>sceptrum</strong></span> <span class='ocrx_word' id='word_1_348' title='bbox 518 4045 741 4126; x_wconf 81' lang='lat' dir='ltr'><strong>Imperatorum</strong></span> <span class='ocrx_word' id='word_1_349' title='bbox 755 4041 948 4106; x_wconf 85' lang='lat' dir='ltr'><strong>CPtanorum</strong></span> <span class='ocrx_word' id='word_1_350' title='bbox 966 4039 1146 4123; x_wconf 88' lang='lat' dir='ltr'><strong>plerumque</strong></span> <span class='ocrx_word' id='word_1_351' title='bbox 1159 4043 1236 4112; x_wconf 87' lang='lat' dir='ltr'><strong>erat,</strong></span> 
     </span>
    </p>
   </div>
   <div class='ocr_carea' id='block_1_6' title="bbox 142 4115 1238 4304">
    <p class='ocr_par' dir='ltr' id='par_1_7' title="bbox 142 4115 1238 4304">
     <span class='ocr_line' id='line_1_44' title="bbox 142 4115 1236 4208; baseline -0.008 -22"><span class='ocrx_word' id='word_1_352' title='bbox 142 4137 172 4199; x_wconf 77' lang='lat' dir='ltr'><strong>et</strong></span> <span class='ocrx_word' id='word_1_353' title='bbox 191 4126 242 4198; x_wconf 82' lang='lat' dir='ltr'><strong>hic</strong></span> <span class='ocrx_word' id='word_1_354' title='bbox 261 4125 320 4186; x_wconf 91' lang='lat' dir='ltr'><strong>loci</strong></span> <span class='ocrx_word' id='word_1_355' title='bbox 342 4138 459 4208; x_wconf 85' lang='lat' dir='ltr'><strong>sceptra</strong></span> <span class='ocrx_word' id='word_1_356' title='bbox 480 4139 516 4205; x_wconf 89' lang='lat' dir='ltr'><strong>ut</strong></span> <span class='ocrx_word' id='word_1_357' title='bbox 544 4128 723 4188; x_wconf 74' lang='lat' dir='ltr'><strong>distinctum</strong></span> <span class='ocrx_word' id='word_1_358' title='bbox 755 4135 787 4187; x_wconf 90' lang='lat' dir='ltr'><strong>et</strong></span> <span class='ocrx_word' id='word_1_359' title='bbox 816 4123 967 4208; x_wconf 88' lang='lat' dir='ltr'><strong>peculiare</strong></span> <span class='ocrx_word' id='word_1_360' title='bbox 988 4121 1116 4205; x_wconf 89' lang='lat' dir='ltr'><strong>aliquod</strong></span> <span class='ocrx_word' id='word_1_361' title='bbox 1136 4115 1236 4186; x_wconf 82' lang='lat' dir='ltr'><strong>vexilli</strong></span> 
     </span>
     <span class='ocr_line' id='line_1_45' title="bbox 142 4199 1238 4304; baseline 0.001 -34"><span class='ocrx_word' id='word_1_362' title='bbox 142 4231 238 4304; x_wconf 65' lang='lat' dir='ltr'><strong>pertus</strong></span> <span class='ocrx_word' id='word_1_363' title='bbox 258 4221 492 4293; x_wconf 77' lang='lat' dir='ltr'><strong>memorantur,</strong></span> <span class='ocrx_word' id='word_1_364' title='bbox 514 4231 550 4286; x_wconf 76' lang='lat' dir='ltr'><strong>er</strong></span> <span class='ocrx_word' id='word_1_365' title='bbox 581 4231 618 4272; x_wconf 86' lang='lat' dir='ltr'><strong>eo</strong></span> <span class='ocrx_word' id='word_1_366' title='bbox 642 4209 791 4284; x_wconf 85' lang='lat' dir='ltr'><strong>concludo</strong></span> <span class='ocrx_word' id='word_1_367' title='bbox 819 4211 912 4286; x_wconf 77' lang='lat' dir='ltr'><strong>fuisse</strong></span> <span class='ocrx_word' id='word_1_368' title='bbox 935 4217 1053 4292; x_wconf 84' lang='lat' dir='ltr'><strong>sceptra</strong></span> <span class='ocrx_word' id='word_1_369' title='bbox 1070 4204 1172 4271; x_wconf 63' lang='lat' dir='ltr'><strong>ham</strong></span> <span class='ocrx_word' id='word_1_370' title='bbox 1198 4199 1238 4261; x_wconf 58' lang='grc' dir='ltr'><strong>εδ</strong></span> 
     </span>
    </p>
   </div>
   <div class='ocr_carea' id='block_1_7' title="bbox 0 0 1527 4892">
    <p class='ocr_par' dir='ltr' id='par_1_8' title="bbox 0 0 1527 4892">
     <span class='ocr_line' id='line_1_46' title="bbox 0 0 1527 4892; baseline 0 0"><span class='ocrx_word' id='word_1_371' title='bbox 0 0 1527 4892; x_wconf 95' lang='lat' dir='ltr'><strong> </strong></span> 
     </span>
    </p>
   </div>
  </div>
 </body>
</html>
