2975 4892
327 272 381 359 9²
520 270 577 336 ιο.
593 270 686 337 uc.
711 270 857 337 aursni
883 263 1185 335 couniuntur

262 487 265 493 .
410 427 448 489 G.
463 425 581 511 penult.
596 424 663 511 [13‚
678 422 746 508 nm]
779 422 824 496 εἰς
851 418 993 497 πολλοὺς.
1034 422 1181 485 Fornula
1208 420 1305 496 haec,
1342 440 1406 504 qua

328 511 401 572 novi
422 510 563 572 Graeculi
584 509 734 590 usquead
752 508 884 568 taedium
901 514 1047 582 utuntur,
1075 500 1280 585 πολυχρόνιον
1299 526 1317 563 a
1338 504 1406 585 pel·

327 592 420 655 latur.
462 593 535 654 Vid.
554 593 606 653 Du
624 594 724 672 Gange
746 590 845 651 Gloss.
871 602 1000 672 unoque
1017 591 1051 651 h.
1072 610 1104 649 v.
1128 599 1159 649 et
1176 588 1269 647 Goar.
1290 524 1407 646 alco-

328 676 395 737 din.
418 698 451 759 p.
467 674 519 756 84.
537 696 569 735 n.
588 675 655 752 15„
673 694 820 754 quosnon
835 674 979 734 exscribo.
1000 674 1132 733 Tantum
1147 669 1307 743 indicabo,
1330 668 1408 749 qnid

328 760 386 821 sibi
404 759 499 821 velint
520 756 613 819 verba
638 756 719 837 apud
742 756 892 815 Codinum
911 756 1028 836 saepius
1055 755 1257 815 recurrentia:
1303 746 1408 833 ὁρίζει

329 840 377 913 εἰς
396 835 495 904 πολλοὶ
519 833 583 919 ἔτη.
621 837 740 899 Scilicet
760 838 837 898 sisbet
862 838 1046 922 Imperator,
1067 850 1101 896 ut
1119 836 1203 895 nobr's
1217 834 1262 895 od
1278 848 1408 895 vestm

330 917 538 1003 πολυχρόνιον
556 940 608 980 suo
628 922 744 981 nomem
764 922 954 1003 respondeam
975 916 1019 989 εἰς
1038 911 1140 978 πολλοὶ
1162 911 1223 997 ἔτη.
1265 915 1302 976 ld
1323 915 1409 1057 lmd

331 1005 504 1066 melantio
530 1000 671 1063 solemnis
697 1003 888 1083 Imperatoris
910 1003 949 1063 ad
977 1000 1167 1061 subditorum
1199 998 1321 1077 πολοχρ
1343 1018 1409 1059 reor

331 1087 453 1148 videtur
479 1086 578 1145 lirisse.
621 1086 777 1167 Corrigam
799 1106 919 1167 quoque
943 1085 1001 1143 hac
1020 1084 1175 1145 occasione
1198 1081 1297 1142 locum
1319 1082 1409 1141 Luit·

332 1168 440 1250 prandi
453 1167 614 1246 celebrem,
638 1168 750 1250 &agio
769 1188 831 1229 non
848 1168 1040 1251 praeterimm
1057 1186 1090 1247 p.
1110 1164 1204 1241 483.:
1246 1164 1409 1239 Laudibus,

332 1254 393 1312 ιὀιο
422 1253 558 1312 mummii
586 1249 668 1333 [uon
691 1250 834 1349 incende]
866 1254 925 1349 ossis
946 1251 1029 1309 Deus
1049 1268 1144 1308 annos
1169 1258 1205 1307 ut
1230 1244 1409 1345 multiplicet

332 1334 548 1499 rm..
564 1331 1409 1501 ...mm

331 1499 445 1579 gbnoe
458 1510 623 1574 madores,
648 1520 778 1641 W
804 1498 981 1577 adulatores,
1009 1498 1076 1556 hinc
1095 1496 1230 1577 colligere
1315 1514 1408 1553 umus.

337 1581 526 1664 optantem
539 1602 599 1641 non
615 1602 648 1641 so
729 1580 792 1664 [sic
808 1578 888 1663 leg.]
912 1580 965 1640 sed
981 1579 1150 1653 silicernio,
1178 1600 1198 1662 q
1274 1590 1409 1636 noueram

334 1665 431 1748 ἰροαοι
449 1684 510 1724 non
524 1666 594 1747 poti
612 1677 689 1723 cerlo
709 1667 814 1725 ocimu.
844 1664 962 1723 Gaudet
974 1674 1003 1722 et
1013 1662 1191 1721 silicernium
1208 1680 1245 1720 eo
1259 1660 1317 1719 sibi
1325 1672 1410 1741 opto-

334 1747 380 1820 η’,
402 1747 649 1831 qssoenecDewn
656 1747 782 1826 facere,
808 1747 929 1807 neesibi
938 1744 1092 1828 prodesse,
1112 1742 1287 1816 sedobesse,
1311 1743 1409 1800 etiam

333 1830 364 1887 si
373 1830 510 1908 faceret,
538 1831 632 1889 novs’t.
673 1828 886 1909 Usnrpabatur
908 1827 982 1887 haec
1000 1824 1131 1886 formula
1149 1824 1264 1885 Latinis
1279 1843 1408 1905 quoque.

334 1908 527 1992 Augustinus.
556 1910 704 1971 Patricius
729 1912 848 1971 Cerem.
875 1909 1026 1971 Ecclesiae
1047 1908 1137 1970 Rom.
1164 1908 1226 1967 Tit.
1247 1906 1289 1966 11.
1319 1904 1346 1988 S
1365 1904 1409 1983 4.:

338 1990 507 2054 Ortlmotor
528 1994 592 2054 εἰπε
614 1994 704 2053 mitra
728 1994 867 2055 oooedens
891 2014 991 2053 versus
1018 1992 1152 2052 Electren
1179 1991 1265 2049 tertio
1296 1987 1411 2072 [idest

335 2083 400 2152 ter,
427 2072 463 2136 sa
482 2073 609 2158 τρίτου]
635 2097 713 2156 geno
721 2074 848 2161 flectens
866 2096 931 2135 cum
945 2075 1086 2135 &sturmo
1102 2073 1287 2134 mnnenienti
1303 2084 1350 2130 ter
1363 2070 1410 2130 di·

245 2162 250 2175 '
334 2170 395 2217 cet.-
419 2154 471 2217 Ad
491 2156 603 2219 multos
620 2179 715 2218 annos
728 2193 770 2205 ··
784 2159 829 2219 Et
850 2160 898 2218 Ιιίο
915 2158 1016 2218 modus
1035 2155 1073 2217 de
1090 2156 1285 2216 benedsbtione
1302 2165 1333 2213 et
1362 2152 1410 2213 Ad

336 2237 450 2302 multos
472 2260 566 2302 annos
583 2254 718 2301 semonsr
738 2242 845 2319 enom,
883 2243 911 2301 ri
928 2240 1046 2301 ordines
1063 2240 1207 2323 occineret
1225 2240 1258 2299 in
1278 2236 1410 2322 plurius

336 2321 438 2383 &ebus
449 2324 614 2403 sigillatim.

421 2404 638 2491 9.A.1.[14,
661 2403 705 2489 1.]
730 2402 761 2467 oi
780 2398 973 2485 ὄργανάριοι.
1014 2404 1076 2488 Qui
1094 2404 1212 2485 orgam's
1228 2412 1352 2475 omnint,
1366 2420 1408 2460 or-

336 2508 420 2568 gana
434 2489 565 2571 probant.
593 2488 736 2550 Solebant
750 2492 830 2549 enim
846 2507 958 2569 organa
975 2506 1081 2548 sonare
1090 2531 1100 2563 ,
1131 2485 1252 2567 wando
1269 2483 1407 2543 laeuones

337 2571 497 2632 dominnm
518 2571 703 2652 excipiebant
727 2583 758 2633 et
782 2571 963 2632 salutabant.
1004 2568 1078 2630 vid.
1096 2589 1129 2652 p.
1146 2589 1198 2629 no.
1215 2568 1252 2628 C.
1293 2566 1342 2626 De
1361 2586 1408 2624 or-

337 2653 736 2817 ffllllalfmfflm
749 2648 1409 2815 trzeolelzziurmzltffle

338 2834 450 2876 narum
467 2818 547 2878 hanc
566 2779 672 2879 batam
696 2814 838 2897 εὐτυχῶς
860 2816 906 2889 εἰς
926 2812 1042 2889 πολλὰς
1065 2808 1197 2897 ἑορτὰς,
1222 2825 1289 2897 post
1308 2832 1409 2874 vocem

339 2889 509 2976 ἵσταμένοο
528 2897 584 2959 lin.
602 2898 633 2960 5.
652 2910 747 2960 etro.
764 2898 934 2961 tollendum
956 2920 1073 2961 comma
1090 2920 1126 2960 ex
1145 2898 1204 2958 fide
1222 2894 1409 2959 membrana·

340 2998 422 3042 rum.
463 2980 600 3040 Pertinet
616 2984 697 3041 enim
711 2982 750 3041 ad
769 2976 1020 3063 δευτερεύοντες,
1048 3002 1109 3043 nou
1125 2980 1164 3041 ad
1179 2972 1293 3059 δήμου.

424 3060 461 3123 Β.
477 3083 509 3123 2.
523 3062 591 3146 [14,
612 3060 677 3147 rm]
699 3057 877 3144 ὡρολόγιον.
918 3066 966 3125 De
984 3063 1147 3149 horologiis
1167 3083 1204 3125 ea
1226 3070 1324 3125 aetate
1337 3061 1412 3124 uotis

339 3154 371 3207 et
390 3146 506 3206 usitatis
525 3166 581 3228 ago
595 3144 634 3206 ad
649 3167 681 3227 p.
698 3166 771 3229 272.
793 3147 830 3207 C.
847 3146 964 3228 penult.

422 3228 506 3289 ibid.
520 3226 589 3311 [14,
612 3227 677 3311 12.]
704 3228 761 3308 τῆς
782 3220 875 3309 ἁγίας
897 3229 1027 3312 Σοφίας.
1069 3227 1357 3292 Celeberrimahaec
1371 3247 1411 3288 ec·

339 3308 431 3372 clesia
447 3312 636 3393 superiorum
651 3322 821 3393 temporum
840 3323 871 3373 et
891 3313 981 3375 huius
998 3312 1097 3375 adhuc
1110 3312 1304 3391 miraculum,
1326 3310 1412 3373 nemi·

340 3393 373 3453 ni
396 3393 484 3455 saeile
507 3404 645 3455 veterum
666 3396 845 3476 scriptorum
868 3396 1104 3458 recentior-amre
1127 3397 1338 3456 ltineratomun
1354 3413 1411 3453 uon

340 3486 507 3537 munerata
526 3475 595 3537 tint.
634 3477 763 3561 Copiose
779 3485 959 3539 strucmram
979 3489 1010 3539 et
1026 3478 1278 3561 magnificentiam
1292 3477 1357 3537 eius
1370 3496 1411 3536 ex·

340 3560 434 3617 sensti
452 3558 576 3619 fuerunt
594 3558 707 3620 Paulus
726 3559 913 3621 Silentiarius
934 3562 966 3621 in
988 3560 1153 3642 Ecphrasi,
1188 3571 1218 3622 et
1236 3561 1265 3621 iu
1281 3562 1360 3621 uotis
1376 3555 1411 3617 ad

340 3658 408 3699 eam
430 3640 481 3700 Du
503 3640 625 3722 Gange,
650 3644 724 3703 item
741 3643 779 3721 L.
801 3642 860 3703 111.
887 3642 977 3704 CPlis
998 3642 1196 3705 Christianae.
1238 3644 1272 3703 S.
1288 3640 1412 3725 Sophiae

340 3723 464 3782 nomine
491 3742 553 3782 non
577 3733 680 3785 mnata
705 3725 856 3808 qtraedam
882 3726 1073 3808 martyrissa,
1106 3726 1218 3807 Sophia
1239 3724 1337 3803 dicta,
1363 3720 1411 3782 sed

342 3804 426 3865 lesus
449 3803 604 3884 Christus,
635 3805 686 3867 dei
714 3808 878 3888 sapientia,
907 3809 1029 3871 Graecis
1048 3808 1277 3892 designabatur,
1303 3818 1339 3867 nt
1359 3802 1412 3885 ipsi

341 3883 471 3963 volunt,
506 3898 559 3949 aut
584 3890 700 3971 accepit
722 3910 759 3951 ea
778 3890 901 3953 ecclesia
924 3890 957 3951 id
977 3912 1107 3967 nomeu,
1136 3890 1220 3973 qnod
1241 3901 1344 3953 sancta
1366 3886 1411 3947 dci

342 3969 798 4115 ffllfilifflfflbim
820 3974 877 4034 Dei
895 3975 981 4117 bribea
1001 3973 1179 4050 doceretur3
1207 3982 1309 4070 etant
1352 3986 1412 4111 eli?

433 4073 465 4113 sn
641 4073 647 4087 ¹
710 4074 785 4115 esras
954 4078 991 4117 us
1014 4076 1032 4116 a
1065 4076 1104 4117 ue
1241 4074 1305 4115 issu
1388 4072 1411 4109 ι·

343 4134 453 4209 candi,
490 4154 625 4218 omnes,¹
654 4146 735 4199 certe
766 4066 924 4220 inmolmllelsl,r
944 4066 1065 4223 ubiqull
1094 4064 1242 4201 {oilla-tlt
1256 4134 1412 4199 audiebant
