2975 4892
318 279 402 392 766
529 307 585 368 ιο.
612 301 694 368 mc.
723 303 868 368 austu
900 297 1185 366 corruerimus
1234 333 1238 338 ·

315 462 419 525 Nostri
431 459 516 524 locus
527 483 560 544 p.
575 458 647 545 ἆρά.
662 461 697 522 C.
711 461 759 540 8.,
783 460 835 521 ubi
852 461 882 521 in
897 459 1027 542 qondam
1043 481 1113 522 arca
1123 459 1235 522 dicitur
1248 467 1397 525 asservari

314 547 431 606 Bardae
457 546 591 608 Caesaris
620 543 751 604 maxilla.
799 545 882 624 Ergo
910 553 1007 603 totum
1037 565 1146 626 corpus
1170 546 1237 607 eins
1263 547 1395 609 relatum

314 630 409 690 CPlin
429 649 492 688 non
512 632 586 695 luit,
614 628 718 688 sedin
750 625 817 686 loco
855 626 907 686 illo
929 624 1133 704 tumulatum,
1163 627 1218 688 nbi
1239 629 1394 692 oonlim

315 713 373 774 suit
393 712 517 774 Bardas.
560 710 688 772 Gerebat
705 712 786 780 enim
807 709 943 784 ratione,
977 711 1008 770 io
1037 711 1170 772 eiusdem
1196 711 1309 793 templi
1338 717 1393 774 alio

313 797 438 878 quidem
457 794 525 856 loco
544 815 653 892 corpus
672 793 806 853 eiusdem
828 796 902 866 viii,
934 791 994 852 alio
1024 805 1125 853 autem
1146 792 1308 856 maxillam
1338 795 1394 857 lm·

315 901 410 940 mare.
454 879 548 938 Malui
569 879 660 958 igitur
680 879 709 935 in
732 877 848 936 Latinis
869 873 1008 936 lacunam
1027 875 1210 960 relinquere,
1231 899 1331 960 quam
1351 883 1394 940 in·

314 974 411 1024 certas
432 961 616 1022 coniecturas
632 959 715 1020 dare.

398 1046 439 1103 D.
454 1043 510 1105 ult.
542 1041 632 1126 [642
658 1039 725 1123 om]
754 1032 926 1101 α’πάκειται.
976 1039 1050 1101 Post
1076 1040 1134 1102 hoc
1169 1041 1306 1104 verbnm
1337 1057 1398 1106 erat

317 1145 446 1190 vacuum
468 1129 597 1208 spatium
611 1127 700 1184 unius
721 1144 836 1184 versus.
881 1121 923 1183 At
936 1121 1023 1204 plura
1037 1123 1147 1195 deesse,
1168 1137 1252 1206 potet
1274 1148 1314 1187 ex
1335 1149 1398 1188 am·

316 1213 411 1272 bobus
433 1208 592 1290 catalogis,
619 1227 750 1290 qnorum
771 1207 821 1264 Du
838 1205 1008 1286 Congianus
1029 1205 1102 1266 haec
1113 1207 1226 1287 babet,
1244 1219 1263 1269 a
1287 1212 1399 1292 qnibm

315 1293 383 1354 AB.
405 1311 498 1373 paene
518 1313 580 1352 non
603 1291 739 1352 disredit.
781 1286 901 1348 Scilicet
920 1299 987 1368 post
1008 1288 1116 1350 factam
1137 1293 1326 1352 memoriam
1353 1315 1400 1353 nr-

314 1397 369 1436 cae
388 1375 516 1454 Annae,
542 1394 621 1457 quae
643 1374 701 1434 fuit
719 1372 781 1434 lilia
802 1371 912 1431 Leonis
932 1383 962 1432 et
983 1373 1075 1447 zoes,
1106 1375 1207 1434 metim
1237 1375 1400 1460 subiungit

315 1457 390 1519 baec
407 1457 495 1518 DQ:

349 1547 460 1638 Ἕτέρα
481 1549 617 1638 λάρναξ,
637 1555 673 1618 ἐν
691 1543 715 1637 ᾗ
733 1548 894 1614 detractat
917 1543 1095 1636 Νικηφόρος
1115 1547 1134 1613 ὅ
1156 1553 1319 1628 Φωκάς.““

349 1649 460 1736 Ἕτέρα
479 1652 612 1737 λάρναξ,
635 1641 709 1739 ἕνῇ
732 1647 894 1714 αἀάκειται
915 1647 1050 1735 Μιχαὴλ
1070 1646 1088 1711 ὅ
1107 1646 1323 1736 Ἀμορραῖος.

349 1751 461 1836 Ἑτέρα
480 1747 617 1834 λάρναξ,
637 1741 716 1833 ivel
734 1741 900 1812 άαάκειται
912 1743 1072 1826 Ῥωμανάς
1091 1743 1110 1811 ὅ
1129 1745 1199 1823 υἱὸς
1219 1754 1400 1818 Komar·

397 1851 483 1914 τίνοο
498 1851 554 1912 τοῦ
565 1843 871 1946 Πορραρογεννήτου
891 1843 908 1908 ά
921 1843 1084 1925 λεγόμενος
1097 1841 1257 1911 rollolis
1277 1853 1399 1914 παιδά.

309 1923 449 1997 Ἔοαθεν
476 1934 535 1994 τοῦ
560 1933 659 1994 ου’του
692 1932 770 1994 ναοῦ
805 1925 897 2010 ἑτέρα
932 1926 1073 2010 λάρναξ,
1105 1929 1139 1991 ἐν
1179 1921 1200 2014 ᾗ
1230 1924 1398 1996 ἀπόκειται

317 2011 588 2087 Κωνσταντῑνοςό
610 2013 913 2096 Πρρφορογέννητος
933 2008 950 2073 ὁ
973 2007 1111 2092 α’δελφάς
1130 2015 1188 2072 τοῦ
1208 2016 1396 2096 Βοολγιρο-

317 2091 470 2240 κτάνοο.Κ
481 2097 581 2240 [pedit
600 2097 664 2240 Ap,
685 2087 780 2199 oripo!
795 2093 889 2192 elota]
900 2091 940 2238 ὅὶ
962 2089 1027 2154 viai
1043 2093 1291 2200 :Papaveri'roo'
1314 2103 1398 2200 layo:

315 2179 416 2335 titt
435 2197 1262 2339 ..Allsstt‘tta{tilitattlttttttf't
1292 2199 1343 2254 “⁶
1364 2201 1398 2243 ‘⁰

315 2344 406 2423 Quod
426 2346 458 2404 in
486 2343 534 2404 his
562 2354 790 2404 monumentum
819 2343 946 2403 Romani
969 2355 1157 2420 recensetur,
1188 2346 1324 2406 miramo
1345 2346 1398 2422 fui,

270 2451 278 2468 ν
313 2436 471 2508 postquam
491 2427 531 2488 Τ.
547 2427 588 2486 11.
632 2426 782 2487 Itinerarii
799 2425 944 2506 Sponiani
959 2423 1018 2506 legi
1037 2446 1070 2506 p.
1090 2425 1135 2486 15.
1155 2431 1308 2487 versionis
1324 2431 1398 2489 Ger·

199 2561 203 2570 .
314 2509 511 2589 manicae,S
552 2510 636 2570 oium
658 2510 689 2569 in
712 2509 948 2571 monasterias·
975 2509 1074 2568 Lucae
1103 2511 1183 2568 inter
1200 2509 1348 2592 Delphos
1372 2523 1401 2572 et

312 2591 454 2671 Thebas,
493 2613 511 2652 a
564 2595 623 2654 isto
656 2593 794 2653 Romano
829 2592 971 2665 condito,
1007 2591 1115 2667 uidisse
1144 2593 1283 2672 sepulcra
1317 2595 1400 2672 dno,

314 2695 411 2736 unum
437 2697 472 2736 ex
493 2675 711 2736 monachorum
730 2674 890 2734 traditione
911 2675 1042 2734 Roaiam'
1049 2674 1149 2756 Imp„
1168 2673 1239 2758 fita·
1254 2677 1402 2736 (hamam

314 2761 372 2821 (zizi
391 2759 486 2834 VIL,
504 2748 616 2841 nepotis
636 2758 764 2834 Leonis,
785 2755 916 2827 alterum
935 2758 1035 2818 uxoris
1055 2757 1130 2816 eius.
1173 2757 1292 2818 Ibidem
1315 2759 1403 2819 affert

314 2841 444 2922 Sponius
465 2843 689 2922 inscriptionem
701 2843 848 2900 Graecam
869 2839 999 2922 duopum
1020 2859 1161 2900 versuum
1182 2841 1401 2920 iambioorum,

316 2923 574 3005 Constantinopoli
595 2946 613 2984 a
634 2944 666 2983 se
685 2933 890 3003 conspectam,
913 2943 1004 3003 quam
1024 2931 1113 3004 putat
1132 2923 1171 2982 ad
1194 2923 1273 2984 illud
1293 2945 1402 2984 mona·

315 3011 440 3066 sterium
460 3010 626 3087 respicere;
647 3026 709 3087 quo
729 3008 814 3082 iure,
836 3008 898 3086 ipse
916 3005 1039 3090 rident.
1081 3005 1185 3083 Quum
1204 3017 1308 3066 tamen
1332 3006 1402 3068 nul·

316 3087 371 3150 libi
399 3090 522 3150 dicatur
541 3110 560 3149 a
579 3089 774 3169 scriptoribus
795 3091 949 3148 Romanus
970 3088 1045 3148 CPli
1066 3089 1243 3164 excessisse,
1264 3090 1320 3149 sed
1345 3093 1403 3149 ibi-

315 3171 385 3232 dem
405 3173 486 3230 diem
506 3192 595 3237 suum
616 3193 792 3252 supremum
814 3171 942 3244 obierit,
963 3169 1120 3252 probabile
1140 3183 1196 3246 est,
1222 3171 1316 3231 firnus
1337 3175 1403 3232 eius

314 3255 347 3313 in
366 3252 498 3314 tumulos
519 3256 668 3314 maiorum
690 3253 806 3314 illatum
827 3253 932 3324 fuisse,
956 3274 1128 3335 merumque
1148 3275 1213 3314 esse
1234 3255 1402 3314 monacha-

316 3335 377 3398 lem
397 3336 529 3397 sabulam
550 3359 635 3411 eam,
667 3359 758 3418 quarn
779 3337 891 3418 Sponio
911 3337 1105 3396 obtruseront
1124 3337 1281 3398 Graeculi.
1336 3353 1342 3360 ·

378 3421 451 3501 57²·
472 3417 513 3478 A.
531 3421 563 3481 3.
594 3417 680 3503 [6άῴ
701 3421 748 3501 5.]
775 3415 1008 3480 ’lavaremus
1058 3413 1218 3561 *ἑΝενρός
1240 3420 1400 3479 lastiniani

316 3499 455 3562 inventus
483 3511 527 3561 est
557 3523 577 3576 a
605 3503 740 3579 Latinis,
774 3521 830 3562 nec
857 3504 878 3560 ii
911 3521 1019 3561 manus
1051 3523 1068 3560 a
1114 3521 1150 3560 eo
1171 3500 1399 3562 abstinuerunt.

315 3579 440 3666 Fragm.
462 3584 561 3644 Nicet.
581 3585 677 3645 Chon.
700 3584 782 3666 apud
804 3583 925 3644 Fabric.
942 3583 1021 3644 Bibl.
1038 3587 1093 3644 Gr.
1106 3584 1147 3643 T.
1163 3584 1222 3644 Vl.
1245 3605 1277 3666 p.
1293 3583 1400 3666 l⁰⁵l⁸

398 3667 440 3725 A.
456 3665 487 3725 6.
509 3665 654 3750 [6445]
673 3663 825 3746 Ὀοτράτη.
852 3665 941 3725 ·Vid.
968 3667 1124 3727 Constant.
1146 3667 1214 3726 vit.
1246 3667 1337 3726 Basil-
1389 3709 1400 3728 .

316 3763 387 3804 201.
431 3749 554 3808 Dictum
568 3749 688 3810 videtur
702 3749 762 3809 boc
782 3728 875 3830 penus
907 3751 1065 3810 marmoris
1090 3739 1274 3826 ιὼὌατρος
1303 3689 1402 3812 efg-

214 3851 217 3855 ²
314 3845 441 3904 στρους,
462 3829 529 3890 loco
551 3833 581 3891 io
603 3833 735 3914 Phrygia
757 3831 911 3908 salutari,
933 3831 997 3891 vid.
1018 3829 1150 3892 Hierocl.
1172 3829 1353 3915 Syoecdem.
1368 3853 1402 3914 p.

314 3905 387 3989 676.
411 3921 441 3970 ct
464 3911 506 3970 ibl
529 3913 593 3973 Cel.
614 3915 858 3994 Wesseliugium.

398 3993 439 4051 A.
456 4015 486 4074 7.
506 3994 595 4072 [64⁴ss
608 3996 654 4078 6.]
672 3993 900 4077 Ἶερααολάτοο.
944 3995 995 4056 Ab
1017 3995 1192 4079 Hierapoli,
1216 3996 1294 4057 urbe
1306 3997 1402 4077 Phry·

315 4076 401 4216 piae,
433 4077 496 4134 sive
521 4077 685 4152 Salutaris,
715 4082 778 4140 sive
807 4080 985 4142 Pacatianae
1018 4079 1115 4139 malis.
1165 4081 1243 4138 Nam
1271 4090 1400 4158 utraque

343 4154 450 4241 haygia
464 4158 646 4244 Hierapolio.
661 4162 786 4240 habuit,
817 4163 881 4224 vid.
897 4160 1027 4247 Wessel.
1049 4162 1070 4222 l.
1087 4185 1115 4229 c.
1128 4181 1168 4245 p.
1181 4161 1254 4224 6s5.
1277 4175 1308 4222 et
1325 4159 1401 4242 676.
