2975 4892
148 255 224 356 'lu
253 289 476 358 consrsnr.
504 294 653 360 ronna.
680 297 735 359 ua
757 295 893 362 casm.
923 299 997 364 ns.
1028 303 1068 364 11.
1097 249 1182 388 607

655 445 662 462 Ι

116 450 163 510 siis
181 458 211 508 et
236 445 437 508 nffiunalibus
459 447 573 528 positos
673 447 832 510 intervalla
859 469 984 534 magnos
1000 451 1113 536 lapides
1134 477 1185 518 ru-

116 531 241 605 tundus,
264 531 294 590 in
315 529 425 614 quibus
444 541 536 591 statas
555 467 692 592 wlierne
711 533 853 596 stationes
873 545 927 595 aut
946 538 1076 598 actiones
1097 561 1186 620 pera-

113 615 240 698 gebant,
261 634 337 694 quos
357 613 460 673 Latini
489 627 569 674 rotas
600 625 631 674 et
651 614 781 688 billr'cos,
805 617 913 694 (idest
939 619 1107 703 corruptela
1128 643 1184 682 vo-

114 702 153 758 cis
171 696 343 778 ambitium)
364 708 527 780 utrumque
545 719 563 756 a
584 697 780 776 rotunditate,
791 698 899 759 Graeci
920 695 1063 782 ὅμφάλια
1083 705 1185 786 appel-

114 781 233 856 labant3
253 778 336 838 unde
355 800 475 863 quoque
494 782 560 862 ipss
578 777 752 858 tribunalia,
772 783 804 840 in
866 781 935 844 ibus
955 783 1029 846 tales
1052 805 1185 848 marmo-

113 885 176 924 reae
193 875 276 924 rotae
310 864 461 940 iacerent,
489 875 570 922 rotas
595 863 746 924 dicebant.
791 803 915 926 Cdidbm
938 877 969 926 et
988 869 1101 929 nemini
1120 891 1183 932 non

112 958 210 1006 notum
229 946 343 1007 Romae
369 944 515 1005 iudicium
542 945 620 1005 Rota
649 945 785 1022 dictum;
806 968 837 1008 v.
861 946 912 1008 Du
934 949 1035 1032 Gange
1054 971 1086 1012 v.
1107 953 1184 1014 iloto

112 1041 140 1089 et
157 1029 288 1090 Billicus.
332 1027 478 1110 llgnellus
498 1027 638 1090 Pontific.
653 1050 684 1109 p.
697 1028 749 1091 68.
764 1029 823 1092 D.:
845 1032 967 1116 quatiam
980 1034 1090 1109 dicauit,
1104 1036 1187 1120 quod

112 1115 172 1196 s'psa
202 1111 296 1172 Galla
320 1111 462 1173 Floralia
477 1109 610 1192 Aegrum
630 1133 718 1194 seper
742 1126 869 1198 quantor·
885 1127 965 1176 rotas
983 1117 1086 1176 rubeos
1100 1139 1184 1178 nur-

111 1217 239 1268 moreos,
260 1215 339 1279 quoe
359 1207 426 1256 sunt
449 1207 518 1254 ante
549 1193 717 1255 nomiliam
736 1198 852 1276 regios,
877 1199 992 1258 iubebat
1004 1219 1115 1282 ponere
1134 1223 1183 1262 oe-

111 1292 240 1340 reostatas
264 1299 331 1336 cion
358 1277 522 1338 mmmclia.
580 1277 683 1338 Etiam
701 1280 825 1339 circulos
845 1279 1036 1364 appellabant
1053 1282 1109 1344 hos
1136 1283 1183 1346 la·

110 1361 197 1442 pides.
239 1361 330 1420 luvat
355 1359 406 1421 bic
444 1358 614 1421 adscribere
642 1360 736 1421 verba
762 1363 881 1446 losephi
909 1363 1044 1424 Catalani
1065 1385 1082 1426 e
1102 1367 1182 1428 notis

111 1441 224 1505 eiusad
245 1443 408 1526 Augustini
430 1441 553 1504 Patricii
568 1441 775 1542 ceremoniale
796 1446 844 1506 tit.
869 1445 960 1544 1133.
982 1469 1028 1508 rr.
1053 1449 1092 1545 ad
1110 1452 1179 1510 ista:

105 1525 1181 1697 ttffisslidtmffltttlttittzalliis

108 1691 386 1754 vimentoBasilioae
398 1693 564 1753 Vaticanae
579 1694 709 1774 positus,
721 1692 956 1775 designabatque
975 1693 1048 1756 olim
1062 1694 1179 1776 locum,

108 1779 137 1837 in
154 1799 212 1860 quo
229 1777 398 1837 functiones
413 1775 562 1857 quaedam
576 1775 746 1856 apontilice
774 1777 1002 1859 peragebantur.
1042 1777 1180 1844 Circulos
1215 1831 1218 1838 ,

108 1861 157 1922 iste
174 1860 401 1944 porphyreticus
418 1861 510 1919 etiam
522 1859 730 1942 appellabatur
754 1870 820 1920 rota
841 1859 1054 1944 porphyretica
1073 1863 1103 1922 in
1122 1862 1180 1925 hoo

107 1945 203 2005 eodem
229 1953 336 2004 nostro
354 1940 576 2018 Ceremoniali,
603 1953 633 2004 et
669 1940 759 2023 longe
780 1953 851 2003 ante
869 1943 981 2004 Cencio
1006 1943 1180 2008 Camerario

108 2029 136 2086 in
156 2027 268 2088 Ordine
293 2024 430 2086 Romano
463 2025 537 2085 ΧΠ.
560 2045 627 2105 cap.
649 2023 697 2107 39.
726 2045 759 2084 n.
781 2023 834 2102 64.
886 2024 999 2086 Extant
1027 2026 1179 2108 hodieque

107 2108 268 2172 huiusmodi
288 2106 403 2190 lapides
417 2106 620 2190 porphyretici
640 2128 702 2168 non
726 2107 818 2168 modo
840 2110 873 2169 in
898 2111 962 2190 ipsa
980 2107 1102 2170 basilica
1115 2111 1180 2172 Va·

107 2194 210 2270 tioana,
241 2190 294 2252 sed
324 2191 413 2251 etiam
443 2193 475 2250 in
492 2189 558 2250 aliis
590 2192 700 2251 nostris
727 2191 874 2268 ecclesiis,
903 2192 942 2254 de
960 2194 1063 2274 eisque
1081 2193 1179 2255 videri

107 2277 176 2338 inter
191 2275 264 2338 alios
284 2284 384 2356 potest
400 2266 536 2333 erudiius
560 2271 718 2354 Turrigius
735 2274 774 2333 de
800 2277 913 2357 cryptis
936 2275 1091 2336 Vaticanis
1106 2297 1174 2359 cap.

107 2357 146 2419 8?
183 2361 336 2421 Hactenus
352 2355 523 2416 Catalanus.
564 2355 724 2416 Habebunt
744 2377 835 2438 porro
853 2355 927 2418 alios
945 2356 1058 2440 lapides
1080 2360 1111 2419 in
1132 2381 1176 2420 eo·

105 2441 191 2504 clesiis
212 2442 291 2502 etin
320 2437 524 2500 tribunalibus
543 2439 719 2521 quadratos,
744 2439 775 2498 in
797 2439 906 2520 quibus
930 2441 1071 2501 standum
1087 2451 1174 2520 erat,

105 2521 959 2686 tll‘.s.ll{'s.‘¹³⁰‘ss³r,tillitllittiatti:
976 2543 1175 2668 utilit}

104 2686 251 2767 ποταμούς
268 2689 388 2764 dictos,
405 2687 553 2773 fhwsbs‚‘
577 2686 626 2747 vel
652 2708 672 2746 a
698 2706 846 2747 venarum
879 2687 1024 2748 undulato
1045 2688 1173 2750 decursu

104 2763 240 2848 naturali,
273 2769 324 2831 vel
349 2770 388 2830 ab
413 2782 478 2831 arte
504 2770 589 2830 factis
618 2767 834 2846 incisionibus,
865 2769 1038 2831 canaliculis
1053 2791 1115 2830 non
1141 2775 1172 2833 in
1290 2817 1292 2826 .

103 2851 179 2916 lineis
200 2858 311 2928 rectis,
344 2851 397 2913 sed
416 2853 549 2913 undante
570 2863 657 2912 motu
691 2851 935 2934 procedentibus.
977 2853 1019 2934 Et
1033 2865 1068 2914 ut
1084 2865 1173 2916 antea

103 2934 305 3017 Imperatorem
325 2947 379 2996 aut
398 2957 483 2996 sacra
498 2935 637 2996 tribunae
655 2933 834 2996 adoraturus
849 2945 897 2994 ter
909 2933 1059 3012 debebat,
1079 2935 1172 2998 semel

103 3038 199 3102 nempe
219 3025 250 3081 in
271 3018 396 3099 singulis
412 3018 562 3079 umbilicis
579 3041 634 3102 per
645 3027 728 3078 certa
740 3016 899 3080 intervalla
916 3017 1077 3100 dispositis,
1098 3041 1171 3102 pro-

102 3101 209 3165 cidere:
231 3107 273 3164 ita
292 3101 432 3183 deinceps
452 3099 602 3162 debebant
616 3101 655 3161 ad
671 3121 756 3161 sacra
777 3100 951 3162 accedentes
971 3093 1051 3161 sorni
1074 3121 1171 3162 noru-

101 3178 155 3258 μὰν
170 3188 366 3268 προσκυνεῖν,
383 3187 414 3244 in
439 3205 621 3266 unoquoque
635 3181 728 3246 fluvio
747 3183 859 3260 semel,
881 3181 972 3244 idest
993 3185 1026 3242 in
1048 3186 1171 3244 univer-

101 3288 158 3328 snm
183 3281 228 3330 ter
252 3273 335 3348 (nam
356 3269 435 3327 terni
457 3264 543 3328 lluvii
565 3276 651 3328 erant
666 3266 698 3325 in
730 3265 868 3349 tribuna)
897 3265 1064 3350 procidere.
1095 3267 1168 3328 Vid.

100 3349 263 3413 Pontificale
283 3349 408 3411 liuberti
428 3371 459 3433 p.
485 3371 536 3433 ap.
549 3348 582 3410 C.
600 3371 632 3432 7.
641 3393 653 3422 ,
675 3349 728 3409 ubi
749 3369 809 3408 nou
832 3359 911 3410 recte
942 3347 1078 3408 redditur
1098 3350 1169 3410 liix-

102 3445 128 3493 ta
149 3434 280 3516 sirmiam
302 3433 442 3492 adorare.
483 3433 569 3498 Confi
584 3454 617 3513 p.
644 3450 673 3490 a.
692 3431 725 3492 B.
758 3431 890 3492 eiusdem
914 3429 1109 3491 pontificalis.

154 3517 222 3579 303.
245 3518 286 3578 A.
306 3516 336 3577 5.
358 3513 446 3598 [saa
461 3513 506 3598 4.]
534 3521 646 3594 χεῖρας
674 3509 844 3590 δεδεμένας
872 3507 1008 3591 ἔχοντες.
1060 3511 1170 3576 Varias
1210 3516 1213 3528 “

101 3616 233 3662 manuum
255 3598 485 3680 compositiones
517 3608 614 3680 potest
645 3596 718 3657 haec
751 3595 843 3657 dictio
867 3594 1043 3677 significare.
1091 3595 1168 3658 Nam

101 3694 212 3758 possunt
234 3687 340 3764 χεῖρες
361 3679 525 3758 δεδεμέναι
544 3701 609 3742 esse
628 3699 736 3739 manus
757 3679 789 3739 in
809 3680 955 3756 dorsum,
977 3673 1168 3760 ὄπισθαγκη-

102 3757 150 3824 tir
169 3769 295 3827 reiectae
318 3775 348 3826 et
366 3763 545 3824 decussatim
565 3765 608 3823 sic
636 3763 772 3846 positae,
797 3772 833 3822 ut
847 3781 967 3824 crucem
985 3760 1018 3822 S.
1045 3761 1168 3822 Andre-

102 3864 132 3904 ae
149 3847 255 3909 dictam
293 3847 440 3920 referant,
469 3844 520 3907 vel
555 3845 648 3906 talem
671 3865 817 3906 manuum
845 3857 915 3907 ante
941 3854 1045 3926 pectus
1074 3843 1167 3906 veluti

103 3930 351 4003 cancellationem,
375 3929 423 3990 vel
450 3927 615 4011 digitorum
642 3928 800 4010 utriusque
827 3949 934 3990 manus
961 3938 1098 3988 mutuam
1119 3925 1168 3987 ἐν·

103 4008 245 4094 αλλάγδην
277 4014 505 4075 consertionem.
548 4013 597 4072 De
615 4022 686 4072 utro
704 4009 815 4072 borum
833 4009 974 4095 loquatur
994 4011 1054 4071 Dio
1069 4008 1167 4070 Cassi-

103 4110 133 4150 ns
149 4115 178 4175 p.
198 4117 284 4180 ¹¹²7·
306 4095 356 4158 53.
377 4095 416 4158 de
436 4093 541 4178 legatis
558 4093 702 4157 Decebali
723 4093 844 4155 dicens:
867 4089 907 4155 τὰ
928 4087 1050 4154 dulces
1071 4111 1167 4153 κατα-

103 4172 196 4252 θέντες
214 4178 360 4262 συνῆψαν
390 4171 447 4250 τὰς
475 4182 587 4261 χεῖρας
607 4175 642 4240 ἓν
663 4169 877 4256 aimelricus
896 4169 1033 4259 σχήματι
1051 4173 1107 4236 καί
1125 4207 1166 4220 -·
