2975 4892
325 266 382 371 40
528 292 583 355 ιο.
615 289 695 355 iic.
728 291 874 354 auisru
910 284 1193 354 commuuinu

324 446 450 529 Papiam
473 442 680 521 sacerdotem3
711 440 860 525 probabili
887 442 1007 526 quidem
1020 444 1198 518 sententia,
1228 452 1413 524 mgumento

325 540 427 591 autem
444 528 500 589 isto
517 527 681 589 admodum
693 525 804 602 debili,
827 536 880 586 aut
892 526 989 607 potius
1003 524 1100 585 nullo.
1142 526 1219 585 Nam
1233 524 1343 607 Papiae
1354 546 1415 585 no·

296 618 299 625 '
322 633 395 675 men
414 632 477 672 non
499 632 518 671 a
536 611 637 692 Papa,
661 608 833 687 sacerdote,
860 608 990 671 derivari
1009 606 1117 687 debet,
1140 608 1324 689 originemve
1343 618 1416 669 tra-

325 712 389 789 xit,
415 709 468 770 sed
489 709 529 770 ab
549 709 681 771 Arabica
700 730 774 769 voce
794 693 846 779 vl·
867 710 957 792 Pap,
982 720 1091 791 porta,
1115 718 1147 768 et
1167 706 1237 769 inde
1259 706 1416 790 producto

325 808 448 893 gentili,
468 792 535 893 &tl
555 812 652 893 Papi,
684 811 805 871 imitor.
847 809 925 871 Erat
934 808 1015 868 enim
1025 808 1134 890 Papias
1155 808 1265 868 ianitor
1282 805 1414 889 palatii,

325 919 357 970 et
368 897 494 973 carceris
513 906 649 991 palatini.
691 908 803 991 Negare
821 900 930 968 tamen
942 904 1036 968 nolim
1056 928 1127 968 eum
1139 906 1228 967 fuisse
1240 906 1279 967 de
1293 904 1417 967 clericis

325 991 484 1075 palatinis3
510 993 584 1074 quin
603 992 682 1053 forte
701 1003 908 1073 caputeorum
921 990 1023 1051 fuerit.
1066 989 1158 1065 Quod
1170 991 1228 1050 sin
1264 1010 1316 1066 es,
1342 1009 1414 1049 non

325 1075 416 1137 video
433 1096 495 1158 qua
514 1076 632 1137 ratione
642 1076 773 1156 potuerit
793 1074 919 1157 Papias,
946 1073 1028 1155 quod
1046 1094 1065 1133 a
1077 1072 1184 1133 Nostro
1197 1074 1235 1133 L.
1266 1073 1293 1131 1.
1308 1092 1336 1131 c.
1355 1090 1411 1131 ιι.

324 1178 358 1241 p.
371 1158 442 1241 517.
455 1159 491 1218 C.
510 1178 537 1218 ι.
551 1158 682 1234 dicitur,
709 1158 742 1219 S.
766 1178 886 1219 crucem
905 1177 940 1217 ex
959 1156 1032 1217 aede
1056 1154 1189 1237 palatim
1213 1154 1414 1236 depromere,

325 1241 573 1322 circumgestam
593 1240 752 1301 adoratum
765 1262 799 1301 ex
839 1260 927 1317 nere,
947 1260 1051 1300 rursus
1063 1258 1226 1321 reponere,
1254 1235 1417 1297 secludere

326 1333 357 1382 et
368 1344 521 1402 reserare,
547 1344 638 1405 quam
655 1335 785 1384 tractare
817 1327 956 1385 ai'conon
977 1320 1097 1382 licebat.
1139 1322 1318 1403 Possetep.
1337 1316 1412 1397 ¹43·

325 1406 364 1467 Β.
379 1404 410 1466 5.
433 1406 548 1483 etidss.
570 1407 607 1466 C.
620 1405 652 1467 8.
674 1406 813 1469 concludi
839 1406 964 1487 Papiam
986 1404 1170 1465 sacerdotem
1194 1403 1304 1481 fuisse,
1336 1402 1417 1483 quia

326 1487 370 1547 ibi
383 1488 494 1573 dicitur
506 1491 536 1549 in
549 1488 675 1549 solemni
694 1510 853 1571 procerum
874 1498 1046 1565 conventu,
1073 1487 1203 1548 instante
1223 1483 1349 1546 alicuius
1365 1482 1416 1559 ,ad
1466 1500 1467 1507 ¹

326 1572 517 1653 patriciatum
537 1572 743 1653 promotione,
768 1569 961 1633 thuribulum
972 1592 1026 1653 per
1047 1569 1257 1631 consistorium
1282 1568 1416 1627 circum-

328 1653 407 1714 ferre
419 1666 451 1715 et
469 1656 642 1734 incensare,
669 1655 727 1715 nisi
748 1676 783 1715 ex
804 1655 908 1718 addito
930 1654 984 1737 ipsi
1005 1662 1229 1730 mensuratore,
1254 1651 1307 1733 qui
1328 1659 1417 1711 certo

164 1768 172 1781 ’
192 1745 278 1801 ΕΜ..
290 1740 438 1799 atcertius
450 1736 575 1798 clericus
593 1736 747 1814 nonfuit,
776 1746 945 1816 constaret,
971 1756 1033 1796 non
1056 1734 1245 1818 religiosam,
1270 1732 1323 1795 sed
1340 1746 1420 1813 pro³

327 1818 450 1897 sanam,
487 1819 746 1902 pompaticamque
772 1819 1043 1901 suffumigationem
1071 1818 1112 1879 ibi
1139 1817 1302 1900 designari.
1345 1815 1420 1875 Non

326 1902 435 1963 dubito
447 1924 567 1984 quoque
580 1914 723 1963 castratos
735 1902 815 1964 solos
827 1902 917 1963 fuisse
930 1901 1002 1963 huic
1014 1902 1132 1962 muneri
1145 1900 1282 1961 admotos
1295 1940 1304 1976 ,
1331 1908 1418 1959 certe

327 1984 517 2046 Constantini
529 1986 624 2045 nostri
636 1996 781 2066 tempore.
823 1986 956 2045 Mutatos
968 1986 1050 2045 enim
1070 2004 1168 2045 mores
1187 2004 1257 2045 cum
1269 1982 1420 2061 tempori-

327 2067 386 2127 bus
402 2069 492 2128 fuisse
516 2088 634 2139 neccsse
658 2078 728 2144 est,
754 2069 780 2129 si
803 2088 911 2129 verum
935 2069 975 2129 sit
999 2066 1082 2150 quod
1107 2064 1290 2149 perhibent,
1324 2062 1418 2124 illum

330 2150 476 2211 loannem
496 2150 737 2228 Gatacucenum,
763 2151 815 2233 qui
837 2150 976 2232 deinceps
997 2142 1076 2233 lmp.
1097 2150 1237 2211 CPtunus
1257 2147 1336 2224 luit,
1360 2168 1421 2228 ge·

328 2242 447 2314 stasque
466 2256 485 2294 a
503 2254 534 2293 se
552 2253 667 2316 suoque
685 2244 820 2316 tempore
839 2256 886 2295 res
907 2232 1000 2295 literis
1019 2236 1171 2310 exaravit,
1204 2231 1291 2292 initio
1309 2248 1422 2291 rerum

328 2335 453 2375 suarum
463 2316 553 2376 friusa
565 2316 690 2397 Papiam
710 2328 740 2376 et
757 2316 941 2399 praefectum
962 2314 1120 2395 cubiculi,
1143 2336 1221 2398 quae
1237 2312 1327 2375 ambo
1341 2333 1421 2373 mu-

329 2418 403 2458 nera
424 2397 497 2459 olim
517 2402 636 2482 propria
657 2400 839 2481 spadonibus
861 2400 962 2477 fuere,
987 2399 1046 2459 fuit
1066 2409 1145 2460 certe
1166 2418 1263 2458 unum
1287 2416 1423 2473 eorum;

329 2501 428 2562 nerpse
439 2502 574 2565 unquam
587 2484 748 2544 coniuncta
763 2484 794 2543 in
809 2505 870 2544 uno
882 2482 1005 2543 bomine
1018 2482 1123 2543 eodem
1134 2491 1268 2561 tempore
1279 2478 1426 2541 luerunt·

329 2562 489 2624 Tribuitur
511 2577 615 2625 nostro
634 2564 701 2626 loco
726 2566 836 2649 Papiae
849 2565 955 2627 titulus
981 2566 1138 2649 geminus,
1165 2584 1289 2645 magnus
1310 2572 1340 2622 et
1358 2562 1424 2621 do-

330 2650 472 2708 mesticus.
514 2650 642 2729 Magnus
660 2649 783 2732 quidem
804 2648 972 2730 appellatur
984 2650 1047 2709 sive
1059 2657 1194 2730 respectu
1214 2646 1254 2705 ad
1266 2644 1424 2705 vicarium
1466 2650 1467 2659 ’

331 2740 385 2789 aut
409 2731 646 2792 secandicerium
671 2734 754 2809 eius,
795 2732 957 2793 Deuemm
986 2732 1121 2807 dictum,
1161 2730 1224 2789 sive
1249 2749 1284 2788 ex
1310 2728 1425 2787 innata

332 2812 453 2871 Graecis
465 2816 598 2874 vanitate
609 2813 660 2874 vel
671 2817 803 2875 minimis
821 2814 989 2897 quibusque
1009 2812 1204 2896 dignitatibus
1224 2806 1426 2890 πενιχραλά-

289 2950 298 2957 .
333 2891 388 2967 ζον
407 2914 496 2953 suum
514 2896 613 2974 μέγας
634 2907 665 2956 et
688 2898 813 2977 πρῶτος
836 2896 1057 2978 praeponendi,
1086 2916 1178 2979 quiam
1199 2895 1330 2954 riserunt
1351 2912 1424 2952 me-

331 2977 392 3035 rito
413 2978 496 3036 Goar
515 2988 546 3037 et
571 2979 693 3039 Gretser
713 2979 752 3039 ad
778 2980 928 3041 Codinum
951 2979 1071 3061 aliique.
1113 2976 1301 3039 Constantini
1323 2976 1428 3035 nostri

332 3068 430 3119 aetate
441 3070 543 3119 tamen
557 3058 607 3120 ille
628 3061 721 3123 fastus
743 3062 879 3143 nondum
898 3073 960 3123 tam
981 3062 1233 3143 intemperanter,
1260 3069 1428 3139 atquepo-

332 3151 416 3218 stes,
441 3143 641 3224 grassabattu.
678 3140 842 3218 Οἰκειακὸς
862 3156 963 3206 autem
976 3143 1163 3226 appellatur,
1190 3141 1273 3225 quod
1286 3161 1348 3200 non
1359 3160 1427 3220 pu-

332 3222 430 3285 blicae
443 3228 578 3286 minister
589 3229 651 3305 rei,
676 3229 875 3310 sed‘privatae
889 3229 1080 3311 Imperatoris
1099 3224 1231 3287 familiae
1251 3224 1428 3304 adscriptus

333 3309 560 3390 essetintraque
580 3310 724 3392 palatium
736 3332 881 3371 unacum
894 3313 1017 3371 caeteris
1037 3309 1151 3370 clericis
1169 3306 1308 3389 palatinis
1328 3304 1427 3365 habi-

333 3399 424 3450 taxet.
467 3392 581 3451 Omnes
593 3395 673 3453 enim
685 3395 764 3454 intra
778 3393 921 3477 palatium
934 3394 1124 3469 habitantes,
1149 3402 1180 3451 et
1199 3400 1313 3452 secreto
1326 3386 1427 3449 alicui
1466 3396 1467 3403 ’

334 3492 387 3532 seu
411 3492 546 3533 camerae
557 3496 619 3533 non
633 3478 792 3557 adscripti,
819 3476 871 3538 sod
891 3488 944 3537 aut
968 3476 1099 3557 corporis
1116 3474 1215 3550 sacri,
1241 3482 1295 3532 aut
1313 3469 1428 3552 palatii

336 3554 488 3613 custodiae
506 3559 693 3619 necessitatib
771 3582 787 3620 c
807 3561 947 3621 curandis
958 3559 1115 3639 deputati,
1140 3554 1187 3616 illi
1207 3575 1312 3616 omnes
1332 3534 1428 3615 drant

337 3630 487 3694 otxuanot
498 3639 670 3717 donrestici,
692 3582 944 3723 ἵῗῗΐαηιὶἰὶανεε.
987 3640 1093 3702 Clerici
1108 3638 1232 3721 palatini
1248 3636 1322 3697 olim
1333 3646 1423 3697 extra

336 3716 480 3799 palatium
503 3719 699 3799 babitabant,
724 3726 832 3786 deinde
852 3737 918 3807 post
938 3737 1071 3805 tempora
1093 3723 1202 3783 Leonis
1222 3720 1349 3780 Armeni
1372 3740 1423 3779 re·

337 3801 414 3880 cepti
428 3812 500 3861 suut
516 3804 594 3863 intra
614 3806 770 3887 palatium.
812 3808 902 3885 Quod
921 3809 1011 3867 ctiam
1031 3808 1063 3866 in
1084 3806 1176 3865 Curia
1193 3804 1340 3864 Francica
1362 3802 1424 3862 fuit

338 3881 550 3965 observatum,
574 3898 610 3947 ut
627 3903 742 3951 constat
761 3914 795 3951 ex
812 3894 864 3951 Du
883 3892 983 3972 Gange
1004 3912 1033 3950 v.
1056 3888 1297 3966 Ebrensosssmrii
1317 3906 1424 3965 regum

337 3966 506 4045 francae,
533 3969 585 4030 ubi
600 3974 670 4033 citat
688 3986 802 4035 veteres
818 3972 955 4050 chartas,
982 3971 1137 4054 inquibus
1156 3990 1292 4052 proceres
1309 3968 1422 4027 iuben-

337 4058 390 4109 tur
415 4060 497 4111 extra
522 4053 664 4134 palatium
687 4058 843 4133 babitare,
869 4058 997 4137 exceptis
1021 4052 1143 4115 custode
1166 4051 1279 4134 sigilli,
1305 4050 1426 4111 maiore
1466 4078 1467 4085 ¹

289 4146 294 4153 '
338 4129 463 4220 dumus,
483 4130 604 4204 ¹castrata
621 4140 811 4203 denariorum
821 4188 830 4218 ,
853 4160 904 4202 seu
929 4138 1026 4203 cilicio
1049 4137 1201 4213 thesauri,
1228 4132 1425 4219 Capellauis,
