2975 4892
210 337 265 406 an
296 337 550 407 trrmmrcma
577 337 652 403 na
682 342 710 402 a.
738 339 792 404 na
825 333 1020 406 mmor.
1087 307 1167 416 541

105 493 139 556 ad
151 493 314 557 iuncturam
328 491 447 556 homeri
463 501 495 554 et
512 491 662 575 scapulae,
739 511 805 552 rsus
816 501 851 554 ut
871 491 902 552 in
912 491 1034 554 Graecis
1046 499 1172 559 vetustis

105 577 201 659 palliis.
214 577 275 637 Per
291 577 366 638 haec
384 587 446 638 tam
458 574 520 636 alte
532 579 622 636 scissa
705 575 732 635 ‘a
747 573 796 636 vel
812 573 927 636 casulas
945 575 1101 638 commode
1113 579 1172 641 ha·

103 661 168 720 meri
186 659 413 735 exserebantur,
430 679 485 742 per
498 657 548 720 illa
565 657 658 720 altera
671 677 745 720 vere
767 660 866 718 minus
884 657 945 718 alte
964 661 1052 720 scissa
1072 661 1173 724 minua

105 742 267 822 commode3
290 740 419 802 debebat
459 744 540 804 enim
576 745 628 822 qui
659 761 764 802 manus
780 759 913 802 exserere
937 739 1028 802 vellet
1044 743 1173 824 palliam

103 823 228 886 attollere
254 835 285 886 et
309 824 420 886 libram
444 845 548 885 manu.
600 821 734 884 Pallium
763 821 824 882 tale
849 823 1032 908 quadratum
1072 827 1173 888 minus

103 907 154 968 alte
176 911 299 968 scissum
326 906 467 968 describit
499 909 626 968 loannes
661 909 781 966 Mussus
807 909 869 967 ita:
891 905 974 967 dara
1001 905 1172 972 didimeam

102 993 138 1048 ric
164 1005 244 1052 aerea
270 989 316 1070 [id
345 1001 390 1051 eat
417 989 507 1051 valde
539 985 638 1071 curta]
667 1001 734 1049 srvit
760 990 806 1049 att
825 1000 944 1050 imnum
1030 1011 1045 1048 a
1081 991 1173 1074 longa

102 1073 136 1132 de
150 1087 223 1134 retro
247 1087 277 1132 et
297 1071 336 1132 de
356 1086 459 1150 anteo,
478 1094 567 1157 qoam
585 1073 625 1134 de
640 1071 761 1152 gelono.
803 1013 921 1134 diarius
944 1092 963 1132 a
985 1069 1045 1132 hue
1063 1073 1171 1136 Mona·

102 1155 168 1216 rhos
189 1153 389 1238 sangallensis
411 1155 450 1215 de
480 1154 570 1216 rebus
596 1157 686 1236 gestie
714 1152 815 1214 Caroli
839 1155 883 1222 Μ.
903 1153 929 1216 l.
953 1151 1027 1216 56.t
1055 1157 1172 1220 moras

103 1239 202 1298 aton
220 1259 321 1298 eornm
345 1237 547 1322 [Francorum
592 1250 658 1298 emt
671 1237 802 1321 puttam
822 1259 925 1298 camma
936 1235 1067 1380 1geinerei
1088 1239 1171 1302 eolo-

103 1319 150 1402 ris]
167 1322 215 1380 vel
234 1343 270 1380 se
286 1323 456 1404 pistrinam,
635 1320 732 1394 maon,
828 1319 889 1396 lex,
910 1320 934 1404 [i
987 1329 1033 1380 eat
1053 1319 1172 1382 titulat-

104 1396 172 1481 eir,
191 1403 261 1486 pelli
284 1425 320 1464 ua
343 1413 398 1464 aut
428 1403 494 1464 aliia
516 1403 607 1464 rebus
626 1401 803 1477 foderatam,
845 1405 887 1464 aie
914 1405 1105 1482 fhmaatime,
1126 1417 1168 1478 at,

204 1489 406 1570 imponeretur
431 1487 568 1560 lamma-is,
594 1498 662 1546 onte
678 1497 709 1545 et
734 1497 813 1546 noo
837 1485 928 1568 pedes
951 1499 1099 1566 tangeret,
1132 1487 1172 1548 de

101 1506 225 1630 mm
245 1588 319 1628 vero
344 1570 403 1630 oric
425 1589 521 1650 &aare
540 1579 712 1650 contegeret.
760 1567 807 1628 De
828 1565 877 1628 his
902 1568 1054 1650 quadratis
1071 1568 1171 1651 palliis

101 1667 129 1707 v.
142 1650 187 1711 Du
208 1651 312 1733 Gange
332 1651 370 1710 ad
388 1649 521 1712 loinvill.
546 1673 578 1732 p.
606 1649 675 1713 158.
690 1693 701 1730 ,
718 1647 773 1712 ubi
793 1651 910 1732 saepius
931 1651 962 1710 in
978 1649 1089 1712 chartis
1103 1651 1172 1714 Ste-

99 1729 231 1810 phanide
254 1733 285 1794 la
306 1731 455 1794 Fonteiae
473 1744 660 1794 memoretur
686 1753 727 1792 roa
749 1732 820 1814 long
848 1733 960 1792 mantel
984 1731 1075 1801 sendo
1098 1736 1173 1796 eun

100 1815 161 1881 oote'.
198 1815 275 1878 Tale
292 1815 418 1897 pallium
439 1826 486 1878 est
505 1813 760 1890 monoachistum,
798 1826 828 1875 et
855 1814 969 1876 accedit
989 1819 1113 1898 propius
1132 1817 1172 1880 ad

100 1896 214 1959 sormam
230 1897 400 1981 chlamydis
413 1898 555 1959 Graecae.
579 1899 614 1959 ln
628 1919 664 1958 eo
677 1907 795 1958 tantum
807 1896 941 1980 chlamys
955 1907 986 1958 et
1001 1897 1173 1960 monoschi-

100 1989 169 2041 aum
195 1982 380 2042 Francicum
414 1980 578 2058 differant,
605 1979 689 2064 quod
715 1979 822 2042 fissura
852 1981 947 2042 dextri
969 1979 1070 2042 lateris
1092 1979 1173 2044 ultra

99 2058 249 2126 homerum
270 2063 459 2146 procederet,
478 2074 508 2124 et
527 2085 617 2147 super
635 2062 763 2123 humero
786 2083 843 2144 ope
858 2061 971 2124 fibulae
987 2063 1026 2124 ad
1047 2061 1173 2126 alteram

99 2142 276 2230 chlmydis,
349 2149 455 2207 eliaam
478 2158 577 2228 puta,
610 2155 725 2227 partem
758 2145 1013 2228 adstringeretur,
1035 2146 1060 2206 si
1080 2147 1173 2208 modo

99 2225 192 2290 fissura
211 2231 245 2291 in
268 2168 425 2311 chffiayde
442 2228 543 2290 locum
562 2227 670 2290 habet:
713 2249 784 2289 nam
807 2229 942 2310 chlamys
971 2226 1066 2289 solida
1087 2241 1173 2292 erate

97 2310 142 2369 aad
159 2314 252 2374 simus
274 2315 306 2374 in
325 2313 426 2374 verbis
445 2311 569 2392 faetta,
608 2313 641 2373 in
660 2310 753 2395 pallio
775 2322 876 2372 autem
898 2311 1044 2372 Francico
1065 2331 1173 2372 mono-

98 2392 197 2456 schisto
212 2397 296 2456 ultra
309 2417 388 2477 genu
406 2395 543 2456 dathum
557 2415 619 2456 non
633 2393 819 2472 ascenderet,
840 2393 915 2454 adeo
937 2406 972 2454 ut
981 2393 1079 2454 chlam
1102 2395 1173 2456 dem

96 2494 192 2554 gerens
204 2477 302 2541 libere
312 2488 343 2538 et
354 2478 488 2560 expedite
500 2477 636 2538 dextram
649 2487 809 2554 exsereret,
822 2479 876 2558 qui
889 2497 963 2538 vero
974 2475 1035 2536 tale
1046 2415 1173 2558 pallium

96 2572 223 2636 gereret,
255 2559 380 2622 deberet
397 2559 491 2633 illud,
519 2561 543 2620 si
569 2581 694 2620 manum
718 2579 852 2620 exserere
880 2559 988 2632 vellet,
1022 2557 1170 2622 attollere.

96 2637 325 2718 Monoschiston,
348 2665 388 2703 an
402 2642 565 2704 dischiatoa
585 2646 623 2703 sit
650 2641 776 2724 pallium
784 2638 883 2702 Caroli
897 2641 956 2714 M..
979 2640 1017 2700 de
1058 2661 1098 2700 uo
1119 2643 1172 2704 Du

96 2722 230 2808 Congel.
252 2748 282 2788 e.
313 2727 469 2808 loquitur,
495 2725 694 2786 aestimabunt
723 2727 803 2796 iam,
833 2723 943 2806 qtribus
973 2723 1013 2783 Τ.
1028 2664 1069 2782 ll.
1093 2722 1172 2784 lunii

96 2805 233 2869 Actorum
245 2809 428 2870 Sanctorum
447 2808 486 2868 ad
505 2829 613 2868 ananus
631 2818 687 2868 est.
710 2807 756 2868 lbi
778 2805 859 2866 enim
881 2815 975 2868 exstat
995 2803 1048 2865 illa
1060 2805 1170 2888 imago,

93 2909 177 2968 quam
196 2893 250 2953 Du
273 2891 379 2974 Gange,
398 2890 509 2952 laudat.
533 2890 656 2972 Neglexi
675 2890 848 2966 observare,
875 2909 970 2972 quum
991 2908 1057 2948 eam
1078 2889 1173 2970 inspi-

94 2972 679 3118 iii‘lctoffllamllmilllffi’
701 2967 1173 3116 ttt‘tt‘tltlttttl

94 3131 213 3200 lectores
242 3140 305 3200 mei
333 3078 459 3222 pallium
487 3139 514 3200 F
515 3099 668 3200 rancieuni
700 3149 890 3220 tetragonum
918 3159 970 3198 seo
993 3135 1040 3196 bis
1068 3135 1174 3196 lissum

93 3226 219 3298 possint,
243 3243 396 3304 apponam
415 3223 494 3318 regia
513 3221 651 3282 Franciei
675 3219 835 3303 imaginem
850 3241 885 3280 ex
904 3219 956 3281 illa
977 3231 1054 3280 maa
1072 3219 1099 3280 F
1101 3239 1173 3279 ran·

94 3306 150 3364 cica
168 3306 288 3366 Valeria
309 3305 433 3364 Maximi
453 3305 701 3385 interpretatione
718 3323 809 3386 supra
832 3303 893 3364 iam
914 3301 1058 3374 laudata,
1080 3320 1175 3382 quam

94 3385 121 3442 in
133 3387 317 3448 membranis
328 3386 420 3448 hahet
428 3386 613 3446 Bibliotheca
622 3387 748 3446 Senatus
763 3385 935 3468 Lipsiensis.
959 3385 1039 3444 Hine
1051 3401 1173 3464 quoque

92 3482 220 3550 apparet,
237 3471 419 3531 Francicam
438 3489 500 3530 ease
518 3470 663 3550 reginam,
678 3489 739 3528 non
754 3469 977 3550 imperatricem
998 3465 1174 3542 CPtanam,

92 3550 168 3612 ittam
200 3556 389 3629 foeminam,
415 3571 507 3634 quam
534 3571 570 3611 ex
602 3551 669 3633 dipt
689 3551 746 3612 elao
773 3551 902 3610 Bosiano
933 3547 1175 3608 montfauconius

91 3631 212 3718 Antiqu.
236 3635 390 3718 Explicat.
416 3635 454 3694 Τ.
477 3634 534 3694 lll.
555 3633 620 3694 tab.
636 3573 688 3694 ad
707 3636 738 3692 in
765 3653 833 3693 aere
854 3629 1100 3713 repraesentavit.
1114 3630 1176 3690 Ca-

93 3716 151 3777 sula
182 3741 249 3779 non
273 3719 424 3792 Graecus,
445 3715 498 3778 aed
525 3715 716 3776 occidentalis
743 3725 808 3776 erat
834 3713 967 3774 habitus.
1007 3709 1176 3774 Luculenta

94 3795 138 3859 illa
158 3803 189 3862 in
217 3803 353 3883 imagine
373 3801 570 3880 conspicuum
590 3809 634 3858 est
660 3797 787 3880 pallium
818 3795 1000 3879 quadratum
1019 3817 1038 3856 a
1072 3795 1177 3856 dextra

96 3903 180 3959 paene
200 3894 305 3944 totum
325 3894 448 3964 patens,
470 3901 489 3941 a
505 3881 624 3942 sinistra
637 3900 699 3940 non
716 3892 780 3940 tam
797 3879 856 3940 alte
875 3879 1017 3952 scissum,
1039 3879 1071 3938 in
1093 3879 1177 3939 ornis

93 3983 138 4023 aea
159 3969 219 4028 oria
240 3966 363 4048 gemina
388 3967 466 4025 serie
485 3962 625 4023 albarum
644 3983 697 4024 seu
711 3963 942 4045 margaritarum
958 3958 1104 4021 clausum.
1125 3961 1178 4020 ln·
1219 3975 1224 3998 ·

92 4047 166 4128 tigne
180 4070 309 4132 quoque
322 4048 352 4108 in
366 4047 471 4108 eodem
491 4045 582 4126 pallio
598 4043 793 4121 eattablium,
805 4048 877 4104 item
890 4041 1116 4125 praependulia,
1139 4041 1178 4104 de
1302 4113 1310 4126 .

93 4131 193 4208 quihus
214 4153 275 4192 suo
296 4129 375 4190 loco.
433 4131 498 4189 Ant
537 4149 608 4188 uam
626 4150 645 4188 a
664 4127 769 4189 fissura
791 4125 951 4208 palliorum
981 4125 1019 4186 ad
1040 4124 1178 4184 fissuram

95 4211 246 4277 chitonum
265 4225 442 4293 transeam,
472 4231 528 4274 ver
549 4209 602 4273 olo
633 4209 819 4272 monendum
839 4209 918 4293 daeo
939 4207 976 4270 de
998 4203 1179 4290 etymologia
