2975 4892
697 262 856 346 166
989 340 996 348 .
1089 267 1201 350 1⁰0.
1260 287 1418 351 uec.
1488 287 1781 349 RmsKu
1837 283 2404 349 COMMENTARH

685 462 906 502 nomen
951 438 1085 500 loco
1127 440 1413 500 mansisse
1430 485 1447 511 ‚
1515 438 1791 520 quamvis
1842 437 2271 498 Catechumeni
2308 437 2585 520 deiuceps
2618 431 2838 503 desine-

685 522 840 589 r'cnt.
929 521 1149 583 Putem
1176 525 1356 604 igitur
1377 521 1843 583 catechumenia
1871 521 2032 580 dicta
2055 521 2238 581 fuisse
2264 542 2300 580 a
2330 521 2603 581 foeminis
2624 565 2643 597 ‚
2685 542 2839 600 quae

687 606 847 667 forte
879 607 1100 666 fuerint
1135 603 1215 668 τὰ
1262 596 1703 684 κατηχούμενα
1760 604 2022 684 (subint.
2066 598 2415 682 πρόσωπα)
2464 601 2798 684 appellatae
2818 648 2838 680 ‚

688 688 956 752 subiecta
976 734 994 766 ,
1053 711 1210 771 quae
1251 687 1670 749 tantummodo
1716 687 1969 747 andiunt
2007 687 2446 746 institutionem
2485 686 2625 748 fidei
2666 685 2847 746 Chri-

687 775 918 833 stianae
952 784 1011 833 et
1039 793 1346 834 sacrorum
1366 816 1382 843 ‚
1428 792 1583 852 quae
1617 771 1770 829 fiunt
1793 815 1811 839 ,
1856 791 2071 829 sonum
2090 815 2108 844 ‚
2153 790 2364 830 eorum
2400 779 2603 831 autem
2628 813 2644 842 ‚
2688 790 2847 849 quae

691 867 956 937 aguntur
977 899 996 931 ,
1050 854 1138 914 nil
1190 853 1399 917 vident
1422 898 1441 930 ‚
1501 852 1990 934 quandoquidem
2034 855 2301 935 porticus
2344 873 2557 912 earum
2601 851 2850 911 clathris

693 941 976 1020 oppositis
1019 947 1223 1018 septae
1258 947 1450 997 essent
1467 982 1483 1010 ‚
1532 937 1793 1017 ipsisque
1828 935 1943 996 sub
1975 956 2168 1018 poena
2196 934 2588 996 anathematis
2626 945 2848 1015 tempo-

693 1044 760 1082 re
816 1021 1205 1101 processionis
1262 1041 1571 1080 sacrorum
1629 1018 1909 1079 deorsum
1960 1040 2070 1100 per
2108 1029 2496 1081 transennam
2545 1018 2850 1098 despicere

693 1102 1080 1163 interdictum
1119 1113 1294 1164 esset.
1378 1103 1581 1164 Erunt
1609 1103 1791 1182 igitur
1824 1102 2289 1162 Catechumenia
2314 1099 2483 1178 loca,
2528 1100 2592 1162 in
2716 1101 2731 1114 ”
2779 1122 2851 1159 us

698 1196 888 1266 agunt
928 1206 1217 1266 personae
1236 1230 1255 1263 ,
1300 1182 1428 1249 solo
1475 1206 1625 1251 sono
1665 1205 1868 1245 sacrae
1906 1184 2215 1252 doctrinae
2231 1228 2250 1263 ‚
2292 1204 2543 1268 precum
2582 1204 2651 1245 re
2677 1184 2853 1265 ’quo-

694 1288 953 1349 rumque
991 1289 1298 1329 sacrorum
1331 1268 1654 1329 feriendae.

856 1351 941 1410 D.
963 1350 1080 1410 ult.
1112 1349 1242 1434 [67,
1268 1347 1360 1431 9.]
1403 1349 1472 1410 ἐν
1511 1349 1600 1434 τῷ
1638 1347 2004 1435 μητατωρίῳ
2043 1349 2163 1410 τοῦ
2200 1335 2394 1421 ὄντος,
2475 1346 2567 1410 Ita
2608 1368 2854 1431 qnoque

693 1431 813 1509 M„
856 1452 1070 1493 verum
1098 1431 1155 1494 le
1195 1432 1421 1492 endum
1465 1443 1556 1493 est
1595 1429 1665 1493 ἐκ
1704 1431 1821 1493 τοῦ
1838 1430 2245 1514 μητατωρίου
2287 1431 2409 1493 τοῦ
2434 1418 2628 1503 ὄντος.
2667 1432 2851 1491 Cons.

693 1536 760 1594 p.
797 1513 901 1592 41.
931 1516 1002 1574 Β.
1037 1538 1099 1598 7.
1155 1455 1482 1596 {gr-editur·
1505 1514 1770 1596 Augusta
1812 1538 1845 1575 e
1884 1519 2214 1593 metatorio,
2256 1513 2421 1600 quod
2453 1528 2540 1577 est
2576 1517 2641 1574 in
2683 1516 2855 1575 Cate-

694 1599 1033 1674 chwnenifie,
1080 1619 1296 1680 nempe
1336 1597 1499 1662 foras
1521 1644 1539 1675 ,
1603 1598 1667 1659 in
1710 1600 1842 1679 ipsa
1890 1596 2382 1659 catechumenia.

776 1676 880 1756 [μ.
905 1678 986 1740 A.
1014 1680 1077 1743 6.
1102 1679 1232 1764 [67,
1267 1679 1390 1763 ι5.]
1468 1681 1804 1761 πατρικιάς
1875 1676 2135 1756 ζωστάς.
2232 1682 2444 1758 Quum
2506 1677 2859 1759 Imperatrix

701 1784 817 1820 nnn
861 1762 1113 1823 haberet
1154 1765 1270 1823 nisi
1323 1784 1510 1824 unam
1559 1767 1873 1845 patriciam
1913 1774 2139 1824 zostam
2162 1806 2182 1844 ,
2243 1765 2479 1828 mireris
2523 1783 2715 1842 quare
2761 1762 2859 1822 hic

701 1844 900 1920 piures
946 1857 1380 1907 memorentur.
1464 1846 1652 1907 Forte
1699 1847 1837 1910 ideo
1875 1845 1940 1907 id
1977 1845 2244 1924 sactum,
2310 1844 2477 1928 quod
2524 1845 2682 1907 duae
2731 1855 2864 1904 tum

701 1938 895 1987 essent
930 1926 1031 1987 Au
1075 1940 1239 1989 ustae
1261 1975 1278 2004 ,
1326 1950 1534 1989 socrus
1577 1939 1637 1988 et
1682 1948 1906 2004 nurus,
1948 1949 2210 2010 quarum
2245 1947 2647 2010 unaquaeque
2682 1949 2861 1988 suam

701 2020 924 2068 matam
969 1950 1239 2069 hazeret.
1326 2011 1478 2071 Erat
1517 2010 1779 2070 Patricia
1826 2011 2007 2072 Zosta
2042 2011 2323 2073 foeminei
2363 2013 2681 2073 comitatus
2733 2011 2865 2071 Au-

428 2100 524 2156 ΕΛ,
544 2100 600 2152 L.
624 2100 908 2168 flagitatae
954 2091 1268 2172 princeps,
1319 2094 1497 2173 eique
1541 2095 1811 2174 proxima
1846 2114 2045 2155 comes
2089 2105 2149 2154 et
2176 2096 2407 2171 amica,
2448 2097 2534 2155 sic
2571 2093 2735 2154 forte
2774 2094 2866 2152 di-

701 2184 793 2232 ctu
817 2220 837 2248 τ
878 2193 1003 2233 non
1042 2174 1208 2255 quod
1243 2174 1511 2256 cingeret
1547 2186 1608 2235 et
1645 2186 1908 2236 comeret
1952 2174 2295 2258 Augustam
2318 2221 2335 2253 ,
2386 2176 2491 2237 sed
2528 2176 2696 2258 quod
2740 2177 2868 2236 cin-

698 2256 908 2334 gulum
959 2276 1067 2315 seu
1111 2255 1424 2318 baltheum
1449 2303 1466 2335 ,
1509 2256 1759 2318 honoris
1807 2257 2094 2318 indicium
2115 2303 2134 2337 ,
2173 2260 2603 2340 adipisceretur
2643 2260 2716 2319 in
2762 2280 2868 2318 sua

698 2338 1079 2418 promotione
1111 2349 1291 2420 atque
1368 2350 1584 2400 ereret.
1668 2342 1826 2400 Sane
1870 2362 2028 2421 quae
2068 2341 2214 2403 alias
2295 2343 2610 2422 lerumque
2640 2339 2870 2402 dicitur

698 2415 741 2499 ἦ
788 2414 990 2499 ζωστὴ
1030 2441 1094 2502 p.
1142 2423 1277 2482 152.
1323 2362 1403 2482 X.
1445 2423 1504 2484 5.
1548 2433 1638 2481 est
1686 2420 1725 2502 ἦ
1778 2421 2119 2497 ζωσθεῖσα.
2206 2424 2237 2460 *
2289 2425 2608 2486 Anastasia
2664 2425 2872 2485 Patri-

700 2502 794 2560 cia
835 2501 1164 2585 eademque
1221 2503 1397 2565 titulo
1438 2506 1648 2565 Zostes
1696 2505 1963 2587 dignata:
2048 2507 2196 2569 Vita
2236 2506 2440 2570 Basilii
2483 2507 2751 2568 Iunior-is
2802 2507 2867 2565 d.

704 2583 810 2643 26.
855 2586 1058 2646 Martii
1091 2609 1156 2667 p.
1190 2586 1336 2670 673.
1415 2582 1600 2650 'Am’
1658 2584 1697 2666 ἧ
1737 2587 1857 2666 μὲν
1904 2584 2206 2668 Θεοδῶρα
2262 2581 2616 2668 διαδήμασι
2684 2590 2878 2667 βασι-

699 2665 873 2737 λείας
911 2663 1111 2728 πάλαι
1153 2667 1228 2748 δὴ
1273 2668 1722 2750 κατεστὲφετο,
1788 2663 1901 2730 καί
1936 2661 1979 2750 ἦ
2022 2663 2217 2751 αὐτῆς
2272 2667 2481 2753 μήτηρ
2530 2669 2874 2748 Θεοκτίστη

705 2745 909 2828 ζωστή
948 2770 1015 2809 τε
1065 2745 1178 2811 καὶ
1225 2750 1529 2832 πατρικία
1567 2750 1884 2832 τετίμητο,
1969 2753 2149 2814 Cont.
2200 2754 2406 2815 Const.
2448 2777 2510 2836 p.
2553 2754 2699 2833 56.,
2763 2754 2876 2816 ubi

702 2831 902 2895 versio
926 2833 1142 2892 Latina
1182 2854 1498 2914 perperam
1533 2833 1755 2894 reddit.
1773 2833 1833 2916 ]*
1920 2833 2356 2899 combefisiana
2392 2841 2594 2898 versio
2629 2838 2720 2897 sic
2762 2837 2877 2896 ha-

702 2909 840 2969 bet:
901 2913 1106 2972 Mater·
1140 2909 1365 2999 quoque
1413 2917 1741 2977 Theoctzkta
1851 2931 2008 2977 oscae
2027 2961 2049 2996 ‚
2109 2940 2288 3003 quam
2323 2934 2540 2981 vocant
2554 2965 2573 2997 ‚
2643 2921 2760 3001 (id
2795 2933 2884 2981 est

703 2994 937 3073 cingulo
978 2994 1231 3055 donatae
1246 3001 1294 3073 ,)
1347 3020 1421 3058 ac
1448 3002 1744 3082 patriciae
1841 3003 2125 3081 'gnitatem
2152 3016 2452 3064 consecuta
2491 3015 2637 3063 erat.
2736 3005 2885 3082 Qua

703 3075 771 3136 in
807 3079 1083 3137 versione
1127 3079 1275 3159 quid
1309 3080 1870 3160 reprehendendum
1908 3085 1988 3144 sit
2006 3128 2025 3162 ,
2068 3085 2347 3166 equidem
2384 3106 2507 3146 non
2538 3084 2746 3146 video.

874 3157 954 3218 A.
985 3157 1048 3220 8.
1083 3160 1211 3243 [67,
1249 3160 1372 3244 16.]
1416 3160 1843 3236 α’νθυπάτους.
1921 3167 2015 3226 lta
2045 3183 2287 3249 quoque
2320 3170 2412 3229 M.
2444 3189 2640 3249 neque
2657 3166 2889 3249 culpo;

705 3263 925 3301 moneo
955 3252 1191 3303 tantum
1214 3289 1232 3318 ‚
1293 3266 1371 3304 ne
1407 3247 1544 3325 quis
1578 3246 1744 3307 aliud
1778 3250 1843 3308 in
1875 3250 1967 3310 Μ.
2014 3248 2204 3311 fuisse·
2234 3252 2593 3334 suspicetur.
2662 3244 2887 3311 “Tna-

705 3343 809 3396 τος
839 3327 1172 3387 communis
1191 3329 1425 3409 generis
1459 3338 1569 3388 est.
1631 3329 1795 3392 Solet
1817 3342 2020 3392 tamen
2057 3333 2206 3394 alias
2229 3333 2564 3417 Hypaezlssa
2588 3333 2881 3394 formari.

872 3407 950 3467 A.
985 3430 1048 3491 9.
1085 3408 1212 3490 [67,
1251 3430 1343 3492 17.
1405 3407 1819 3489 ἐπαρχίσσας.
1856 3414 2094 3476 Uxores
2123 3415 2224 3478 hic
2246 3416 2666 3500 intelliguntur
2694 3417 2889 3477 Prae»

706 3487 1003 3549 sectorum
1053 3492 1191 3551 urbi
1235 3503 1297 3552 et
1397 3495 1796 3556 raefectorum
1837 3500 2164 3577 praetorio.
2249 3500 2424 3577 Quae
2472 3510 2678 3560 autem
2733 3521 2889 3581 pro—

708 3574 866 3629 ximo
905 3572 1180 3654 deinceps
1219 3572 1353 3636 loco
1390 3577 1781 3639 nominantur
1808 3579 2204 3660 Eparchissae
2223 3626 2243 3661 ,
2285 3594 2425 3642 sunt
2452 3603 2664 3643 uxores
2696 3582 2895 3643 Prae-

707 3651 1002 3713 fectorum
1055 3657 1521 3735 provincialium
1543 3704 1560 3732 ‚
1622 3681 1731 3723 seu
1768 3662 2109 3746 legatorum
2137 3667 2203 3725 in
2238 3668 2580 3746 provincias
2621 3666 2752 3727 iuri
2786 3665 2893 3725 di·-
2919 3674 2920 3678 ’

708 3734 909 3794 cundo
945 3746 1006 3796 et
1051 3738 1329 3817 cogendis
1358 3742 1624 3803 tributis.

871 3819 942 3877 Β.
982 3839 1034 3878 1.
1072 3817 1208 3903 [67,
1241 3819 1378 3903 πμ]
1421 3824 1897 3905 σκριβωνίσσας.
1986 3827 2221 3892 Uxores
2241 3831 2587 3893 scribom.
2672 3829 2900 3891 Erant

707 3910 911 3959 autem
946 3902 1250 3964 scribones
1298 3925 1485 3985 genus
1538 3908 1785 3990 aliquod
1840 3910 1967 3971 τῶν
2011 3906 2390 3996 δορυφόρων
2431 3913 2544 3974 καί
2578 3933 2920 3989 σωματω,

708 3980 1051 4061 φυλάκων,
1094 3985 1409 4047 custodum
1453 3993 1755 4070 corporis,
1800 3991 1878 4053 de
1921 3995 2138 4076 quibus
2170 3994 2296 4057 vid.
2328 3997 2428 4056 Du
2452 3997 2654 4076 Gange
2697 4008 2898 4057 utro—

707 4085 824 4143 que
863 4064 1191 4147 Glossario‚
1233 4069 1398 4129 Goar
1442 4073 1518 4130 ad
1539 4073 1899 4155 Theophan.
1934 4099 2072 4159 pag.
2109 4079 2254 4139 25¹.
2286 4080 2398 4156 D.,
2431 4078 2692 4138 Guther.
2735 4101 2894 4161 pag.

707 4145 853 4214 505.
895 4159 956 4211 et
987 4148 1135 4238 δι’).
1218 4153 1522 4218 Videntur
1562 4157 1882 4229 scribones
1922 4171 1984 4220 et
2019 4160 2335 4225 Candidati
2386 4173 2447 4224 et
2481 4159 2920 4223 Mandatores
