2975 4892
325 232 385 319 86
553 257 610 325 10.
639 231 718 324 rac.
750 254 895 323 nursurr
926 256 1208 323 commurmrr

325 416 358 474 in
370 411 491 474 laudem
503 412 698 495 lmperatoris
710 413 887 487 conditum,
908 422 938 471 et
950 409 1119 493 gratulandi
1138 432 1228 471 causa
1240 369 1282 471 ob
1294 410 1410 471 fectum

325 497 408 557 diem
434 496 559 557 feliciter
587 497 723 572 obitum,
765 497 822 575 ipsi
852 492 1019 569 traditum,
1053 494 1147 554 verbo
1172 492 1410 575 gratulationem

325 580 494 662 poeticam,
516 578 636 672 qualem
647 580 815 638 nauseanti
833 578 1011 657 Imperatori
1027 574 1132 636 diebus
1150 576 1234 636 festis
1252 596 1411 656 unaquae-

327 683 389 744 qne
405 661 494 722 factio
514 685 569 744 per
589 664 789 721 Democrateu
807 678 896 719 suum
911 659 1060 719 tradebat.
1104 659 1203 719 Dictio
1226 650 1411 718 ἐπιδιδόναι

325 740 361 805 τὸ
385 741 563 825 λιβελλάριν
577 739 632 804 τὸν
661 736 813 823 δεσπότην
831 753 875 803 est
894 763 974 803 nova
993 742 1119 801 Graecia
1140 741 1248 823 digna,
1281 751 1312 800 et
1332 760 1411 821 per·

327 826 468 909 frequens
486 829 519 887 in
538 828 597 887 boc
620 825 710 885 libro.

409 906 679 993 A.5.[12,16.]
713 902 943 983 ἅκτολογοῦσιν.
984 904 1061 965 Acta
1086 904 1203 980 dieram
1240 905 1414 965 declararant

327 990 405 1053 tona
422 1006 504 1053 vota.
546 990 637 1051 Tales
654 989 903 1064 acclamationes,
933 977 1108 1069 εὖφημίαι,
1133 988 1206 1048 olim
1227 1001 1295 1047 acto
1323 986 1413 1046 dice-

327 1073 451 1135 bantur.
493 1074 637 1135 Derivata
659 1074 771 1132 vorin
790 1091 900 1130 novam
924 1072 1081 1131 Graeciam
1107 1071 1183 1149 suit,
1214 1081 1244 1129 et
1266 1080 1412 1144 retenta,

328 1166 360 1217 et
378 1156 571 1237 perfrequens
593 1167 638 1218 est
659 1158 691 1215 in
711 1155 770 1215 hoc
797 1153 899 1213 codice
918 1152 971 1213 illo
991 1174 1090 1213 sensu.
1133 1152 1224 1235 Apud
1242 1151 1412 1232 Theopha-

328 1259 399 1298 nem
420 1261 453 1321 p.
473 1238 538 1317 ¹54·
560 1240 602 1299 Ι).
626 1260 655 1299 e.
678 1239 732 1297 liu.
763 1247 829 1297 acta
851 1256 911 1295 non
935 1245 1055 1295 tantum
1077 1235 1188 1296 faustas
1215 1234 1414 1295 acclamatio-

328 1340 402 1399 nes,
434 1321 487 1381 sed
509 1324 601 1381 ctiam
627 1318 763 1404 querelas
783 1314 920 1379 lactionis
942 1321 974 1377 in
996 1320 1085 1378 Circo
1107 1330 1136 1380 et
1156 1316 1412 1399 expostulationes

329 1424 399 1463 cum
418 1402 621 1486 Imperatore,
643 1416 675 1465 et
692 1404 814 1478 omnia,
835 1422 912 1482 quae
931 1411 1003 1461 tunc
1022 1402 1102 1461 dicta
1123 1411 1152 1461 et
1172 1412 1239 1461 acta
1263 1399 1410 1476 luerunt,

329 1486 486 1567 siguificat.
528 1486 575 1548 Ut
593 1498 660 1547 aeta
683 1488 716 1545 in
734 1485 853 1544 iudiciis
873 1494 966 1559 sunt,
988 1504 1065 1565 quae
1085 1505 1104 1542 a
1126 1484 1263 1566 partibus
1284 1480 1414 1563 litigan-

328 1568 410 1629 tibus
431 1572 574 1650 utrinque
596 1570 789 1651 disputantur
808 1586 910 1626 coram
930 1565 1094 1643 tribunali,
1128 1576 1158 1627 et
1180 1568 1319 1641 inacta,
1351 1586 1411 1625 seu

328 1656 582 1729 commentarios,
613 1674 632 1712 a
651 1652 776 1712 notariis
795 1649 987 1725 referuntur3
1018 1652 1060 1709 ita
1085 1669 1205 1731 quoque
1226 1658 1292 1708 acta
1314 1658 1410 1725 sunt,

328 1753 409 1813 quae
432 1755 451 1793 a
472 1734 651 1795 motionibus
676 1734 821 1815 oppositis
850 1752 953 1791 coram
977 1730 1180 1812 Imperatore,
1213 1742 1267 1790 aut
1296 1728 1412 1791 illustri

328 1816 524 1897 magistratu,
558 1816 719 1893 dicuntur,
749 1826 780 1875 et
799 1816 832 1874 in
854 1824 942 1890 acta,
970 1834 1021 1873 seu
1045 1815 1297 1886 commentarios,
1326 1812 1412 1873 refe·

235 1972 240 1981 ’
328 1907 450 1959 ruutur.
492 1899 671 1959 Scribebant
698 1918 808 1977 nempe
829 1898 940 1956 notarii
965 1895 1039 1977 quid
1061 1916 1199 1977 quaeque
1231 1895 1343 1973 factio,
1378 1907 1412 1956 et

329 1982 446 2061 quoties
468 1982 543 2063 quid
563 1982 705 2041 dixerint.
748 1980 828 2039 Hinc
847 1998 935 2061 saepe
955 1978 1057 2058 videas
1078 1981 1110 2038 iu
1137 1981 1196 2039 boc
1224 1978 1327 2039 codice
1349 1998 1411 2037 an-

327 2071 489 2139 notatum,
522 2063 582 2123 boc
609 2062 658 2124 vel
682 2061 758 2123 illud
785 2074 851 2141 ter,
883 2070 937 2121 aut
963 2062 1114 2121 interdum
1130 2064 1248 2143 saepius
1273 2062 1409 2122 recitari.

329 2141 446 2204 Nullibi
472 2144 656 2226 bequentius
679 2146 754 2205 tales
781 2143 1009 2205 acclamationes
1036 2166 1128 2227 quam
1152 2146 1184 2205 in
1204 2143 1412 2224 Scriptoribus

330 2222 486 2287 Historiae
505 2228 660 2309 Augustae
677 2227 779 2309 legas,
821 2238 857 2286 ut
880 2249 908 2288 e.
923 2248 951 2287 e.
973 2237 1040 2288 acta
1054 2228 1181 2289 Senatus
1195 2226 1233 2287 ad
1247 2228 1292 2286 ld.
1307 2226 1412 2286 Anto-

290 2365 297 2378 ,
329 2309 437 2369 uinum
464 2308 679 2392 philosophum
696 2321 767 2370 sunt
787 2309 867 2390 apud
892 2309 1016 2370 Vulcat.
1040 2310 1170 2370 Gallien.
1194 2312 1226 2368 in
1248 2311 1311 2369 vita
1331 2308 1413 2369 Avi·

330 2388 374 2449 dii
396 2393 492 2453 Cassii
507 2394 547 2453 T.
562 2394 589 2453 l.
609 2414 642 2474 p.
656 2392 750 2471 467„
772 2392 810 2452 ad
824 2410 914 2475 quem
934 2392 1035 2452 locum
1051 2393 1246 2453 Casaubonus
1263 2402 1411 2452 consueto

329 2492 387 2534 suo
408 2496 491 2535 more
517 2474 606 2535 docte
621 2487 652 2536 et
673 2475 739 2536 lirae
758 2473 797 2535 de
823 2478 884 2535 ritu
908 2474 1093 2535 acclamandi
1114 2487 1144 2535 et
1162 2476 1203 2535 de
1227 2474 1411 2557 etymologia

327 2558 411 2617 vocis
432 2571 502 2617 acta
520 2557 663 2639 disputat.
704 2558 781 2639 Peg.
803 2556 875 2634 524.
897 2569 968 2618 sunt
986 2568 1052 2618 acta
1071 2556 1110 2618 ad
1130 2558 1317 2618 Pertinacem
1338 2568 1410 2638 post

328 2655 433 2698 necem
452 2641 629 2719 Commodi,
650 2662 683 2722 p.
698 2662 771 2722 77²·
793 2651 859 2701 aeta
878 2639 918 2700 ad
939 2641 1109 2700 Macrinum
1126 2652 1155 2700 at
1170 2640 1410 2719 Diadumenum,

327 2737 361 2799 p.
375 2720 448 2803 890.
470 2722 509 2783 ad
525 2723 729 2784 Alexandr-um
749 2722 914 2800 Severum,
944 2742 1040 2805 equo
1059 2724 1126 2784 loco
1148 2722 1329 2806 etymologia
1349 2744 1412 2783 vo·

329 2801 372 2861 eis
387 2805 460 2863 satis
476 2804 557 2865 clare
576 2817 670 2885 patet.
710 2804 855 2883 Addam,
876 2808 920 2865 ait
943 2806 1155 2887 Lampridius,
1183 2806 1412 2866 acclamationes

329 2880 470 2959 Semne,
492 2888 594 2969 qadim
609 2888 645 2947 r'd
658 2886 804 2947 &mani
818 2901 871 2952 est.
913 2886 970 2948 Ea
983 2891 1057 2947 ocni
1071 2890 1149 2949 rar-bri
1164 2888 1209 2949 ad
1227 2886 1292 2965 (vel
1307 2889 1416 2969 potius

328 2976 397 3024 ante
422 2965 521 3042 daem,
552 2978 587 3027 ut
616 2969 812 3029 casaubonus
832 2968 916 3049 vult)
947 2970 1051 3053 pridie
1076 2992 1171 3031 nonar
1196 2970 1326 3030 Mamas
1346 2982 1410 3031 etc.

328 3045 412 3107 llaec
435 3058 465 3109 et
481 3046 554 3109 talia
572 3049 662 3131 plura
675 3060 744 3112 acta
766 3051 808 3111 T.
825 3053 868 3112 ll.
888 3054 1070 3133 scriptorum
1090 3054 1233 3114 historiae
1252 3052 1300 3112 Au
1344 3064 1412 3115 stae

325 3130 1280 3300 l‘ffll'ddlt‘tfflbffffilffl
1314 3157 1412 3278 ilii

325 3292 431 3375 Sigon.
455 3295 496 3357 de
511 3318 606 3379 regno
625 3297 731 3359 ltaliae
748 3318 782 3380 p.
798 3296 849 3359 28.
870 3300 929 3361 ult.
970 3300 1155 3382 Plerumque
1181 3315 1249 3361 arta
1270 3291 1351 3360 dara
1373 3304 1411 3361 in

323 3374 436 3456 plurali
457 3378 581 3441 dicitnr.
622 3382 649 3441 R
723 3383 731 3397 ’
770 3390 872 3441 tamen
892 3384 926 3443 iu
947 3382 1007 3444 boe
1025 3384 1128 3444 codice
1138 3382 1319 3465 singularem
1334 3404 1411 3465 quo

325 3460 506 3601 aar:
527 3402 1140 3631 dinam
1354 3486 1412 3608 r

1052 3591 1062 3607 .
1136 3591 1146 3607 .
1237 3568 1258 3608 o
1391 3570 1412 3609 e

326 3618 442 3683 Cractis
464 3586 517 3685 seri
539 3626 739 3706 praeconibus
754 3628 892 3689 dicenda.
935 3630 1033 3690 Multa
1052 3570 1205 3711 congessPil
1214 3630 1253 3691 de
1273 3558 1360 3690 rbbsde
1378 3642 1413 3691 et

197 3696 325 3759 ula-⁸⁸
333 3701 471 3767 formulis
499 3706 685 3768 acclamandi
706 3709 755 3771 (ΣΙ.
776 3710 916 3772 Ιιεὶὼίιιε
939 3714 972 3773 in
996 3711 1186 3773 adversariis
1205 3712 1244 3773 ad
1264 3712 1413 3774 Codicern

333 3782 439 3865 bunc,
470 3788 553 3851 unde
574 3791 674 3871 Caput
697 3790 773 3853 illud
797 3804 915 3868 totum,
948 3795 997 3854 cui
1020 3794 1145 3857 titubrm
1173 3796 1411 3857 Aralmrrationes

327 3867 543 4035 mmm
581 3869 641 3934 bue
663 3872 866 3957 transserram,
906 3874 997 3960 quale
1025 3880 1126 3939 inveni
1144 3875 1311 3940 collectan.
1336 3898 1410 3961 pag.
