2975 4892
310 259 415 397 sos
531 283 585 352 ro.
621 281 701 351 nc.
730 283 876 347 nsum
904 271 1188 345 communen
1221 283 1225 290 ·

316 444 406 516 ¹rios,
436 451 473 504 ut
495 437 585 502 urbes
612 445 733 499 nostrae
762 431 841 494 alere
862 429 960 492 solent
984 447 1055 490 suos
1075 419 1188 490 milites
1205 425 1365 500 urbanos,
1385 444 1406 486 a

169 521 218 581 Etl-
236 521 267 575 1¹·
282 537 316 598 97
328 523 526 603 upstrensibus
546 520 694 590 diversos,
721 515 760 576 ad
790 511 985 575 custodienda
1015 510 1081 572 loca
1101 507 1239 590 publica,
1266 508 1406 569 aedilicia

329 610 512 680 etmocnia..
543 603 671 664 Videtur
689 611 790 660 tamen
805 619 865 676 ep.
877 593 1038 675 424.D.7.
1078 593 1310 672 mtcspatharios
1328 583 1408 660 τούς

330 683 384 750 διὰ
405 681 540 766 πόλεως,
561 688 614 767 qui
637 683 679 744 ibi
699 686 763 752 τοῖς
777 680 943 753 ἔξωτικοῖς,
965 675 1060 736 subur
1121 677 1210 734 isaut
1230 675 1407 756 campestri·

250 751 260 776 ⁸
329 771 388 834 bus
407 779 620 857 opponuntur,
638 764 697 825 illis
716 782 845 842 nempe,
873 760 980 840 quiin
999 757 1118 839 palatiis
1139 757 1296 818 rusticanis
1315 776 1408 816 excu-

330 853 456 931 babant,
477 851 565 912 fuisse
582 845 749 928 imperiales
769 863 889 925 quoque
908 840 1062 922 stipendiis
1082 837 1168 900 aulae
1187 837 1276 913 altos,
1298 850 1331 898 et
1350 857 1408 918 per

331 935 415 998 urbis
436 935 500 996 loca
525 931 690 993 custodiam
712 925 896 1008 requirentia
911 925 957 984 dis
1012 923 1080 984 itos.
1126 920 1318 982 Urbanicsmri
1336 941 1412 1002 pos·

332 1030 398 1082 sent
418 1019 476 1078 dici
496 1015 534 1098 ad
555 1010 720 1094 exemplum
731 1009 882 1092 Spartiani
899 1009 932 1067 in
996 1015 1040 1084 ta,
1052 1003 1090 1070 T.
1099 1003 1124 1064 l.
1139 1003 1204 1067 Ser.
1217 1003 1298 1066 Hist.
1325 1004 1411 1083 Aug.

331 1099 488 1185 palli&
544 1141 694 1238 'sss
755 1168 800 1194 ‘⁸
870 1171 886 1187 ·
962 1168 1021 1231 λ’
1126 1166 1311 1229 ria·

332 1175 632 1324 bistilifiauliszllalesi
651 1173 1287 1338 ’autlirlimciuvoilvNicoelphliiriii’biegiiriiliuiai
1302 1187 1418 1310 libili·

333 1348 378 1408 ait
396 1366 459 1407 esse
478 1343 567 1407 altius
587 1342 626 1404 ad
652 1340 819 1422 spithamae
837 1340 978 1398 trientem
1003 1335 1120 1417 reliquo
1150 1332 1215 1394 solo
1250 1326 1417 1408 aanor,

335 1453 387 1504 aut
405 1441 487 1524 quod
506 1441 599 1500 Turni
618 1440 708 1501 hodie
731 1434 930 1514 &effisoffah
950 1433 1121 1516 appellant,
1144 1442 1336 1512 suggestum,
1358 1432 1417 1510 qui

327 1536 434 1588 tntum
461 1525 606 1606 parietem
633 1521 747 1583 foribus
775 1520 891 1581 diaetae
918 1517 1089 1598 oppositum
1115 1513 1304 1596 praetendit,
1342 1531 1421 1571 cnm

335 1601 471 1668 παστάδι
490 1627 542 1667 seu
576 1605 703 1682 nidulo,
737 1599 976 1683 comperietis,
998 1600 1029 1659 in
1049 1618 1110 1680 quo
1131 1595 1234 1658 sedere
1251 1605 1282 1655 et
1301 1593 1422 1655 cubare

335 1689 411 1752 solet
441 1687 653 1770 paterfamilias
685 1697 744 1748 aut
769 1682 1016 1745 honoratissimus
1043 1683 1181 1764 quisque.
1223 1679 1293 1756 Qua
1322 1677 1363 1736 de
1385 1697 1423 1737 re

335 1771 453 1834 consuli
472 1770 564 1834 velim
584 1771 777 1830 ltineratores
798 1763 968 1848 orientales.
993 1761 1130 1845 Θυρίδες
1150 1770 1222 1824 sunt
1229 1763 1402 1841 fimum.

418 1855 459 1914 D.
474 1852 589 1935 penult.
601 1851 687 1934 [303,
705 1848 768 1934 su]
788 1840 967 1931 τρικόγχου.
1009 1847 1056 1908 Μ.
1082 1855 1151 1929 post
1176 1844 1209 1906 h.
1239 1863 1271 1903 v.
1298 1853 1426 1924 ponunt

337 1947 484 2020 punctum
505 1935 680 2016 perfectum.

420 2019 461 2077 D.
474 2017 530 2077 ult.
548 2016 635 2098 [soa
653 2011 713 2097 ra]
736 2005 778 2075 oi.
795 2011 928 2074 Membr.
937 2030 1036 2095 neque
1054 2009 1134 2072 banc
1150 2030 1207 2093 m,
1227 2028 1425 2091 nequepun-

326 2111 420 2160 ntum
441 2099 620 2180 praecedens
642 2096 768 2161 habent.

327 2231 331 2236 .
407 2199 474 2262 177.
490 2182 527 2240 Β.
547 2201 569 2240 r.
581 2177 670 2262 [304
691 2177 736 2262 1.]
757 2179 917 2258 xopflt'vur.
960 2177 1106 2239 Combina
1122 2187 1168 2238 est
1183 2185 1312 2248 tessera,
1333 2174 1429 2234 carius

327 2264 370 2324 «fvi
387 2259 475 2322 alicui
496 2261 624 2322 facultas
635 2265 819 2343 permittitur
830 2269 848 2339 ‚'
859 2272 911 2323 aut
922 2261 1045 2344 publico
1063 2281 1173 2335 cursu,
1196 2267 1249 2318 aut
1260 2256 1346 2338 cquis
1359 2257 1427 2315 cir-

329 2345 479 2406 censibus
494 2345 619 2422 utendi,
639 2354 692 2404 aut
716 2346 945 2404 committuntur
963 2344 1088 2404 alicuius
1111 2361 1202 2405 curae
1214 2342 1283 2422 equi
1297 2349 1328 2398 et
1344 2337 1431 2399 muti

341 2427 531 2508 imperiales,
549 2415 680 2510 pastum⁸
689 2427 818 2487 ducendi
836 2438 866 2486 et
888 2427 1062 2487 reducendi.
1104 2425 1223 2484 Medius
1240 2420 1432 2503 significatus

329 2508 391 2578 ¹bic
407 2509 533 2571 obtinet.
572 2511 694 2570 Primus
712 2511 844 2570 occurrit
868 2513 986 2590 saepius
1006 2510 1037 2568 in
1050 2509 1174 2568 historia
1188 2505 1431 2578 Romana3vid.

342 2591 471 2653 Guthcr.
495 2614 565 2674 pag.
589 2590 661 2670 641.
683 2601 713 2651 et
734 2591 832 2675 (idq,
871 2592 924 2652 ubi
945 2594 988 2652 ait
1019 2591 1196 2666 combinas,
1216 2586 1433 2670 synthemata,

332 2676 522 2750 tractorias,
544 2675 710 2735 evectiones
744 2673 825 2734 idem
861 2684 985 2749 notare,
1016 2694 1123 2755 nempe
1146 2668 1317 2745 codicillos,
1348 2689 1434 2750 qnos

331 2755 495 2826 ,exliibenti
519 2756 645 2818 facultas
666 2756 757 2816 fiebat
773 2773 863 2816 cursu
885 2755 1006 2837 publico
1024 2755 1138 2815 utendi.
1178 2753 1225 2813 Ut
1241 2763 1345 2811 autem
1371 2773 1434 2812 ne·

330 2841 418 2896 'mini
448 2837 556 2898 licebat
588 2839 701 2919 absque
730 2840 883 2899 evectione
910 2860 1003 2898 cursu
1028 2837 1148 2918 publico
1176 2837 1239 2908 uti,
1261 2837 1303 2894 sic
1324 2852 1433 2916 nque

290 2989 291 2992 Ἰ
345 2917 455 2978 licebat
483 2941 575 3000 equos
606 2919 725 2980 curules
746 2921 779 2994 in
811 2923 890 2981 circo
922 2919 1100 2980 decursuros
1130 2918 1242 3000 absque
1278 2917 1437 2998 permissu

344 3002 508 3082 principis,
539 3012 569 3062 et
596 3001 708 3083 absque
725 3003 864 3064 combine
886 3023 938 3062 seu
961 3005 1114 3064 evectione
1142 2999 1193 3062 vel
1214 3011 1326 3060 tessera
1351 3001 1438 3059 scri-

211 3090 215 3100 '
333 3122 338 3134 ·
367 3092 398 3142 ta
417 3086 562 3165 iungere3
583 3083 644 3144 vid
668 3085 798 3144 Casaub.
819 3085 858 3145 ad
879 3085 987 3166 Script.
1007 3085 1088 3145 Hist.
1104 3085 1185 3164 Aug.
1205 3083 1244 3142 T.
1258 3082 1300 3140 ll.
1317 3103 1351 3163 p.
1369 3081 1431 3142 83.

373 3177 388 3226 t
405 3167 477 3246 qula
493 3165 696 3242 iubebantur,
724 3167 834 3247 quibus
856 3166 1070 3228 illaeftesserae
1086 3164 1311 3237 scribebantur,
1334 3185 1440 3244 equos

348 3249 533 3326 combinare,
544 3248 608 3308 'hoc
623 3259 748 3309 estante
761 3271 884 3310 curtum
892 3271 979 3310 suum
989 3250 1124 3332 iungere,
1134 3247 1183 3308 vel
1196 3246 1439 3328 cuamqtmdri-

347 3352 400 3412 gas
420 3353 488 3392 suas
509 3352 580 3392 cum
600 3331 756 3413 quadrigis
774 3329 898 3393 alterius
909 3332 956 3392 de
979 3326 1037 3392 alia
1053 3331 1184 3413 quadam
1198 3331 1327 3390 factione
1345 3350 1443 3392 com·

347 3414 693 3579 tittnttbsstt,
712 3414 805 3556 “itt
825 3408 1439 3578 iliiii'qifflioefflsiidiiiffi

370 3543 377 3556 .
606 3539 614 3555 .
696 3537 705 3554 .
744 3546 752 3562 ,
810 3539 832 3571 .,
1423 3531 1443 3543 -

347 3582 427 3658 gusti
447 3601 539 3638 manu
570 3579 766 3660 imperativus
790 3580 946 3639 canabina:
978 3599 1012 3638 ex
1040 3600 1076 3638 eo
1105 3579 1186 3638 dicta
1205 3579 1262 3638 suit
1279 3577 1349 3637 talis
1370 3589 1441 3639 tes·

336 3679 414 3718 ‚sera
434 3659 639 3736 supplesset
667 3661 783 3722 scribae
810 3661 882 3720 huic
909 3658 1007 3721 officio
1034 3660 1189 3743 deputati,
1223 3679 1332 3740 nempe
1352 3664 1440 3722 scri·

348 3737 440 3802 bendi
462 3753 491 3801 et
512 3741 686 3822 expediendi
716 3744 791 3805 tales
819 3743 994 3821 combinas,
1028 3742 1256 3826 appellabantur
1283 3742 1443 3819 κομβινο-

350 3815 484 3903 γράφοι,
506 3823 588 3904 quod
611 3845 687 3905 pura
709 3825 825 3886 Graeca
845 3826 920 3886 voc'e
940 3825 1020 3885 dicas
1043 3823 1293 3907 ἁμιλλογράφοι,
1326 3823 1441 3905 quales

350 3915 479 3985 utraque
500 3907 609 3982 sautia,
632 3919 694 3966 tam
716 3909 845 3983 Veneta,
866 3930 957 3989 quam
972 3909 1109 3979 Prasina‚
1138 3908 1194 3968 sibi
1218 3907 1358 3989 proprios
1381 3908 1444 3968 ha·

349 3986 451 4046 bebat.
495 3987 559 4046 Nisi
580 3990 678 4068 potius
695 3991 836 4052 combina
858 3995 901 4050 sic
921 3991 1036 4050 dictum
1053 3991 1143 4050 fuerit
1162 4011 1217 4072 pro
1237 3989 1441 4062 combinatae,

348 4079 385 4128 ut
404 4088 480 4130 orna
508 4090 565 4150 pro
585 4075 721 4133 ornatio,
755 4075 825 4151 Quo
841 4095 912 4134 casu
924 4072 1177 4155 quemadmodum
1188 4075 1295 4132 metio
1317 4072 1443 4132 dictum

335 4149 408 4215 -fait
428 4173 486 4237 pro
504 4155 593 4218 vania
613 4166 645 4218 et
664 4156 796 4220 iussione
814 4156 960 4219 evellendi
972 4158 1006 4217 in
1019 4177 1132 4238 curru,
1152 4158 1195 4218 ita
1207 4175 1330 4238 quoque
1348 4175 1444 4216 com-
