2975 4892
299 261 404 364 361Ι
515 301 681 368 10.1AG.
712 303 860 367 ausuri
890 299 1169 366 commacina

297 459 351 520 ubi
372 457 410 520 de
432 456 721 538 λινομαλωταρώις.
755 457 868 517 Omnia
884 477 962 538 quae
976 477 1138 536 perverse,
1157 468 1255 516 contra
1273 479 1353 540 quani

298 543 388 604 debet
409 553 499 625 atque
521 539 623 617 solet,
644 541 739 618 fiunt,
761 552 927 620 geruntur,
950 551 1121 620 ponuntur,
1141 538 1354 614 61111111*ξώ-

295 622 467 708 τιστρόφου
495 625 560 684 ficri
584 623 708 698 dicunt,
743 634 773 682 et
793 643 856 684 uno
884 623 1032 685 vocabulo
1053 617 1278 705 ἔξανάστροφα,
1305 645 1357 705 quo

295 711 392 770 utitur
412 708 611 789 Theophanes
655 704 802 785 ,54111
818 705 985 788 8.et372.
999 707 1038 766 A.
1055 707 1087 769 5.
1103 719 1132 767 et
1149 704 1227 766 alibi.
1330 723 1334 730 ·

376 793 454 854 B.5.
473 791 558 878 [381,
586 727 652 872 tal
684 781 850 866 πρόσωπα.
894 789 930 850 Id
959 799 1006 850 est
1025 793 1221 870 προσωπεῖα,
1251 789 1357 863 laia,

289 895 458 960 personas,
483 895 662 960 maipaerai.
705 873 755 932 De
775 871 906 954 quibus,
935 883 969 932 ut
989 872 1088 933 dicam
1119 884 1185 955 post
1217 891 1288 948 eos,
1313 873 1357 954 qui

21 958 24 966 ’
140 957 391 1032 munitiores
411 958 450 1020 de
467 959 504 1019 iis
525 959 657 1039 integros
677 955 854 1034 ediderunt,
881 976 957 1038 opus
985 977 1049 1017 esse
1077 977 1139 1016 non
1158 965 1241 1038 puto.
1280 953 1360 1014 Coul.

294 1041 346 1102 Du
360 1043 461 1124 Gange
482 1063 513 1102 v.
529 1041 699 1114 Barbator,
718 1040 803 1101 cuius
823 1040 959 1121 opinioni
978 1039 1154 1118 subscribo,
1174 1059 1281 1099 nomen
1300 1038 1361 1098 baa

292 1125 446 1204 batorum,
470 1125 520 1202 (id
544 1125 706 1184 mimorum
730 1143 825 1206 genus
855 1134 899 1185 est
910 1123 929 1203 ,)
951 1144 969 1182 a
989 1123 1224 1206 praegrandibus
1242 1121 1363 1182 barbatis

292 1207 385 1270 larvis
416 1207 591 1268 derivantis.
636 1206 724 1267 Cous.
757 1205 891 1267 eiusdem
919 1206 1018 1267 Gloss.
1049 1208 1105 1268 Gr.
1129 1228 1162 1267 v.
1183 1199 1361 1286 Μοσκάρας,

292 1291 375 1372 quod
396 1291 438 1352 ait
460 1311 522 1352 esse
541 1291 731 1364 histrionem,
763 1291 970 1363 maiorem,
996 1283 1226 1368 γελωτοποιόν,
1246 1284 1363 1366 incupi-

290 1383 347 1470 τήν
359 1401 389 1450 et
403 1391 524 1450 laruam
534 1409 668 1473 quoque,
688 1390 926 1468 μορμολυκεῖον.
946 1388 1123 1471 Utrumque
1134 1399 1225 1449 recte.
1249 1389 1365 1481 fou,

279 1472 430 1534 'Moscher
441 1477 472 1533 in
489 1473 541 1535 lV.
555 1473 774 1556 Conlugatione
794 1482 826 1530 ct
844 1473 1017 1532 Mosacclier
1027 1475 1059 1534 iu
1077 1471 1212 1534 secunda
1227 1468 1366 1532 Aiabihns

290 1566 336 1616 est
350 1556 442 1616 homo
454 1559 545 1618 ri'sum
560 1561 639 1618 ciens
645 1579 658 1634 ,⁰
672 1567 702 1616 et
711 1557 905 1616 Mascliarest
917 1559 1014 1616 omnis
1025 1577 1088 1637 res,
1111 1577 1192 1638 quae
1204 1559 1294 1615 risum
1306 1555 1368 1612 ciet·

291 1634 371 1700 Hinc
391 1650 474 1721 patet
497 1641 582 1722 origo
603 1641 776 1700 notissimae
796 1638 879 1698 vocis
898 1659 1017 1723 masque
1032 1651 1063 1700 et
1082 1637 1285 1725 mnsqiierade,
1298 1655 1367 1717 qnae

290 1741 410 1783 omnem
433 1725 580 1802 mimum,
597 1721 863 1796 simulamentum,
879 1719 1057 1806 glaucoma,
1082 1745 1147 1808 quo
1168 1722 1261 1791 homo
1280 1720 1371 1780 ducti·

289 1813 392 1882 tatur,
431 1804 622 1886 ludificatur,
655 1804 874 1888 κωμῳδεῖται,
899 1815 997 1866 notat.
1041 1807 1147 1891 Longe
1177 1805 1236 1866 alia
1256 1823 1313 1864 vox
1331 1811 1370 1862 est

285 1887 392 1950 Macen
399 1933 408 1964 ,
433 1899 579 1971 quatenus
602 1891 724 1972 strigam
753 1898 806 1947 aut
832 1907 935 1970 sagam
956 1899 1058 1959 notat,
1082 1903 1115 1951 et
1135 1908 1239 1951 maaca
1257 1885 1307 1948 vel
1323 1907 1371 1967 pc·

285 1971 346 2032 tius
369 1993 505 2034 mmeara
526 1973 616 2051 (haec
635 1974 716 2032 enim
738 1973 855 2053 integra
875 1982 931 2050 est,
954 1970 1006 2032 illa
1025 1971 1123 2038 altera
1137 1981 1279 2035 truncata
1298 1974 1373 2048 von)

281 2074 412 2136 persona
429 2066 459 2115 et
479 2057 579 2116 laisa.
623 2053 689 2132 llla,
707 2077 832 2131 musca,
853 2069 899 2119 est
920 2057 1123 2137 Germanica,
1145 2068 1177 2120 et
1208 2054 1374 2116 adhucdum

285 2135 412 2197 dicimus
432 2139 497 2198 eine
512 2137 626 2216 Melae,
648 2159 705 2218 pro
733 2139 864 2202 foemina
885 2139 1107 2219 abominabili,
1138 2151 1253 2204 scorto.
1297 2137 1374 2198 Haec

287 2237 369 2290 vcro,
391 2219 542 2296 Muscam,
566 2229 611 2282 est
631 2221 782 2283 Arabicae
796 2226 930 2306 originis.
974 2223 1108 2307 VidDu
1122 2225 1228 2308 Gange
1243 2221 1292 2283 Gl.
1310 2222 1378 2282 Late

284 2321 317 2361 v.
342 2301 470 2375 Maca,
493 2303 546 2363 ubi
567 2305 646 2363 inter
667 2304 726 2366 alia
747 2327 765 2366 e
786 2307 944 2369 Catholico
959 2309 1125 2370 Armorico
1147 2310 1226 2370 hacc
1247 2305 1375 2390 proferte
1403 2321 1407 2328 ·

287 2383 407 2446 Gueeii:
430 2385 510 2446 Gall.
526 2388 617 2468 fniicc
648 2389 768 2468 caing&
799 2393 867 2452 Lat.
899 2394 1008 2473 lamia,
1039 2393 1128 2476 quod
1156 2394 1249 2476 vulgo
1275 2389 1378 2449 (11le
1477 2451 1478 2460 ,

284 2465 437 2546 Muscam.
477 2469 670 2532 Vocabulum
697 2472 800 2534 Gueen
827 2485 872 2536 est
897 2486 986 2536 vetus
1015 2478 1244 2538 Germanicum
1263 2475 1378 2536 waelui.
1477 2493 1478 2528 1

285 2548 385 2612 Hodie
405 2551 532 2614 dicimus
557 2553 666 2616 Wahii
687 2553 724 2615 de
745 2556 828 2616 omui
844 2557 918 2618 falsa
938 2539 1149 2639 persuasione.
1477 2559 1478 2624 1

346 2633 706 2720 222.B.7.[381,13.]
730 2636 915 2722 σκουτάρια.
957 2641 1078 2704 Umbra
1100 2656 1134 2705 et
1157 2645 1310 2730 reliquiae
1326 2642 1381 2702 hae
1477 2633 1478 2690 1

285 2729 356 2778 sunt
383 2721 494 2780 veteris
516 2721 608 2780 moris
634 2720 815 2804 gladiatores
846 2723 877 2783 in
905 2727 1045 2786 convivia
1079 2728 1326 2801 introducendi,
1346 2724 1382 2783 de
1477 2721 1478 2766 3

282 2807 344 2883 quo
360 2805 445 2881 more
460 2804 541 2884 apud
562 2803 730 2884 Etruscos,
753 2806 927 2886 Romanos,
951 2808 1051 2869 Celtas
1098 2821 1133 2871 et
1169 2813 1251 2876 alios
1275 2812 1382 2872 usitato

282 2901 315 2970 p.
339 2882 454 2946 Athen.
475 2907 506 2967 p.
525 2887 592 2950 153.
616 2887 726 2948 lineet
750 2887 833 2968 154,
856 2894 914 2951 nisi
934 2890 1022 2954 malis
1043 2893 1201 2976 reliquias
1238 2895 1295 2957 bas
1326 2911 1386 2953 esse

282 2963 475 3027 saltationum
496 2967 649 3030 veteribus
671 2971 749 3030 inter
769 2971 877 3053 pocula
896 2977 1078 3036 usitatarum
1101 2983 1137 3039 in
1160 2979 1286 3059 armis,
1314 2995 1386 3060 qua·

280 3067 350 3110 rum
370 3048 505 3132 exempla
524 3052 605 3114 idem
627 3051 804 3116 Athenaeus
824 3077 857 3137 p.
876 3055 942 3119 155.
966 3057 1070 3122 habet.

364 3132 401 3194 C.
430 3131 462 3212 d.
479 3133 577 3216 [38i,
607 3133 671 3218 aa]
703 3137 967 3220 opaipoilpopiibu.
1010 3143 1084 3204 Non
1120 3148 1273 3208 exercitia
1293 3143 1386 3229 pilae,

279 3214 381 3298 qualia
412 3217 541 3278 Romani
570 3229 681 3280 norant
701 3232 732 3282 et
760 3223 867 3282 Giaeci
883 3235 1020 3300 veteres,
1043 3228 1103 3289 sed
1125 3229 1213 3292 illud
1235 3232 1390 3314 designat,

279 3319 449 3377 exoriente
470 3316 603 3379 aPersis
624 3331 801 3404 acceptum,
824 3321 904 3404 quod
924 3309 1027 3406 053?
1064 3329 1229 3406 Tariona,
1275 3326 1391 3404 τζυκᾶν

278 3398 452 3478 appellant,
475 3402 557 3462 unde
577 3401 684 3482 locus,
712 3405 743 3466 in
765 3427 826 3488 quo
849 3409 1065 3487 exercebatur,
1098 3407 1390 3496 τζυκανιστὴρων,

278 3485 364 3544 cuius
384 3483 498 3546 mentio
520 3483 554 3546 fit
574 3507 592 3546 a
614 3486 725 3548 Nostro
756 3511 789 3570 p.
815 3489 886 3549 322.
913 3488 952 3551 A.
975 3491 1006 3553 ὅ.
1051 3493 1192 3558 Scilicet
1224 3499 1335 3560 sedeas
1360 3499 1391 3554 in

277 3583 356 3644 equo
376 3565 486 3644 clava,
517 3591 610 3650 quam
631 3592 725 3632 manu
746 3583 849 3644 tenet,
879 3577 991 3634 excutit
1024 3576 1124 3639 humi
1146 3584 1311 3645 iacentem
1332 3580 1393 3665 glo-

276 3643 351 3742 buin
371 3646 503 3728 ligneum
545 3663 575 3712 et
608 3655 711 3736 rapide
731 3653 926 3737 provolutum
946 3673 1000 3720 aut
1022 3661 1197 3726 volantem
1220 3671 1327 3748 potius
1346 3667 1394 3724 in-

276 3739 368 3793 citata
390 3752 468 3812 cquo
489 3738 694 3817 persequitur,
728 3737 916 3821 ulteriusque
937 3743 999 3824 agit
1018 3744 1155 3808 incusso
1173 3751 1298 3812 iterum
1318 3745 1395 3810 inal-

275 3808 323 3904 lep
351 3809 469 3892 ligneo,
501 3817 592 3898 idque
624 3823 713 3882 toties
733 3823 845 3899 iterat,
875 3823 973 3884 donce
1002 3825 1066 3904 pila
1090 3843 1222 3894 metam
1246 3835 1390 3917 attigerit.

273 3890 467 3982 laceratores
487 3919 623 3978 paepeo
677 3925 707 3964 es
729 3905 767 3965 de
785 3905 842 3966 hoc
863 3905 960 3968 nobili
979 3909 1122 3998 equep'tri
1147 3921 1324 3988 exercitio,
1342 3913 1394 3977 sed

274 3974 363 4069 valde
392 3997 514 4074 quoquc
542 3925 734 4064 pericillbso,
769 3989 865 4048 multa
900 4003 1036 4052 narrant.
1085 3996 1261 4081 Integrain
1294 4004 1334 4065 dc
1359 4023 1395 4060 eo

273 4055 513 4153 dissertationem
545 4065 584 4126 ad
604 4067 737 4150 loinvill.
773 4071 855 4131 dedit
888 4073 939 4134 Du
971 4077 1091 4157 Gange.
1143 4083 1272 4172 Aliqum
1304 4088 1395 4153 etiaui

273 4159 306 4208 tn
326 4139 424 4206 Gloss.
449 4145 506 4207 Gr.
528 4157 558 4209 et
574 4141 648 4214 CPli
670 4153 745 4217 Chr.
767 4152 860 4218 habet
878 4157 1038 4242 pagna&
1067 4152 1221 4239 Lib.,11,
1281 4169 1347 4232 sed
1366 4169 1397 4231 ‘m
