2975 4892
296 251 377 337 552
504 281 583 346 ··ro.
611 281 691 346 nc.
722 282 870 344 nnsnr
897 278 1181 346 commentari

292 441 351 500 nial
372 438 450 500 forte
469 440 590 502 indusia
610 438 716 514 linea,
751 439 816 500 vid.
839 439 890 497 Du
911 439 1014 520 Gange
1034 438 1067 500 lr.
1086 459 1118 501 v.
1138 447 1169 497 et
1186 457 1265 520 quae
1283 437 1382 520 paulo

293 534 362 602 post
383 523 422 583 de
440 521 744 604 hypocamisobraciis
766 522 911 581 dicemus.

282 601 288 622 '
376 605 413 665 C.
428 604 458 667 5.
474 605 564 689 [470,
577 605 626 686 6.]
653 597 826 664 θάλασσαι.
869 603 975 686 Neque
1000 601 1040 663 de
1065 603 1123 662 lrao
1145 613 1225 664 veste
1245 601 1381 664 multum

291 698 410 769 praeter
427 693 614 749 eoniecturas
641 685 760 745 adferre
780 685 876 746 valeo.
925 687 957 746 si
980 685 1069 745 fidem
1091 683 1195 762 habet,
1216 696 1246 746 et
1265 685 1384 747 habere

292 771 418 830 omnino
435 771 535 842 debet,
557 771 696 852 superius
714 771 824 828 citatus
834 763 1060 829 continuatoris
1074 767 1313 828 Constantiniani
1330 769 1382 828 lo-

291 873 365 929 cus,
384 873 448 918 non
470 852 614 915 differunt
634 844 723 922 αἐτός
746 861 776 911 ct
802 849 961 912 θάλασσα.
1002 851 1044 912 Et
1073 861 1150 912 esset
1176 872 1248 912 sane
1271 863 1381 932 aptum

291 955 402 1002 nomen
432 929 598 1014 θάλασσα,
630 955 735 1007 maru,
774 936 850 994 vesti
882 934 1009 994 undanti
1042 953 1103 994 non
1132 935 1253 1008 minos,
1283 955 1380 1014 quam

292 1017 405 1098 aquila.
448 1020 519 1080 Pari
542 1018 634 1079 modo
662 1027 779 1076 veteres
807 1016 916 1077 Graeci
971 1014 1054 1098 epioe
1074 1015 1239 1076 mulierum
1257 1017 1381 1078 maan.

289 1109 334 1160 tes
353 1111 384 1160 et
412 1122 432 1160 a
461 1101 559 1182 eapite
585 1101 625 1161 ad
655 1099 747 1180 pedes
767 1098 912 1160 demissos
938 1093 1063 1180 priona:
1087 1097 1295 1181 appellabant,
1305 1099 1379 1184 flu-

292 1185 377 1255 arros,
395 1195 552 1258 torrentem
568 1183 633 1244 vid.
653 1183 783 1264 Diogen.
803 1181 906 1242 Laert.
924 1203 958 1262 p.
979 1180 1049 1241 305.
1062 1181 1116 1258 5.,
1136 1181 1189 1242 ubi
1210 1181 1289 1243 male
1309 1203 1382 1242 mu-

290 1275 406 1325 tarunt.
447 1266 541 1326 Forte
563 1267 635 1327 inde
654 1285 776 1346 quoque
797 1274 863 1343 est,
883 1265 966 1346 quod
996 1263 1194 1325 nauschorum
1215 1287 1268 1324 seu
1287 1285 1379 1324 man·-

293 1347 433 1406 datornm
465 1347 666 1430 imperialium
693 1347 776 1428 opud
806 1347 923 1408 Turcos
953 1348 1044 1407 vestis
1071 1349 1200 1407 exterior
1218 1348 1382 1408 θαλασσο-

292 1429 409 1509 φὲρεζε
420 1431 554 1508 dicitur,
579 1453 652 1492 voce
670 1451 689 1490 e
703 1431 819 1490 Graeca
841 1441 872 1490 et
891 1429 1024 1492 Arabica
1038 1433 1224 1512 composita,
1246 1451 1381 1510 quarum

280 1527 350 1608 ⁸hoc
372 1527 453 1615 ’,ᾗ
498 1543 607 1588 vestem
645 1528 783 1612 amplam
824 1539 921 1589 notat.
964 1527 1083 1588 Ambae
1120 1527 1383 1592 denominatione:

293 1585 469 1692 congi⁷nac3
489 1613 672 1672 vestisenim
686 1609 780 1688 talis,
803 1631 881 1690 quae
901 1611 1024 1692 cingulo
1044 1611 1189 1692 adstringi
1213 1631 1275 1671 non
1290 1611 1380 1686 solet,

293 1693 392 1776 ampla
421 1706 467 1754 est
487 1705 517 1754 et
537 1694 632 1754 undat
650 1691 757 1754 veluti.
797 1693 871 1754 Fuit
890 1707 1002 1769 tamen,
1025 1704 1187 1776 antequam
1212 1693 1382 1754 Continua-

289 1780 365 1838 toris
384 1775 472 1837 illum
492 1777 625 1842 viderem
640 1775 763 1848 locum,
797 1797 892 1857 quum
915 1774 1089 1855 crederem,
1110 1774 1256 1836 thalassas
1287 1776 1383 1839 fuisse

291 1859 389 1920 dictos
407 1881 525 1941 pannos
546 1857 733 1936 undulatos,
754 1857 930 1940 cymatiles‚
951 1879 1014 1939 quo
1035 1857 1073 1918 de
1132 1878 1204 1920 nere
1222 1869 1266 1919 est
1285 1857 1338 1918 vul

291 1945 334 2002 sic
353 1943 452 2003 dictus
474 1941 622 2017 Gmwlot',
646 1961 722 2001 voce
740 1960 804 2000 non
827 1962 845 2000 a
866 1939 1048 2001 camelorum
1067 1943 1096 2022 p'
1111 1943 1157 2017 is,
1188 1941 1240 2001 sed
1263 1939 1303 2000 ab
1324 1941 1380 2002 ilo

292 2022 1110 2188 {tzittltffl‘tt‘l'ttltt‘atttriti}
1132 2023 1270 2167 affl..
1283 2027 1384 2184 'itt

292 2190 424 2249 editione
447 2186 588 2254 Weelrel.
617 2187 716 2266 1605.)
757 2187 930 2268 Suspicatus
951 2209 1042 2270 porro
1063 2188 1118 2262 liri,
1157 2191 1257 2248 maria
1286 2188 1383 2250 tuisse

290 2271 347 2331 has
375 2281 473 2331 vertes
502 2270 597 2331 dictas
617 2269 657 2330 ab
676 2269 863 2333 undantibus
883 2269 936 2331 a'ut
957 2272 1067 2331 institis
1092 2281 1122 2332 et
1144 2274 1226 2345 oris,
1248 2282 1302 2330 aut
1322 2271 1382 2332 filis

290 2374 346 2434 per
368 2351 501 2414 medium
521 2374 657 2435 pannum
677 2353 825 2433 intextis,
847 2352 949 2436 quales
970 2364 1086 2413 veteres
1105 2349 1303 2432 μαιάνδρους
1324 2375 1381 2434 ap-

342 2435 464 2516 labant,
493 2439 565 2496 novi
597 2437 705 2496 Graeci
732 2432 905 2513 ποταμούς.
945 2436 1105 2517 Antipater
1139 2437 1171 2494 in
1191 2433 1383 2517 Anthologia

320 2519 398 2580 .Vl.
420 2517 494 2580 c.8.
521 2541 553 2600 p.
568 2516 641 2599 425.
662 2521 731 2584 init.
751 2517 844 2578 habet
875 2517 991 2600 puellas
1015 2529 1076 2579 tres
1106 2519 1223 2578 Dianae
1253 2517 1381 2580 donaria

293 2601 492 2679 dedicantes,
512 2623 587 2683 quas
609 2603 688 2664 inter
709 2622 771 2662 una
792 2612 904 2662 vestem
917 2601 1038 2666 dedicat
1051 2623 1121 2662 cum
1141 2599 1259 2666 intextis
1270 2599 1382 2682 puellis

292 2682 436 2825 pllrorearn
467 2685 624 2770 agentibus
668 2695 698 2746 et
735 2681 870 2754 flexuosis
902 2683 1062 2760 Maeandri
1097 2704 1215 2746 errores
1252 2687 1383 2754 amantia

317 2770 444 2829 uentis:
553 2801 556 2805 ·

376 2846 449 2911 Kal
465 2847 553 2932 βιτίη
572 2849 632 2930 μὲν
652 2844 750 2912 τάσδε
770 2849 981 2932 portentae
1001 2842 1082 2926 κάμε
1102 2844 1220 2932 κούρας
1231 2893 1241 2924 ,

455 2929 530 3006 laici
550 2953 585 2994 τε
604 2927 796 3015 Μαιάνδρου
822 2926 936 3014 ῥεῖθρα
958 2930 1181 3003 uoluntariae.

291 3011 367 3074 Vid.
397 3013 524 3074 Salmas.
554 3015 593 3077 ad
611 3015 741 3076 Tertull.
764 3038 798 3098 p.
820 3015 891 3076 502.
915 3015 965 3076 ed.
986 3015 1119 3076 Parisin.
1161 3011 1277 3074 Videor
1305 3012 1382 3073 mihi

291 3094 352 3156 tale
371 3101 465 3176 panni
489 3117 583 3178 genus
603 3092 834 3176 eataoamtr,
867 3096 1052 3176 κυματῶδες
1073 3097 1176 3160 videre
1196 3098 1229 3156 in
1249 3099 1382 3156 nummis

293 3179 471 3255 Iustiniani3
506 3191 541 3239 ut
561 3179 668 3239 ultimo
689 3201 794 3241 versus
825 3181 917 3262 primi
936 3179 1059 3240 tabulae
1084 3199 1193 3240 aeneae
1214 3179 1294 3258 apud
1331 3180 1382 3238 Du

293 3262 443 3342 Congium
454 3265 486 3322 in
500 3259 815 3345 FamiliisByzantinis
834 3284 865 3344 p.
874 3261 927 3324 88.
942 3274 973 3324 et
994 3262 1128 3322 eiusdem
1149 3261 1272 3321 tabulae
1292 3283 1382 3323 versu

293 3345 449 3418 secundo,
480 3345 553 3404 item
583 3355 694 3426 quarto
721 3346 780 3406 bis.
824 3345 983 3407 Novornm
1014 3345 1202 3404 Graecorum
1222 3346 1265 3404 sic
1286 3343 1383 3404 dictos

290 3422 458 3505 ποταμοῦς
489 3428 522 3487 in
551 3428 685 3488 vestibus
709 3429 753 3489 sic
777 3427 919 3489 describit
945 3429 998 3488 Du
1017 3426 1131 3510 Gange.
1158 3427 1271 3486 Lineae
1288 3441 1377 3500 saint,

291 3510 344 3584 ait,
364 3511 511 3572 candidae
531 3511 626 3572 urbeis
648 3513 840 3573 tuermterae
858 3513 891 3572 in
907 3511 1016 3596 palliis
1034 3510 1174 3588 mandyts
1187 3522 1217 3570 et
1235 3511 1385 3570 sciebant

291 3593 476 3653 sacerdotum
493 3593 688 3654 Grueoorron.
712 3627 752 3641 -
775 3591 914 3654 Andreas
935 3616 953 3654 a
975 3593 1008 3653 S.
1030 3593 1130 3654 Cruce
1149 3591 1231 3672 apud
1253 3591 1386 3668 eundem

291 3694 422 3756 cappam
458 3675 501 3735 ait
532 3677 642 3736 vidisse
672 3675 786 3736 Graeci
811 3677 1005 3760 patrr’crrchue
1030 3677 1104 3756 ragis
1136 3675 1213 3742 albis
1232 3693 1385 3758 propare-

291 3756 373 3837 uqroe
391 3775 450 3838 per
474 3770 674 3820 transversim
692 3779 714 3817 a
731 3779 845 3819 somuto
860 3781 948 3843 usque
964 3759 1100 3820 deorsum
1115 3759 1278 3818 vorr'atam.
1300 3755 1396 3831 Nihil,

291 3836 431 3918 profecto
451 3837 535 3898 aliud
579 3850 651 3901 sunt
683 3839 755 3901 illae
786 3853 943 3923 percerte
964 3839 1124 3902 intervalla
1142 3841 1257 3920 positae
1280 3839 1313 3898 in
1334 3849 1384 3898 tu-

295 3919 371 3979 nicis
392 3942 411 3979 a
431 3941 548 3981 summa
568 3943 623 3983 ora
642 3921 682 3983 ad
703 3925 796 3984 imam
817 3945 912 4006 usque
931 3921 1104 4000 taeniolae,
1131 3925 1164 3982 in
1195 3919 1309 4006 quibus
1336 3921 1386 3981 bi·

288 4021 354 4063 ‘nae
373 4004 498 4064 extimae
527 4004 624 4065 lineae
643 4005 793 4082 candent,
816 4007 933 4068 mediae
954 4004 1118 4086 singulares
1137 4003 1271 4080 rubent,
1293 4023 1386 4084 quam

297 4094 437 4144 veterum
458 4089 618 4148 praeandrr'
635 4099 688 4148 aut
708 4089 806 4148 scalae
820 4089 938 4150 Boethii
960 4091 991 4148 in
1009 4087 1233 4164 Consolatione,
1255 4084 1310 4148 ubi
1332 4087 1386 4146 lra-

292 4165 393 4248 bitum
419 4165 628 4256 philosophiae
664 4171 817 4246 descrilnt.
860 4171 1003 4252 Vestibus
1022 4191 1093 4234 uam
1117 4173 1158 4252 ait
1178 4169 1319 4234 indutam
1339 4169 1387 4230 fu.
