2975 4892
164 315 222 382 sn
252 312 477 384 nomana.
511 313 660 380 roma.
692 313 748 380 na
774 313 912 382 caan.
937 317 1016 382 us.
1044 321 1072 382 ι.
1106 289 1191 380 383

13 419 14 498 }
109 471 242 564 depique
264 471 373 536 Gotbis
390 471 479 534 rediit
499 493 589 534 omne
609 473 642 534 iu
663 470 780 534 ltaliam
794 475 842 536 ius
859 517 870 551 ,
890 473 1036 537 violentia
1052 487 1083 538 et
1101 499 1193 542 usur·

13 593 14 602 ο
108 558 229 639 petione
251 557 379 618 Gothica
400 557 577 632 delibatum,
606 555 645 616 ad
675 555 772 639 lmpp.
799 557 954 636 CPtauus,
974 561 1027 640 qui
1047 562 1139 624 etiam
1158 565 1192 626 id

13 643 14 646 ’
108 639 198 784 pigra
219 661 291 700 cum
312 643 488 702 auctoritate
508 649 704 700 exercuerunt
725 641 765 702 ad
784 660 821 702 ea
843 661 939 738 usque
958 654 1105 725 tempora,
1123 649 1195 728 qni·

185 723 422 784 dominationem
444 723 607 784 ambientes
628 723 757 786 Romani
776 725 932 805 poenicea
949 745 1084 806 escum,
1100 749 1194 812 quam

111 804 255 890 legitimis
274 805 460 888 principibus
490 803 651 875 debebant,
675 805 844 867 obedientia
870 807 938 868 aliis
955 826 1120 888 somnam,
1141 813 1194 874 scd

107 889 213 972 iugum
230 893 331 972 potiris
347 892 566 972 imposuerunt,
590 889 673 971 qued
692 899 739 952 tot
757 889 945 951 maculosum
966 891 1124 974 decursus,
1145 906 1192 957 tat

109 973 340 1034 potentianus
360 973 647 1032 animosissimomm
667 971 847 1034 Gennaniae
865 993 971 1056 regum
991 979 1194 1058 rumpemvix

109 1055 285 1118 ralucntnt.
326 1055 386 1118 Sed
406 1075 468 1138 qun
487 1053 638 1118 delabor?
676 1055 724 1116 De
743 1054 885 1119 laureatis
901 1060 1091 1120 instituemus
1111 1061 1194 1122 ‹lice-

110 1159 157 1200 re.
197 1137 274 1200 Illae
300 1139 393 1221 igitur
412 1139 438 1200 sl
473 1159 564 1220 φιοια
586 1139 617 1198 in
639 1137 748 1198 urbem
768 1139 973 1220 inferrentur,
993 1143 1019 1201 si
1036 1141 1115 1204 nibil
1134 1145 1193 1206 eb·

110 1231 222 1299 staret,
241 1243 260 1282 a
281 1221 401 1306 populis
427 1221 654 1304 excipiebantur
672 1220 862 1302 candidatis,
883 1245 984 1284 eeoeos
1088 1225 1194 1288 atibus

112 1287 271 1380 ardentes,
292 1303 374 1366 clero
391 1303 539 1387 psallente
558 1315 722 1386 praeeunte
743 1315 775 1364 et
792 1325 862 1364 eum
882 1305 989 1368 thurib
1023 1311 1030 1322 '
1057 1329 1066 1387 3
1087 1309 1192 1372 oscula

110 1388 300 1450 baubantur
329 1389 508 1471 imaginibus
538 1389 632 1448 cereis
672 1407 725 1448 seu
759 1391 906 1469 protomis
934 1393 1056 1470 potius,
1077 1395 1109 1452 iu
1128 1393 1191 1454 altu
1260 1455 1263 1461 ,

109 1483 200 1616 tlt
226 1470 639 1616 talttttllstlltt
658 1472 1189 1615 ttt³ltlt⁸t³5stll³t“‘⁰¹⁰t¹'“·

1141 1581 1192 1620 or·

110 1635 980 1782 ι
997 1577 1195 1784 ιἛι

109 1803 136 1864 A
169 1765 352 1866 Corratantili
388 1803 482 1866 ferme
512 1823 608 1884 usque
637 1801 676 1864 ad
705 1801 880 1864 Heraclium
909 1805 1008 1864 tenuit
1037 1801 1088 1864 bic
1107 1763 1190 1881 mes:

108 1889 192 1947 cuim
213 1886 352 1970 exemplo
372 1887 519 1970 quaedam
540 1887 592 1946 Du
624 1886 724 1966 Csnge
744 1885 766 1947 l.
786 1909 814 1946 c.
829 1883 943 1947 attulit.
982 1887 1050 1967 Ege
1066 1886 1117 1948 bic
1136 1887 1194 1948 ali·

106 1991 164 2050 qua
183 1981 308 2030 tantum
329 1991 347 2030 e
366 1971 486 2030 Zosimo
505 1979 637 2050 repetam
656 1967 701 2030 illi
716 1972 935 2050 praetermissa.
955 1969 991 2030 L.
1004 1969 1060 2029 lV.
1074 1991 1108 2074 p.
1120 1970 1193 2032 251.

107 2055 144 2114 de
163 2053 341 2114 Theodosio
367 2055 532 2114 Maximum
564 2051 746 2114 admiscente
772 2053 815 2113 sie
832 2064 953 2115 rrarrat:
978 2049 1195 2126 Θιοδοσιοςὸ

104 2131 259 2212 βασιλεῦς
277 2129 403 2214 ἐδέχετό
423 2155 456 2198 ss
478 2127 629 2211 Μάξιμον
648 2135 784 2212 βασιλέα
813 2128 970 2198 εἶναικαὶ
988 2130 1114 2196 εἰκόνων
1133 2134 1189 2198 asl-

104 2218 148 2302 τῷ
163 2223 353 2292 κοινωνεῖν,
376 2217 431 2278 καί
449 2219 604 2295 βασιλέως
623 2213 833 2298 προσηγορίας
861 2213 947 2299 ἠξίου
970 2253 988 2266 -
1005 2253 1024 2264 -
1044 2219 1101 2280 καί
1119 2220 1193 2281 Κο-

106 2301 203 2386 νηγίῳ
224 2299 271 2385 τῷ
299 2301 355 2380 τῆς
375 2298 474 2381 ου’λῆς
503 2293 636 2384 ὑπάρχῳ
670 2301 857 2378 πεμπομένου
891 2294 969 2362 κατὰ
998 2295 1058 2379 τὴν
1086 2297 1192 2380 Aira-

104 2403 179 2444 οιτον
201 2417 219 2431 -
241 2417 258 2430 -
276 2377 496 2464 τὴνΜαξᾲιοο
516 2381 621 2444 εἰκόνα
641 2381 742 2456 deitas
762 2357 1100 2462 ιοῖςῖίλιξιινδρεῦσιν
1119 2383 1191 2447 ἐπέ·

104 2465 216 2570 τοξεν,
243 2463 412 2528 dre-isiaci
427 2485 462 2526 τε
483 2462 635 2568 ripuensis,
657 2464 712 2527 sai
732 2455 783 2526 ὅτι
795 2461 1061 2564 ουμβοοιλειξοιιν
1077 2461 1193 2546 ἔλαχον

104 2545 1193 2712 t'tr'zttttttttt'iltis„ilistztlattnttttt

103 2712 264 2792 βασιλέως
287 2709 472 2790 Θεοδοσίου,
494 2707 628 2796 πότερον
647 2711 770 2774 τίθεται
789 2713 833 2795 τῷ
852 2708 1033 2790 βασιλεύειν
1054 2707 1151 2774 adesir
1171 2703 1194 2794 ’l

102 2795 296 2860 tumtunm
327 2791 386 2877 τὴν
405 2791 590 2878 α’νόόρηοιν.
632 2795 712 2882 *[Ιο
731 2796 886 2858 basilicam
905 2795 1013 2854 Iuliam
1034 2794 1133 2856 Caroli
1147 2797 1193 2856 M.

102 2881 304 2942 simulacrum
322 2879 440 2942 illatum
461 2881 540 2957 tuit,
560 2899 645 2942 more
670 2882 839 2953 maiorm,
861 2899 958 2960 eaque
982 2877 1106 2940 basilica
1126 2877 1193 2941 lau-

101 2965 366 3026 reatisCaesanrm
381 2963 573 3046 imaginibus,
592 2985 669 3045 quae
687 2964 842 3048 quondam
858 2962 1057 3024 mittebantur
1076 2965 1108 3024 iu
1120 2983 1194 3046 pro-

100 3047 234 3126 vincias,
259 3047 407 3107 destinata
430 3047 498 3108 suit.
521 3047 681 3108 Alemann.
697 3049 812 3108 Pariet.
834 3048 975 3106 Lateran.
996 3065 1029 3128 p.
1052 3067 1103 3130 η.
1131 3047 1193 3106 Ln-

101 3151 153 3198 eus
178 3129 383 3211 Theophanis
404 3129 553 3192 notandus
583 3153 615 3212 p.
641 3129 714 3210 alb.
743 3131 802 3190 sub
824 3128 946 3207 Phora,
975 3132 1108 3190 euiusin
1131 3150 1191 3189 nu·

101 3218 171 3294 ptiis
192 3216 344 3294 imagines
367 3211 520 3274 laureatae
541 3213 638 3272 Prisci
657 3226 687 3274 et
699 3215 879 3276 Dementiae
895 3233 1054 3294 suspensae
1074 3214 1191 3272 suntin

101 3299 237 3379 equestri
263 3295 479 3378 certamine.]*
528 3294 660 3356 Videtur
678 3297 718 3356 V.
740 3298 780 3356 D.
805 3296 906 3356 lecum
926 3317 961 3356 ex
980 3295 1129 3355 memoria
1149 3295 1193 3353 ei-

102 3390 193 3440 tasse.
242 3379 278 3438 ld
300 3401 396 3440 uuum
422 3378 521 3440 adhue
545 3390 638 3448 noto,
675 3381 823 3440 rationem
853 3378 1011 3455 salmasii,
1032 3378 1074 3438 eb
1099 3397 1192 3459 quam

102 3475 192 3546 negat
216 3455 362 3541 lnvpdrn
384 3463 505 3523 alanno
522 3461 651 3522 ‹lcrivari
676 3483 784 3544 posse,
806 3464 878 3543 quia
897 3480 1004 3541 nempe
1031 3453 1192 3536 λαορεάτο

102 3545 159 3606 diei
182 3546 365 3618 debuisset,
387 3546 411 3605 si
433 3567 451 3604 a
473 3545 558 3606 lauro
576 3565 635 3606 vor
657 3548 798 3620 veniret,
821 3565 884 3603 non
899 3535 1065 3622 λανρᾰτα,
1086 3553 1122 3602 ut
1144 3543 1191 3602 in-

103 3630 227 3690 terdum
252 3628 409 3702 scribitur,
432 3627 548 3688 nullam
581 3649 654 3688 esse.
699 3629 780 3688 Nam
805 3629 938 3708 primum
982 3625 1083 3686 uidem
1103 3623 1194 3688 claris

103 3709 213 3774 litteris
236 3721 391 3795 exaratum
417 3713 449 3771 in
478 3709 661 3772 membranis
694 3709 848 3772 inveniet
873 3647 990 3770 reddidi
1015 3703 1188 3787 λαυρεοὶτα.

103 3793 225 3856 Deinde
242 3795 404 3874 praetendi
425 3807 525 3876 posset
541 3794 760 3856 Graeculorum
782 3795 898 3854 inscitia
919 3791 1019 3852 Latini
1045 3793 1193 3852 sermonis

103 3887 131 3936 et
150 3878 309 3960 imperitia
335 3879 367 3936 in
384 3877 551 3938 reddendis
569 3879 684 3940 Latinis
712 3877 890 3954 vocabulis,
921 3897 1001 3958 quae
1026 3877 1137 3935 mirum
1161 3876 1193 3936 in

103 3961 231 4022 modurn
256 3970 397 4041 torquem
420 3972 450 4022 et
474 3959 654 4024 deformant.
702 3961 762 4022 Sed
783 3981 881 4042 neque
910 3979 1039 4041 pravum
1061 3969 1106 4020 est
1125 3957 1192 4018 lau·

103 4059 170 4103 mta
200 4055 236 4105 et
262 4047 362 4125 potuit
387 4065 406 4104 a
444 4045 530 4104 lauro
557 4044 703 4122 sarmati,
732 4055 768 4104 ut
794 4043 923 4104 alterurn
953 4063 972 4102 a
992 4043 1096 4102 Ιοιιικιι
1120 4040 1189 4100 nris.

102 4123 249 4209 Denique
276 4125 412 4208 exemplo
447 4148 509 4191 non
542 4139 634 4188 caret.
677 4119 857 4204 Λοοδοὶριοι
876 4125 984 4186 dicunt
1010 4147 1038 4186 e.
1067 4147 1095 4184 c.
1120 4125 1195 4182 novi

103 4208 212 4272 Graeci
244 4231 263 4272 a
283 4210 382 4291 lesda,
405 4231 482 4294 quas
500 4209 601 4272 Latini
620 4210 775 4272 tradamus.
799 4211 840 4270 V.
859 4209 910 4270 Du
932 4210 1035 4291 Gange
1057 4205 1110 4271 01.
1132 4206 1188 4264 Gr·
