2975 4892
96 355 145 425 m
175 355 398 426 constans.
426 361 575 434 rosan,
605 363 660 427 ns
690 361 828 430 cunin.
859 365 985 431 uun.
1022 338 1108 454 673

46 515 125 590 siud,
144 509 233 574 altero
252 515 285 574 in
312 513 405 576 Getae
425 515 556 576 cubiculo
585 517 728 580 baemret.
773 517 996 602 Argumentum
1015 523 1105 581 insci·

47 601 96 656 tiae
113 599 337 678 antiquitatum,
359 598 453 679 quod,
470 599 574 659 Niceta
586 610 672 672 teste,
697 623 727 682 p.
743 602 818 684 339.
831 603 873 661 D.
885 613 1012 663 statuam
1024 603 1106 664 Cou-

47 681 153 738 stantini
176 681 220 738 M:
253 690 420 760 equestrem
449 682 572 762 quidam
594 705 650 764 pro
670 685 783 766 Pegaso
804 695 835 744 et
852 683 1104 767 Bellerophonte,

47 760 88 820 eiii
105 782 156 842 pru
176 763 275 836 losua,
297 762 359 822 filio
379 763 474 856 Nave,
505 764 659 832 haberent.
711 763 800 826 Cous.
821 767 954 828 eiusdem
980 769 1104 850 Fragm.

46 843 77 902 T.
88 845 138 904 Vt.
159 843 235 904 Bibl.
255 845 310 904 Gr.
330 845 460 906 Fabricii
476 866 508 928 p.
529 847 601 930 dop.
626 849 682 910 Ex
700 845 858 931 Addend]

114 927 152 985 D.
168 926 354 1024 antepenult3
376 927 462 1012 [575‚
484 951 529 1014 ¹9·
581 923 686 1011 σκεύη.
751 933 881 992 Videtur
900 931 949 992 bic
971 942 1001 993 et
1021 935 1107 994 simi·

45 1005 112 1066 libus
129 1012 158 1068 in
178 1006 252 1070 iocis
281 1029 375 1092 oxauq
407 1011 484 1073 nihil
515 1013 599 1073 aiud
633 1034 725 1095 quam
744 1014 852 1074 vexilla
869 1026 986 1076 notare.
1027 1015 1106 1076 Satis

45 1088 93 1148 boc
110 1103 227 1172 apparet
260 1113 328 1151 cum
349 1113 383 1153 ex
410 1095 558 1156 adiectivo
587 1092 702 1171 λοιπὰ,
725 1097 860 1182 aliisue,
888 1097 971 1180 qitod
992 1119 1104 1179 suppo·

46 1173 94 1248 nit,
113 1174 314 1254 praecedentia
328 1175 407 1236 idem
428 1199 498 1237 cum
519 1178 711 1260 sequentibus
731 1199 812 1256 esse,
833 1191 863 1256 et
882 1201 899 1240 e
920 1201 1008 1240 versu
1027 1183 1106 1264 pagi-

44 1255 183 1318 naehuius
203 1257 325 1328 ultimo3
348 1253 385 1320 τὰ
400 1257 622 1341 προῤῥηθέιτα
644 1255 749 1340 σκεύη,
760 1263 917 1344 praedicta
930 1283 1016 1337 vasa,
1035 1273 1107 1324 suut

45 1347 163 1417 sceptra,
181 1341 344 1414 victoriae,
366 1343 450 1423 signa
470 1353 528 1402 etc.
569 1341 655 1404 veni
676 1353 777 1404 tamcn
797 1365 871 1405 vasa
891 1347 1052 1427 respiciens
1065 1345 1105 1406 ad

44 1438 70 1496 p.
82 1418 145 1496 34¹·
160 1419 194 1481 C.
208 1423 289 1495 fine,
310 1423 364 1483 ubi
385 1416 520 1484 intertui
541 1423 637 1504 σκεύη
658 1426 806 1507 quaedam
828 1427 1013 1508 referuntur,
1028 1449 1107 1510 quae

45 1502 134 1562 vexilla
154 1523 213 1566 uon
235 1516 326 1584 sunt,
346 1515 382 1566 ut
401 1527 509 1590 magna
533 1528 605 1568 crux
629 1520 658 1568 ct
678 1511 762 1606 virga
783 1510 887 1570 Masis.

110 1585 147 1644 D.
169 1599 310 1670 antepen.
337 1587 511 1672 [575‚19.]
533 1587 804 1670 καμπηδικτωρια.
865 1589 1106 1673 Campiduetoria'

47 1678 117 1726 erant
134 1672 226 1751 signa,
252 1669 352 1753 qualia
374 1672 611 1753 campiductores
639 1684 786 1754 gererent,
812 1685 865 1734 aut
887 1672 988 1756 qualia
1010 1676 1107 1734 maui-

44 1748 95 1826 puii
111 1749 275 1832 haberent,
297 1773 428 1836 quorum
437 1757 642 1836 unusquisque
656 1777 675 1816 a
694 1756 919 1836 campiductore
933 1753 981 1814 vel
1001 1755 1107 1816 docto-

44 1849 71 1888 re
85 1846 241 1914 mgeretur.
285 1837 332 1896 De
362 1837 634 1918 campiductoribus
661 1837 710 1898 vel
737 1839 1030 1918 campiductoribus,
1051 1859 1106 1915 yv-

43 1922 174 1988 μνασταῖς
193 1917 261 1979 τῶν
280 1921 491 2000 στρατιωτῶν,
511 1941 572 1980 non
594 1931 725 2002 repetam
747 1921 892 1982 aValesio
904 1919 1109 1984 addmmiant

46 1994 159 2058 Marcell.
164 2041 176 2072 ,
197 2022 215 2061 a
236 2001 408 2079 Gutberio,
429 2023 448 2064 a
474 2003 524 2062 Du
548 1995 661 2084 Cangio
682 2001 732 2062 Gi.
756 2005 824 2062 Lat.
844 2015 874 2064 et
895 2003 960 2064 aliis
979 2002 1068 2064 dicta

110 2081 145 2139 D.
162 2104 233 2165 pen,
261 2083 346 2168 [575,
366 2081 427 2166 ¹9.]
457 2079 608 2165 λάβουρα.
659 2085 785 2145 Laboro
805 2087 879 2168 quid
900 2087 1029 2156 fuerint,
1050 2106 1108 2145 no-

46 2167 99 2219 tum
116 2165 169 2243 est,
192 2167 324 2227 etmulti
338 2167 432 2228 multa
455 2165 492 2226 de
514 2187 560 2227 eo.
583 2161 672 2228 Cous.
693 2169 856 2250 DuCange
877 2168 926 2228 Gl.
953 2169 1017 2226 Lat.
1030 2167 1105 2228 h.v.

45 2239 81 2300 De
97 2247 273 2331 etymologia
301 2251 419 2309 tantum
441 2249 587 2326 monebu,
607 2251 727 2332 linguae
740 2251 873 2312 Graecae
893 2271 956 2312 esse
976 2250 1108 2310 vocubu-

45 2319 110 2402 lum,
130 2341 158 2388 et
179 2343 243 2392 non
265 2329 440 2394 barbaricae
459 2333 599 2414 originis,
624 2333 696 2393 mihi
717 2333 814 2394 'videri
834 2356 852 2394 a
872 2326 1000 2406 λαπαρά
1021 2354 1109 2414 rcpe·

43 2407 148 2471 tendum
165 2434 247 2489 esse,
274 2425 303 2476 et
323 2407 466 2494 λαπαρόν
484 2417 570 2475 initio
593 2415 706 2475 dictum
727 2415 817 2496 fuisse
833 2415 891 2476 hoc
926 2413 1028 2475 velum
1058 2413 1108 2474 vei

44 2489 186 2573 vexillum,
219 2497 307 2579 quod
337 2492 430 2578 duplo
451 2517 552 2578 panno
573 2499 727 2558 autcario
746 2509 885 2579 paratum
906 2509 936 2558 et
956 2498 1037 2555 intus
1056 2517 1109 2558 ca-

43 2579 102 2632 'Vum
117 2587 204 2660 atque
224 2591 357 2640 vacuum
378 2591 472 2658 esset,
492 2591 526 2640 ut
546 2590 638 2640 vento
664 2592 829 2640 tumescere
847 2592 938 2662 atque
972 2578 1109 2639 detume-

45 2669 110 2716 scere
131 2673 241 2742 posset.
276 2661 423 2722 Scribitur
442 2671 543 2722 autern
563 2659 613 2722 hic
634 2656 777 2740 λάβουρα
796 2684 853 2744 pro
875 2658 1012 2741 λάθωρα.
1034 2661 1111 2723 Nam

43 2734 164 2820 λα’βαρον
193 2755 224 2804 et
252 2739 398 2823 λάβωρον
421 2745 546 2826 perinde
567 2744 676 2804 dicitur
696 2753 787 2825 atque
806 2743 958 2806 scribitur.
1015 2743 1111 2825 Atqui

45 2829 108 2880 bct
126 2843 161 2884 oc
181 2847 274 2910 saepe
305 2829 469 2909 permutari
495 2825 634 2908 exemplis
663 2826 887 2904 demonstravi,
915 2826 968 2884 ubi
990 2825 1028 2886 de
1047 2837 1110 2885 ter-

42 2903 188 3041 ppinatione
234 2903 342 2992 οόριον
382 2907 439 2990 (ut
473 2901 675 2992 δρνατυύριον
708 2928 766 2990 pro
803 2911 984 2972 amorim
1023 2907 1108 2991 etc.)

68 3007 165 3052 cemma

108 3072 148 3132 D.
167 3085 239 3157 peu.
270 3069 359 3158 [575,
378 3061 440 3158 ¹9]
461 3063 563 3154 erbeus
611 3072 711 3135 Erant
737 3063 812 3135 olim
843 3082 954 3134 acmen
973 3071 1111 3155 generale

44 3147 188 3234 insignium
207 3157 388 3218 militarium
421 3162 570 3218 omnium.
620 3159 656 3218 ln
688 3169 792 3220 nostro
814 3168 915 3217 tamen
935 3157 1038 3217 codice
1058 3176 1112 3215 ve-

45 3231 101 3295 xilla
120 3241 331 3302 tantummodo
353 3239 405 3301 ilia
424 3239 586 3318 denotant,
607 3242 639 3300 in
704 3241 769 3300 ibus
788 3251 925 3322 protome
947 3239 1112 3319 Imperato-⁴

43 3330 76 3374 ns
95 3339 244 3403 purpureo
274 3343 376 3405 panno
405 3323 504 3383 insuta
524 3333 609 3383 essct.
659 3263 779 3406 alligo
803 3321 914 3383 cloria
937 3320 1113 3381 Glossarum

45 3407 68 3454 et
84 3409 288 3466 commentarii
323 3407 392 3466 msti
418 3405 595 3506 Apocryphi
613 3403 650 3464 de
669 3405 740 3466 Vita
776 3407 844 3466 lesu
873 3404 1005 3479 Christi,
1037 3421 1114 3484 quos

44 3476 112 3544 dedit
129 3487 179 3548 Du
212 3489 317 3572 Gange
336 3509 368 3550 v.
399 3487 564 3568 Hpotopp.
613 3487 698 3548 Confi
727 3503 806 3569 qnae
833 3487 914 3548 idem
935 3483 986 3544 Gl.
1007 3483 1062 3543 Gr.
1082 3505 1113 3564 p.

47 3559 120 3640 ¹343.
140 3571 229 3632 initio
250 3573 291 3633 de
310 3570 528 3650 sebastophoris
549 3569 650 3632 habea
670 3571 790 3631 Nicetes
799 3592 830 3652 p.
848 3569 914 3630 126,
930 3567 972 3626 D.
985 3565 1035 3627 8.=
1056 3587 1114 3646 σηε

45 3651 126 3724 μθῖαι,
148 3651 186 3714 ui
201 3648 281 3723 τούς
300 3654 441 3730 βασιλεῖς
461 3651 656 3728 εἰκονιζουσι.

54 3797 62 3820 t
112 3733 150 3796 D.
168 3751 244 3832 pen.
267 3735 355 3820 [575‚-
372 3732 439 3818 ao]
462 3728 649 3796 temanum
693 3733 798 3794 idest
821 3727 1114 3828 tnoxmitnoelvet

45 3825 253 3898 causostem,
279 3821 307 3878 ri
327 3819 392 3903 quta
414 3817 582 3894 descendat,
601 3827 650 3893 et,
676 3815 778 3898 quoad
797 3834 936 3888 sensum,
956 3809 1114 3889 ὖποκατω,

47 3891 138 3976 [ΨΜ.Ι
162 3901 238 3961 Vid.
263 3899 404 3962 dictand
448 3901 543 3962 .515.
558 3899 598 3960 A.
617 3919 663 3960 ιο.
871 3963 875 3972 .

96 3977 162 4042 353.
174 3981 214 4044 A.
235 4003 288 4044 η.
312 3981 400 4066 [576,
414 3921 460 4066 d]
492 3979 699 4060 μονοπέλυκαι
742 3973 821 4040 Sunt
849 3975 922 4039 alias
948 3967 1116 4056 ›incndite-t

46 4073 88 4124 και
106 4063 227 4140 dictae,
252 4083 372 4129 secures
392 4065 585 4146 unipenues,
607 4065 642 4124 ut
663 4065 706 4123 ita
727 4061 826 4123 dicam
843 4109 851 4134 ‚
876 4081 936 4120 nou
960 4059 1115 4140 bipennes.

46 4129 113 4200 Nam
130 4143 280 4230 bipennes¹
308 4157 384 4226 ,sunt
404 4149 524 4230 proprie
545 4141 579 4206 ai
599 4145 758 4222 πελὲκὲις,
779 4144 829 4205 bic
850 4151 948 4204 autern
972 4140 1030 4201 loci
1049 4139 1118 4212 stt-¹

46 4217 156 4302 “odeum
200 4233 312 4292 Graeci
340 4223 549 4311 ἡμιπέλεκκαν
569 4227 718 4306 vocabant
737 4221 772 4288 ro*
796 4218 898 4307 ἥμισύ
916 4223 974 4286 toti
993 4219 1118 4283 πελέκο·

75 4351 273 4416 &undantium
290 4359 420 4433 Porpbyi.
446 4345 502 4414 Vot'.
523 4359 559 4414 II.-
891 4342 926 4422 ⁴3
