2975 4892
186 305 532 374 numennumen
563 311 637 372 arn.
669 312 693 373 1.
717 311 772 373 nn
805 289 1023 377 aminon
1074 279 1153 369 561

66 462 153 548 apud
180 463 310 526 eundem
335 462 406 525 Abu
423 462 566 526 Oseiham
606 463 708 542 locam,
729 467 784 548 qul
810 471 905 550 mapa
942 468 1088 550 stringere
1128 477 1161 529 et

67 551 172 631 aptius
192 547 236 608 rei
266 550 416 629 praesenti
450 568 615 628 congruere
640 549 773 610 videtur.
826 550 924 612 Paulo
957 562 1029 633 post
1051 571 1159 632 nempe

69 632 152 692 infra
172 634 360 712 superiorem
381 629 511 692 deAbul
523 629 641 693 Fadlrlo
662 628 742 710 lilio,
757 631 859 694 abdel
879 633 1013 709 Cadmi,
1039 631 1079 692 Al
1093 635 1160 692 illo-

70 713 208 776 handeso
228 733 281 774 seu
302 713 465 773 Geometra
484 711 586 789 dicto,
607 714 817 792 Damasceno,
845 718 899 798 qui
921 716 1022 776 medio
1042 716 1162 776 sacculo

70 796 163 859 Xlll.
185 797 216 856 in
238 794 328 876 Syna
349 805 380 854 et
400 795 541 938 Aegypto
562 797 654 874 vixit,
676 797 755 857 iuter
774 797 833 858 alia
851 800 926 860 haec
947 810 1070 874 narrat,
1091 819 1162 858 eum

70 877 216 942 subtilem
250 889 282 938 et
309 877 448 948 dextrum
497 881 574 938 uisse
601 880 846 941 mathematicum
876 890 907 945 et
932 881 1159 954 mechanicum,

71 964 163 1035 initio
183 960 306 1042 quidem
337 959 553 1022 dexterrimum
584 959 704 1024 fabrum
725 963 908 1046 lignarium,
931 962 1039 1024 deiude
1059 963 1098 1023 ad
1116 963 1162 1024 al-

72 1048 154 1106 tiora
184 1044 353 1105 litterarum
388 1063 509 1126 quoque
527 1043 740 1106 humaniorum
760 1046 971 1128 et'theologiae
990 1067 1074 1107 sacra
1090 1067 1163 1127 pro·

73 1145 206 1205 wisse.
248 1135 384 1232 O‘W'
408 1129 532 1232 eal-§til
549 1131 656 1230 o-a‘dl
682 1131 853 1198 tatami
878 1134 965 1242 8³⁰¹
990 1123 1080 1232 &bll
1096 1143 1163 1222 59,

76 1228 204 1310 zahl>
229 1227 361 1316 w>
388 1229 510 1322 lilss'l‘lfl
534 1228 648 1328 45le
663 1231 776 1327 ΟΕ)
802 1246 849 1303 lu'c
874 1258 917 1304 est
940 1240 1016 1317 tlte,
1043 1246 1096 1328 qni
1116 1266 1166 1304 ne-

71 1327 199 1409 parauit
221 1325 387 1408 [servandis
407 1327 439 1384 in
460 1324 540 1385 bono
562 1336 643 1388 statu
665 1339 695 1386 et
715 1327 902 1410 reparandis,
921 1331 946 1386 si
969 1327 1046 1388 forte
1067 1326 1166 1387 lahem

77 1407 290 1468 eontraherent
297 1451 308 1483 ,
331 1406 499 1490 invigilavit
511 1406 537 1490 ,l
567 1409 718 1490 horologia
761 1409 866 1493 templi
900 1411 1023 1469 maioris
1047 1408 1166 1470 Danaa·

78 1493 182 1564 sceni,
207 1511 328 1573 quorum
350 1491 387 1550 ob
412 1493 616 1574 inspectionem
640 1504 670 1551 et
682 1493 879 1554 visitationem
893 1513 909 1551 e
922 1491 1004 1576 fisco
1022 1492 1167 1553 salarium

62 1572 177 1658 finan
199 1573 371 1656 accipiebat.
416 1575 514 1633 Maius
543 1573 668 1655 quidet
691 1574 845 1636 diversum
864 1595 883 1634 a
903 1577 1040 1634 sciaterio
1060 1573 1168 1654 procul

81 1653 180 1714 dubio
199 1653 249 1714 hic
268 1654 450 1737 designatur.
494 1655 569 1716 Nam
591 1657 682 1716 semel
701 1656 760 1718 lixo
780 1659 812 1719 iu
837 1656 995 1717 commodo
1014 1656 1080 1716 loco
1093 1678 1169 1737 gno-

82 1757 176 1798 mone
196 1735 303 1812 solari,
323 1758 384 1798 non
406 1735 534 1820 amplius
554 1760 630 1820 opus
650 1759 720 1801 eum
734 1741 903 1811 custodire,
926 1760 979 1822 per
998 1749 1171 1820 temporam
1239 1795 1244 1805 .

80 1817 242 1883 mtemalla
261 1821 381 1882 visitare
401 1832 431 1881 et
452 1843 484 1880 re
506 1843 591 1882 arare
607 1823 776 1882 ruinosum.
818 1821 933 1883 Verum
954 1822 1104 1882 coutinuis
1122 1825 1173 1881 vi-

83 1901 164 1986 giliis
183 1901 390 1984 opushabere
411 1844 567 1986 horologia
588 1915 692 1990 nostpa
711 1905 826 1966 maiora
840 1907 992 1986 campanis
1012 1906 1169 1978 instructa,

83 2005 174 2063 nemo
194 1996 239 2046 est
259 1987 313 2066 qui
333 1989 460 2068 ignoret.
517 1987 619 2070 Neque
639 1987 677 2048 de'
702 1986 872 2070 σημάντρῳ
892 1986 992 2070 ligneo
1015 1985 1172 2048 commode

82 2067 144 2130 dici
164 2079 263 2151 potest
272 2073 437 2150 reparatio,
459 2071 508 2132 cui
523 2091 584 2130 non
598 2070 843 2130 mathematicum
860 2070 1014 2130 hominem
1028 2091 1104 2151 opus
1114 2080 1171 2148 est,

87 2151 143 2212 sed
165 2162 284 2214 tantum
314 2150 469 2235 vulgarem
501 2153 623 2214 fabrum
653 2153 798 2213 adhihere
819 2151 952 2231 sufficit,
977 2156 1115 2236 quamvis
1135 2153 1175 2214 de

85 2233 143 2294 tali
163 2233 262 2316 ligneo
279 2235 364 2316 signo
386 2238 508 2312 rectius,
531 2257 621 2318 quam
644 2234 682 2296 de
703 2238 858 2314 misterio,
881 2236 999 2296 dicatur
1019 2235 1051 2296 id
1070 2235 1174 2296 obser·

86 2317 165 2379 vari.
209 2317 288 2377 Nam
308 2317 385 2378 illud
404 2321 520 2401 saepius
541 2341 596 2401 per
616 2317 695 2379 diem
716 2318 829 2400 pulsari
850 2317 997 2391 debebat,
1020 2329 1051 2379 et
1071 2329 1176 2380 narrat

86 2399 279 2460 Brochardus
299 2403 332 2460 iu
353 2401 492 2484 descript.
514 2411 611 2462 terrae
633 2411 770 2478 sanctae,
798 2401 991 2461 Nestorianos
1011 2400 1049 2460 ad
1072 2423 1175 2462 omncs

88 2482 180 2543 horas
200 2484 319 2564 signum
340 2483 436 2544 facere
459 2483 561 2545 tabula
583 2482 693 2566 lignea,
716 2484 834 2543 delectu
854 2505 1090 2564 campanarum,
1109 2485 1175 2544 vid.

88 2587 122 2648 p.
146 2563 218 2625 535.
242 2564 314 2625 edit.
335 2567 478 2649 Grynaei.
519 2565 597 2626 Mihi
617 2566 739 2650 quidem
766 2566 837 2626 satis
855 2577 919 2626 esto
938 2586 1003 2626 rem
1024 2568 1055 2624 in
1076 2567 1177 2626 medio

89 2667 204 2730 ponere
223 2646 362 2709 ulteriori
382 2651 510 2710 examini
529 2649 698 2709 doctorum.
745 2647 872 2708 Praeter
892 2646 966 2707 alios
978 2646 1103 2725 multos,
1125 2648 1178 2730 qui

91 2731 131 2790 de
151 2741 288 2791 veterum
315 2730 478 2816 horologiis
511 2731 723 2814 disputarunt,
752 2751 828 2812 quos
861 2731 1125 2790 Zimmcrmannus
1147 2732 1179 2790 in

91 2811 257 2894 Florilegio
283 2811 471 2898 Philologico
492 2835 521 2875 v.
573 2814 788 2894 Horologium,
822 2822 852 2872 et
871 2813 1041 2885 Fabricius}
1064 2812 1095 2872 in
1127 2814 1182 2871 Bia

90 2895 281 2978 bliographie
295 2896 476 2979 Antiquaria
490 2908 654 2967 recensent,
668 2905 879 2977 argumentum
899 2896 958 2956 hoc
978 2896 1182 2956 recentissima

93 2979 240 3040 memoria
273 2983 436 3062 attigerunt
467 2981 530 3040 Dn.
563 2980 600 3040 de
629 2981 752 3039 Barette
776 2979 852 3039 dans
881 2977 923 3038 les
950 2979 1110 3038 Memoires
1142 2978 1181 3039 de

93 3060 281 3122 l’Academie
300 3061 414 3146 Royale
433 3062 486 3123 des
508 3063 701 3144 Inscriptions
722 3073 752 3122 et
772 3058 918 3122 debelles
939 3057 1056 3137 lettres,
1078 3073 1108 3121 ct
1128 3061 1180 3121 Cl.

95 3146 284 3208 Muratorius
314 3145 351 3204 T.
367 3146 408 3205 ll.
431 3147 556 3228 Antiqu.
589 3145 657 3205 ltal.
680 3167 710 3226 p.
725 3144 826 3228 589.,
850 3144 904 3205 ubi
938 3147 1018 3204 inter
1038 3143 1097 3204 alia
1122 3143 1181 3204 mi-

93 3239 198 3300 ratur‚
221 3249 316 3308 quare
334 3229 365 3287 in
386 3233 480 3289 veteri
501 3230 615 3302 charta,
639 3250 729 3310 quam
749 3227 901 3309 producit,
922 3238 1106 3288 memoretur
1127 3248 1182 3287 no·

96 3323 231 3375 warno
254 3311 448 3391 horologium.
492 3312 556 3370 Non
577 3311 762 3394 recogitabat
790 3311 902 3371 scilicet
922 3310 962 3370 V.
989 3311 1044 3382 D„
1066 3321 1183 3371 veteres

98 3413 155 3474 per
175 3393 255 3452 diem
283 3393 321 3453 ad
342 3392 451 3454 solaria
478 3394 633 3475 horologia
660 3394 838 3474 respexisse,
865 3393 904 3452 de
932 3404 1021 3452 nocte
1044 3392 1082 3450 ad
1123 3389 1185 3450 cle-

98 3474 248 3559 psydras,
270 3479 434 3536 autetiam
455 3477 493 3536 ad
515 3475 712 3558 campanalia,
729 3474 755 3536 si
777 3497 855 3557 quae
874 3475 952 3537 forte
973 3473 1116 3533 habuere.
1144 3473 1186 3534 Et

100 3579 137 3620 eo
160 3579 284 3640 prorsus
311 3559 401 3620 modo
423 3561 515 3641 accipi
546 3560 636 3620 dehet
668 3559 864 3619 Aristoxenus
892 3556 970 3636 apud
993 3555 1186 3616 Athenaeum

126 3684 135 3700 .
154 3639 221 3724 174.
236 3639 411 3703 C.narraus
426 3643 585 3702 Platonem
594 3643 651 3704 sibi
673 3641 774 3700 secisse
804 3632 983 3716 marcoardo
1004 3633 1183 3719 ὡρολόγιον.

98 3663 192 3802 Reae
213 3723 335 3804 quidem
357 3728 388 3784 in
405 3737 510 3785 nostro
531 3723 597 3784 loco
618 3730 824 3784 memorantur
843 3719 1000 3802 horologia
1019 3741 1116 3782 unum
1136 3743 1187 3782 ar-

102 3817 268 3890 gauleum,
291 3805 419 3868 alterurn
452 3829 599 3880 aeneum,
621 3806 765 3868 videntur
785 3805 860 3865 mihi
881 3803 1001 3886 quidem
1035 3815 1099 3864 arte
1123 3825 1187 3865 rne-

102 3889 229 3950 chanica
261 3892 335 3950 rotis
356 3903 386 3952 et
418 3891 600 3972 ponderibus
620 3901 686 3950 acta
716 3889 805 3949 luisse
833 3899 868 3947 ut
893 3898 1019 3965 nostra,
1040 3887 1114 3947 illud
1132 3909 1187 3947 au-

103 3983 183 4044 tem,
204 3973 286 4054 quod
307 3973 441 4034 tabulam
465 3975 610 4034 horarum
631 3973 760 4032 indicem
782 3981 951 4053 argenteam
973 3970 1118 4047 haberet,
1141 3991 1188 4029 ar·

105 4065 267 4138 genteum,
291 4057 373 4136 quod
394 4079 468 4116 vero
487 4057 623 4117 tabulam
644 4077 766 4116 aeneam
785 4055 932 4129 haberet,
955 4074 1081 4114 aeneurn
1096 4075 1113 4112 a
1126 4053 1189 4112 No-

105 4149 170 4198 stro
189 4137 259 4197 dici.
287 4140 377 4199 Conl.
400 4141 451 4200 Du
468 4141 570 4222 Cange
595 4161 626 4200 v.
660 4139 877 4218 Horologium,
905 4136 959 4196 uhi
989 4159 1083 4218 quum
1112 4141 1191 4195 inter

107 4220 168 4282 alia
194 4222 331 4302 posuerit
345 4221 424 4283 hanc
443 4243 548 4284 vocem
571 4221 685 4305 absque
711 4223 975 4304 interpretatione,
1001 4232 1036 4280 ut
1057 4219 1133 4280 solet
1146 4219 1191 4277 sa·

145 4335 348 4392 Constantinus
366 4337 499 4410 Porphyr.
522 4338 580 4392 Vol.
599 4337 636 4392 11.
959 4335 995 4390 36
