2975 4892
228 239 332 351 ¹¹l¹0
456 271 1126 351 10.1eo.·un1snu,commruanu
1159 256 1162 260 ’
1264 346 1267 354 .

245 434 340 494 amor
359 423 545 514 peloridum
576 429 763 519 appdlatur.'
815 431 966 513 Campam
983 440 1015 492 et
1040 429 1235 494 Hebdomurn
1253 430 1337 495 idem

244 535 339 592 ¹mse,
365 513 501 576 tribunal
522 515 673 578 Hebdomi
701 527 731 576 et
752 514 859 597 Campi
892 535 1015 598 quoque
1034 515 1115 578 idem
1135 535 1220 594 esse,
1240 527 1272 580 et
1290 517 1337 581 ibi

250 599 439 660 mnuntiatos
457 595 560 694 fuisse,
572 599 795 680 Imperatores,
817 601 861 658 ait
878 598 931 657 Du
953 597 1053 696 Gange
1073 595 1147 660 CPli
1170 597 1280 665 Christ.
1297 622 1335 682 p.

249 678 1338 865 ἔξιθ’ιξριιιῐῖἀῐῖιῖἶζᾏᾛῗῖἓιῗίῗῗ.νέξᾚιῗαὲῗξιᾜ
1441 847 1445 851 ἢ

246 867 297 1000 ιι
316 843 912 1012 statim.attremuit
941 845 1337 1011 staturus

248 1031 304 1074 nes
324 1013 357 1074 in
370 1010 516 1094 Campum
538 1013 739 1093 processiones
761 1012 869 1074 facere.
902 1001 1103 1096 '‘[Merianus'
1118 1033 1180 1072 naa
1199 1031 1270 1072 ctam
1281 1033 1337 1095 pa·

247 1094 383 1158 triarcba
406 1097 611 1173 processiones
631 1094 769 1158 solennes
790 1097 821 1155 in
842 1094 993 1178 Campum
1012 1095 1095 1156 facit.
1139 1093 1224 1156 Theo
1246 1094 1279 1154 h.
1326 1139 1335 1155 .

246 1175 300 1260 94.
333 1175 523 1250 Βασιλίσκος
543 1177 578 1240 ἐν
596 1177 640 1262 τῷ
660 1173 773 1262 aniana
794 1173 990 1259 ἀνηγορεύθη
1009 1172 1172 1256 descierit,
1193 1115 1335 1259 Theoph.

250 1281 284 1342 p.
305 1259 371 1338 ¹⁰4·
418 1261 467 1324 De
497 1281 604 1343 campo
624 1262 736 1322 Martio
754 1281 867 1344 regum
894 1261 1084 1322 Francorum
1102 1281 1134 1322 v.
1154 1257 1277 1342 Abrege
1295 1261 1339 1324 da

248 1343 368 1402 Mezera
411 1344 450 1404 T.
467 1345 508 1404 II.
531 1366 563 1427 p.
577 1343 643 1405 128.
667 1345 798 1405 ReInesii
818 1342 929 1407 Variae
947 1354 978 1406 et
996 1340 1130 1405 defensio
1149 1341 1338 1422 variarum,

250 1365 390 1515 Giornal:
412 1425 460 1487 dei
480 1425 625 1490 Letterati
647 1427 689 1488 ll.
714 1425 782 1507 roci.
797 1425 925 1489 Riuinus
943 1425 982 1488 de
1002 1425 1162 1500 Mainmis',
1187 1425 1239 1486 Du
1252 1426 1338 1488 Can-

247 1528 285 1590 ge
305 1509 345 1568 ad
368 1508 509 1572 loinville
530 1511 657 1572 Dissert.
678 1509 736 1570 IV.
754 1531 784 1591 p.
809 1507 918 1608 ml*
964 1510 1013 1570 De
1032 1530 1116 1581 more
1134 1508 1340 1589 Imperatores

248 1591 281 1650 in
303 1611 432 1674 cumpo,
454 1614 517 1653 non
539 1593 653 1654 Romae
680 1603 734 1654 aut
754 1593 890 1675 Byzantii
917 1603 1058 1670 tantum,
1077 1589 1130 1653 sed
1150 1594 1242 1657 etiam
1261 1590 1338 1653 alibi

246 1676 440 1737 renuntiandi
454 1697 484 1744 v.
504 1673 607 1738 Voles.
631 1674 671 1736 ad
692 1673 797 1738 Amin.
827 1673 961 1737 Marcell.
984 1696 1015 1756 p.
1036 1674 1107 1737 aba.

261 1795 263 1802 ι
331 1757 368 1818 C.
382 1758 415 1820 6.
436 1756 526 1841 [4¹⁰²
544 1757 608 1841 ro.]
630 1753 818 1830 Ἀιατόλιος.
857 1758 941 1836 Quid
960 1757 1011 1818 hic
1034 1755 1206 1839 patriarcha
1218 1767 1270 1818 aut
1285 1775 1341 1818 ar·

246 1837 453 1924 chiepiscopus
475 1842 616 1904 CPtanus
637 1839 719 1924 apud
754 1841 1006 1902 renuntiationem
1027 1842 1142 1903 Leonis
1157 1843 1262 1922 egerit,
1282 1861 1341 1904 oo-

247 1921 304 1982 dex
326 1935 428 1986 noster
455 1945 518 1986 non
546 1923 668 1985 indicat.
717 1923 806 1984 Certe
826 1921 917 1986 alans
944 1923 1046 1985 verbis
1066 1945 1129 1986 non
1149 1923 1246 1998 dicit,
1264 1944 1339 1984 eum

247 2024 392 2067 eoronam
412 2027 494 2068 novo
515 2007 635 2067 Caesari
657 2008 842 2088 imposuisse·
862 2007 916 2067 Ait
935 1997 1238 2088 tamenliicephorus
1247 2007 1333 2068 liist.

249 2085 367 2150 Eccles.
391 2089 462 2149 XV.
484 2087 531 2152 15.
560 2087 600 2150 de
620 2090 722 2150 Leone
748 2089 829 2155 hoc:
860 2081 960 2174 ψήφῳ
980 2088 1066 2168 κοινῆ
1085 2089 1141 2170 τῆς
1160 2084 1339 2168 συγκλήτου

245 2164 397 2247 donateris
415 2165 583 2247 Ῥωμαίων
603 2165 837 2252 cimmerium,
857 2173 916 2231 τοῦ
938 2153 1337 2253 πατριᾶρχοιἈιατολώυ

245 2245 283 2312 τὸ
307 2247 448 2334 διάδημα
469 2251 684 2330 περιτιθέντος
702 2251 801 2339 αὐτῷ.
821 2252 895 2315 vid.
917 2275 996 2338 quae
1014 2253 1054 2316 ad
1074 2276 1109 2336 p.
1123 2255 1198 2339 239.
1214 2254 1253 2313 A.
1282 2273 1335 2316 rr.

247 2343 279 2396 et
300 2335 373 2412 πάι.
393 2335 428 2395 Β.
453 2334 483 2398 ὅ.
507 2336 618 2398 dicam.

329 2416 365 2480 C.
386 2415 417 2478 8.
440 2415 529 2503 [[μο,
547 2415 607 2504 ιι.]
628 2413 779 2501 toticipat
795 2415 852 2481 καὶ
870 2417 984 2499 orbana
1003 2415 1054 2480 ἐπ’
1072 2411 1212 2499 ἐδάφους
1228 2415 1338 2495 κειμέ-

248 2519 319 2577 νων.
368 2500 490 2564 Labara
518 2523 583 2564 esse
605 2501 891 2584 vexillaquadrata
915 2522 1006 2566 cruce
1033 2504 1169 2583 signata,
1197 2511 1229 2563 et
1247 2504 1340 2583 signa

249 2580 358 2645 uexilla
379 2584 570 2668 Imperatoris
592 2595 763 2668 protomam
784 2587 936 2670 gerentia,
963 2605 1011 2646 res
1032 2594 1104 2646 nota
1125 2595 1172 2645 est
1200 2595 1231 2646 et
1258 2585 1337 2650 alibi

249 2667 380 2732 anobis
400 2679 515 2728 notata.
555 2670 646 2751 Signa
665 2681 767 2730 antem
794 2667 964 2729 invertendi
990 2678 1044 2728 aut
1069 2667 1166 2728 humo
1184 2667 1342 2735 sternendi

249 2768 317 2811 mos
343 2761 397 2812 aut
427 2750 544 2812 luctum
564 2751 769 2834 significabat,
790 2763 843 2812 ant
862 2751 1110 2825 submissionem,
1132 2761 1185 2810 aut
1203 2751 1339 2832 deniqne

247 2831 474 2896 insultationem
506 2845 536 2896 et
555 2833 795 2900 humiliationem
816 2835 898 2909 eins,
933 2835 1020 2896 cuius
1043 2837 1129 2916 signa
1148 2835 1343 2894 inverteren-

247 2923 311 2976 tur.
351 2916 490 2982 Primum
509 2915 560 2978 hie
580 2916 639 2980 loci
667 2917 796 2980 obtinet.
837 2917 1019 2977 sternebant
1044 2919 1125 2978 enim
1151 2915 1261 2978 milites
1296 2919 1344 2976 si-

247 3017 327 3079 gna,
358 3002 429 3080 quia
449 3003 637 3081 Imperator,
654 3002 740 3062 cuius
770 3002 801 3062 in
825 3000 972 3064 honorem
1003 3011 1103 3061 erecta
1123 3009 1340 3081 gestarentur,

249 3101 311 3140 non
334 3080 453 3155 aderat,
475 3085 632 3144 Marciano
645 3085 723 3144 vivis
744 3095 881 3158 exemto,
904 3093 935 3144 et
953 3084 1054 3143 Leone
1068 3083 1205 3146 nondum
1224 3103 1345 3148 emun-

249 3165 335 3226 tiato.
394 3165 459 3232 Ubi
485 3165 564 3228 facta
595 3168 798 3244 renuntiatio,
838 3188 944 3228 rursus
973 3165 1195 3246 elevabantur,
1225 3165 1345 3227 indicio

187 3309 192 3324 ,
247 3247 372 3329 gandii;
395 3269 427 3308 v.
461 3249 633 3310 casaubon.
664 3250 704 3311 ad
737 3249 1070 3332 Spartiani'Severum
1091 3251 1132 3310 Τ.
1156 3249 1182 3310 l.
1214 3269 1247 3330 p.
1268 3249 1347 3311 601.

245 3327 348 3394 Vales.
385 3331 426 3394 ad
460 3333 566 3394 Amin.
602 3331 739 3398 Marcell.
758 3355 789 3416 p.
814 3331 885 3417 5⁰7·
914 3330 1039 3393 et512.
1092 3331 1178 3393 illias
1213 3353 1344 3415 quoquc

247 3415 365 3498 quoties
382 3437 481 3480 novus
504 3417 671 3500 Imperator
691 3427 746 3478 aut
765 3417 876 3479 Caesar
899 3428 1138 3496 nuncuparetur,
1160 3415 1345 3477 sterneban-

246 3503 298 3554 tur
323 3501 408 3580 signa
429 3512 460 3563 et
479 3499 603 3575 hastae,
627 3500 742 3560 etiamsi
764 3503 866 3562 senior
887 3499 1057 3581 Imperator
1077 3499 1218 3578 adesset,
1239 3510 1271 3560 et
1289 3520 1346 3560 co-
1477 3545 1478 3573 ,

245 3582 404 3645 ronauone
415 3594 535 3662 peraeta
551 3584 674 3646 demum
687 3584 897 3666 resurgebant,
914 3594 949 3643 ut
959 3582 1086 3645 discitur
1100 3582 1343 3643 eheoneGram-

246 3670 321 3721 mut·
339 3683 371 3742 p.
383 3661 456 3739 465.
471 3666 539 3726 ulta
565 3667 628 3727 τῶν
638 3661 805 3749 σκήπτρων
825 3659 997 3742 πεσόντων,
1010 3661 1054 3738 ὥς
1067 3659 1150 3742 ἔθος,
1166 3659 1297 3743 ἔστεψεν
1321 3655 1344 3723 d

247 3737 387 3822 Μιχαὴλ
397 3739 637 3814 rdecot'itetov.
661 3750 782 3813 Pariter
790 3748 1017 3814 invertebantur
1028 3747 1151 3811 illarum
1166 3746 1345 3812 cohortium

250 3820 443 3904 legionumve
462 3830 557 3911 signa,
571 3853 649 3912 quae
665 3854 733 3893 cnm
747 3832 871 3894 infamia
885 3842 1165 3892 exauctorarentur.
1192 3833 1239 3892 lta
1252 3831 1348 3895 refert

243 3903 421 3984 Sgurtianns
444 3912 592 3974 Severum
615 3905 849 3998 Imperatorem,
875 3937 972 3996 Qum
986 3915 1117 3976 Romam
1139 3917 1299 3990 venisset,
1314 3924 1350 3978 et
1477 3939 1478 3946 ¹

242 3991 469 4083 paraetorianos,
483 3999 535 4077 qui
551 3997 607 4058 sibi
622 3999 771 4062 adversati
786 4000 921 4077 fuerunt,
930 4009 1160 4071 exauctorasset,
1181 4000 1352 4079 perrexisse

243 4091 277 4130 tn
294 4071 445 4168 palatium
464 4081 611 4160 praelatis
638 4083 748 4164 signis,
788 4105 863 4167 quae
880 4084 1082 4167 praetorianis
1100 4083 1272 4156 adsumant,
1296 4101 1353 4140 sta.
1477 4091 1478 4103 ¹

160 4259 166 4273 ἱ
237 4156 341 4244 pinu,
373 4179 432 4230 riou
460 4165 574 4250 erectis,
600 4187 629 4233 v.
653 4168 719 4235 Ser.
742 4167 822 4236 illst.
845 4168 923 4252 Aug.
950 4166 990 4230 t.
1013 4166 1040 4232 l.
1063 4188 1096 4256 p.
1120 4165 1192 4248 fior.
1235 4163 1353 4234 tta-iat
1477 4211 1478 4264 i
