2975 4892
141 305 197 372 Α»
234 306 459 374 cursuum.
484 307 637 374 romu.
667 307 723 372 or:
750 307 889 375 ceum.
917 309 993 375 us
1013 313 1055 374 n.
1084 281 1169 370 66³

80 461 271 544 reprimere
290 463 433 546 diptycho
453 463 700 548 Norimbergensi
714 487 748 548 p.
764 485 818 528 ss«
860 463 940 530 Nolo
957 467 1041 530 enim
1058 487 1078 530 a
1098 469 1172 532 viris

80 547 177 608 ductis
200 547 311 608 tradita
331 560 477 628 repetere.
500 549 559 610 seu
578 570 635 631 pro
656 569 776 632 mappa,
798 569 892 629 quam
913 550 1084 612 Circensem
1103 550 1171 632 pla·

83 642 133 690 cet
155 633 229 692 viris
264 631 361 694 ductis
393 629 561 712 appellere,
594 633 666 714 quia
699 654 734 692 ca
754 633 846 692 missa
865 632 1003 694 consules
1022 653 1172 715 equmum

80 713 253 776 carceribus
274 717 507 774 emittendorum
535 717 654 796 signum
680 715 821 790 dobant,
841 718 1071 798 conspiciuntur
1090 739 1169 798 quo·

80 818 142 878 que
162 795 299 858 consules
311 797 464 860 interdum
473 801 505 858 in
520 797 669 880 diptychis
681 797 823 860 volumen
835 799 1033 864 convolmum
1052 819 1168 882 gerere.

81 882 257 962 Utrumque
267 885 457 942 retinuerunt
476 881 700 962 quodammodo
710 882 818 942 Graeci
836 891 868 942 et
889 885 981 944 sacris
993 881 1172 946 Christianis

81 965 368 1041 accommodarunt,
404 975 435 1026 et
466 965 554 1046 nugis
582 975 737 1046 praeterea
756 967 818 1026 suis
850 969 1115 1041 contaminarunt,
1137 977 1174 1028 ut

82 1047 181 1108 solent
203 1069 250 1108 res
270 1069 396 1124 ornnes,
418 1069 495 1128 ques
513 1058 694 1122 attrectant,
718 1049 876 1129 antiquas,
899 1059 1089 1110 vetustorum
1106 1071 1173 1111 mo·

83 1153 154 1190 rum
174 1132 303 1192 inscitia.
347 1131 422 1192 Tria
447 1133 549 1212 itaque
566 1139 598 1192 in
618 1130 676 1192 bac
696 1129 899 1212 disputatione
921 1131 996 1193 mibi
1020 1154 1174 1213 exponen-

83 1215 251 1286 desumo,
284 1213 438 1294 primum,
469 1225 503 1276 ut
536 1225 707 1276 commento
730 1217 916 1276 Graecorum
943 1215 983 1276 de
1000 1219 1103 1276 acacia
1123 1215 1173 1278 vel

83 1297 254 1360 auesicacio
269 1299 469 1378 perstringam
481 1321 491 1374 ς
505 1297 685 1374 secundum,
703 1307 737 1356 ut
755 1297 911 1380 utriusque
924 1296 1076 1376 vocabuli,
1097 1320 1172 1360 ean·

85 1381 155 1442 dem
174 1401 240 1442 rem
252 1379 459 1461 significantis,
468 1381 615 1462 originem
623 1390 654 1442 ct
666 1379 814 1441 rationem
828 1379 1052 1460 demonstrem
1067 1385 1171 1458 tertio,

84 1475 120 1524 ut
142 1463 404 1524 evincamrnorem
416 1485 509 1524 manu
522 1463 658 1546 gestandi
676 1473 739 1524 tom
751 1483 887 1544 mappas,
907 1465 1022 1538 omria,
1043 1463 1175 1542 sudoris,

84 1545 236 1628 tergendis
251 1545 376 1608 naribus
388 1555 418 1606 et
438 1549 501 1624 ori,
522 1569 616 1628 quam
635 1545 766 1626 rotulos,
786 1549 883 1628 pipas,
904 1545 1058 1608 volumina
1078 1569 1175 1610 mem·

84 1629 233 1692 bsauacea
253 1627 440 1711 temporibus
461 1630 677 1710 antiquissimis
697 1629 906 1695 Romanorum
927 1630 961 1690 in
992 1650 1049 1690 osu
1070 1629 1174 1692 fuisse.

169 1711 315 1773 Perhibet
336 1711 469 1773 Codinus
486 1712 582 1778 Offios
606 1713 664 1774 Vl.
691 1733 767 1796 op,
786 1715 921 1772 acaciam
941 1733 1005 1772 essa
1024 1713 1177 1772 sacculum

84 1817 102 1855 e
124 1816 229 1876 penno
248 1809 400 1876 purpureo
413 1795 595 1870 confectum,
615 1797 711 1856 serico
730 1791 836 1854 subtrii
856 1794 975 1856 mantili
992 1794 1177 1872 involutum,

86 1882 171 1940 intus
192 1879 337 1938 refertum
363 1889 441 1938 term
465 1871 643 1956 (ἑντόςὲχει
660 1875 782 1956 χῶμα),
799 1877 990 1960 utsiguiiicet
1009 1889 1041 1941 et
1058 1879 1181 1938 nomino

85 1972 116 2022 et
136 1972 219 2022 terra
241 1963 322 2022 intus
343 1972 503 2034 contenta,
529 1963 748 2043 imperatorem
768 1959 880 2022 debere
899 1959 1045 2022 humilem
1065 1973 1098 2021 et
1117 1971 1180 2022 ter·

85 2065 179 2106 sense
196 2065 271 2106 suae
293 2043 418 2126 originis
438 2065 603 2106 memorem
623 2065 699 2105 esse.
739 2042 898 2106 consentit
916 2044 1029 2126 Symeo
1048 2044 1180 2104 Thessa·

88 2127 194 2202 ionic„
216 2147 347 2208 quorum
367 2127 526 2188 amborum
547 2127 629 2188 locos
650 2125 742 2187 habet
762 2128 814 2187 Du
834 2126 980 2208 Cangov.
1000 2125 1129 2188 vtnaxc'u
1150 2135 1181 2186 et

85 2211 160 2270 diss.
180 2220 269 2272 antea
300 2209 434 2272 laudate.
473 2211 586 2272 Procul
607 2209 701 2271 dubio
722 2208 794 2272 binc
814 2223 921 2270 natum
939 2220 997 2289 est,
1018 2207 1102 2292 quod
1120 2209 1180 2270 Pe·

85 2305 154 2352 trus
181 2293 348 2355 Damianos
377 2293 477 2374 Epist.
498 2293 526 2354 1.
554 2315 602 2377 ¹7·
630 2302 754 2369 narrat,
787 2291 841 2353 sed
868 2293 968 2366 solus,
996 2293 1127 2353 Graecis
1146 2294 1180 2352 in

85 2395 174 2436 more
207 2376 297 2436 fuisse
331 2379 483 2458 positum,
507 2386 542 2436 ut
565 2377 674 2458 uliquis
703 2375 881 2456 Imperatori
909 2397 1014 2436 recens
1036 2385 1181 2438 coronato

83 2481 148 2520 uua
166 2481 257 2520 mauu
292 2459 444 2520 vasculum
466 2461 589 2542 plenum
614 2472 796 2520 inoduorum
826 2461 936 2519 ossibus
959 2472 989 2518 et
1008 2458 1183 2542 pulveribus

83 2541 214 2624 fferam
242 2539 437 2626 [paulopost
464 2545 575 2602 eineres
594 2539 702 2623 dicet,]
725 2541 758 2600 in
781 2541 846 2602 atta
874 2561 945 2602 iem
967 2555 1105 2624 stuppam
1126 2542 1185 2601 lini

81 2626 231 2688 subtiliter
246 2646 360 2706 pexam
391 2647 428 2684 ac
446 2627 519 2708 pilis
531 2625 693 2708 pensilibus
723 2624 854 2684 molliter·
879 2625 1071 2697 demolitam,
1095 2621 1183 2706 [p’pl-

82 2729 135 2786 μα
168 2707 213 2778 εἰς
241 2701 326 2784 ὕψος
364 2705 541 2790 ἕπῃρμένην
553 2753 564 2785 ,
603 2703 945 2787 iuouszuvvupe'spv]
974 2707 1023 2765 cui
1048 2709 1185 2789 protinus

83 2791 167 2872 ignis
181 2790 356 2866 adhibetur,
380 2805 409 2850 et
427 2804 544 2873 repente
563 2793 596 2850 in
617 2791 676 2850 ictu
703 2789 786 2848 obuli
795 2788 931 2872 slwmra
951 2787 1046 2848 subito
1060 2801 1185 2848 comme

82 2875 281 2950 corurmu'tru,
304 2887 336 2934 ut
359 2875 392 2934 iu
419 2875 513 2934 alteru
530 2872 716 2934 considerare
730 2871 844 2946 debeat,
867 2871 949 2955 quod
959 2883 1023 2946 cst,
1045 2873 1078 2930 iu
1090 2871 1185 2932 altero

82 2955 194 3018 nutem
214 2955 329 3034 ualeat,
347 2953 526 3038 qru'clbabet.
566 2957 607 3016 In
624 2955 769 3016 cineribus
784 2955 929 3038 siqru'clem
945 2975 977 3014 se
999 2955 1186 3013 durentu-

83 3041 255 3119 oogrwscit,
279 3040 312 3100 iu
334 3053 442 3123 stuppa
466 3059 539 3100 uero
560 3040 688 3119 colligit,
713 3039 746 3097 iu
775 3038 825 3098 die
853 3038 963 3098 iudicii
982 3057 1072 3122 quam
1091 3035 1185 3096 subito

83 3120 219 3182 tumidus
240 3121 356 3184 ardebit
386 3133 443 3188 ete.
495 3121 544 3183 De
565 3133 673 3204 stuppa
695 3119 853 3182 combusto
872 3120 963 3181 silent
981 3121 1090 3197 Graeci
1110 3121 1186 3179 scri·

84 3217 208 3288 ptores.
252 3203 287 3264 ln
306 3206 444 3266 Romana
477 3214 579 3266 tomen
609 3207 694 3265 curia
715 3225 782 3264 mos
811 3214 876 3264 erat
903 3223 1006 3263 corum
1042 3212 1188 3263 coronato

83 3286 234 3370 pontifice
255 3285 364 3348 floccos
382 3299 510 3370 stuppae
530 3286 752 3363 comburendi,
779 3285 930 3347 cianmnte
956 3305 1123 3366 praecone:
1146 3287 1188 3344 sic

83 3371 200 3436 tramit
215 3370 317 3450 gloria
342 3371 459 3433 numdi.
498 3371 547 3431 Dc
566 3371 690 3432 vasculo
713 3381 815 3430 eutem
832 3371 886 3431 illo
918 3368 1035 3430 ossibus
1056 3378 1086 3426 et
1105 3368 1188 3426 cine-

85 3454 180 3516 ribus
206 3452 297 3534 picno
328 3453 411 3536 quod
433 3465 559 3530 narrat,
589 3453 711 3516 videtur
730 3453 810 3513 male
828 3453 969 3514 auditum
989 3461 1020 3511 et
1044 3448 1123 3509 maie
1138 3470 1188 3510 re·

85 3537 191 3598 latum
211 3555 274 3596 esse
295 3557 330 3596 ex
362 3539 488 3609 acacia,
520 3559 613 3618 quarn
640 3537 730 3598 fuisse
760 3557 867 3598 revere
887 3533 1041 3595 sacculum
1059 3535 1190 3592 sericum

86 3632 177 3681 terra
194 3616 343 3762 plenum,
366 3619 406 3680 ob
427 3605 661 3702 Imperatoribirs
682 3639 742 3680 noo
762 3620 922 3700 postrmis
942 3626 1062 3676 tantum
1080 3615 1190 3675 Codini

87 3723 192 3782 aequa
207 3702 291 3778 ibus,
311 3703 363 3764 scd
376 3703 568 3764 Constantini
588 3703 875 3784 Porphyrogenneti
894 3703 956 3770 iam
977 3710 1086 3776 aetate,
1107 3708 1191 3780 patet

88 3809 107 3850 e
126 3785 238 3846 Nostri
260 3807 294 3866 p.
309 3784 382 3864 445.
401 3787 435 3846 Β.
452 3785 493 3862 8.,
520 3786 574 3846 ubi
597 3787 727 3846 dicitur:
746 3787 947 3866 Imperatores
965 3779 999 3843 bv
1018 3787 1088 3853 ταῖς
1108 3779 1192 3856 δεξι-

89 3873 149 3939 αῖς
168 3888 280 3948 χερσιν
308 3863 418 3928 obuii
445 3863 481 3929 rb
503 3864 660 3948 νικητικὸν
691 3867 750 3929 τοῦ
770 3865 913 3948 σταυροῦ
933 3867 1085 3942 spotiatus
1104 3859 1192 3924 nart-

87 3970 217 4030 χουσι,
237 3952 518 4033 (successitnemps
535 3973 634 4031 crux,
665 3950 907 4013 Christianorum
928 3946 1064 4024 idolum,
1085 3947 1118 4007 in
1144 3948 1192 4005 vi-

90 4055 164 4094 cem
199 4033 367 4114 scipionum
401 4034 606 4096 eburnsorum
638 4045 776 4095 veterum
797 4032 989 4112 sonsulum‚)
1011 4030 1047 4091 ἐν
1068 4026 1103 4090 δὲ
1123 4029 1193 4098 ταῖς

91 4114 277 4190 εὐωνύμοις
297 4112 353 4195 τήν
372 4112 582 4192 ἐξανάστασιν
602 4118 658 4198 τῆς
678 4118 790 4196 χοϊκῆς
809 4109 900 4195 ἡμῶν
920 4105 1033 4184 ciulac
1046 4156 1057 4189 ,
1069 4131 1103 4172 ur
1118 4110 1194 4170 sini·

90 4213 161 4264 steu
185 4220 258 4262 uem
280 4213 376 4266 teuent
399 4203 662 4281 resurrectionem,
690 4199 722 4261 sd
743 4210 789 4262 est
807 4196 981 4284 symbolum
999 4195 1195 4258 munatio-
