2975 4892
272 248 360 337 606
487 275 544 341 ιο.
574 275 654 344 uc.
687 278 833 340 aursni
865 275 1146 342 couumrann

277 447 357 510 rant,
380 436 540 518 imaginem
559 434 619 496 viri
632 401 710 493 curu¹
723 453 812 495 cruce
835 436 867 495 in
881 455 982 516 pauno
996 445 1106 496 textam
1124 435 1249 516 imagine
1264 433 1341 496 boris

278 531 333 581 aut
359 519 480 602 aquilae
513 521 692 579 sanctiorem
720 537 794 577 esse.
850 519 956 578 Vestes
977 520 1067 600 igitur
1098 517 1210 578 Christi
1228 520 1341 600 signatm

277 605 408 685 imagine
430 601 619 678 induebant,
640 619 701 681 quo
721 601 830 661 summi
852 604 964 682 quique
983 622 1067 682 reges
1081 610 1111 659 et
1133 612 1281 682 magnates
1298 623 1342 660 ca·

278 689 343 769 pita
362 685 419 745 sibi
441 684 671 757 submitterent,
691 682 842 763 exemplar
863 705 997 744 summae
1017 682 1180 744 modestiae
1200 694 1286 764 atque
1298 681 1342 742 bn·

279 767 415 829 militatis
435 767 559 828 hamum
579 765 719 826 iacientes
733 764 930 826 ambitionis.
970 767 1100 826 Crucem
1121 765 1227 826 calceis
1246 770 1342 826 intere-

277 849 379 930 bant,
410 861 446 910 ut
476 848 578 910 oscula
603 849 719 928 spurcis
753 849 814 908 suis
834 849 961 930 pedibus
993 849 1199 910 venerandum
1220 870 1302 908 omne
1318 859 1343 908 et

276 945 413 995 sancmm
433 953 466 994 os
486 931 680 1012 imprimeret.
720 930 761 990 V.
783 933 835 991 Du
848 932 948 1015 Gange
968 953 1001 994 v.
1021 929 1240 1008 Ἐπιμανύειον
1259 943 1286 992 et
1300 927 1344 993 ‘i-

279 1016 467 1094 πομανίκιον
487 1026 518 1078 et
537 1035 630 1094 supra
651 1013 732 1072 dicta
753 1014 791 1073 ad
813 1036 844 1096 p.
864 1015 915 1096 76.
932 1015 965 1074 B.
984 1037 1010 1074 ι.

342 1099 413 1159 302.
430 1097 508 1158 C.3.
539 1095 629 1182 [524,
655 1092 705 1179 3.]
737 1089 772 1157 τὸ
793 1091 979 1177 μαγλάβιον.
1033 1095 1115 1175 Quid
1138 1095 1229 1158 fuerit
1247 1095 1345 1179 magla-

279 1179 366 1242 bium
386 1201 416 1244 v.
435 1203 466 1263 p.
479 1178 534 1241 62.

362 1262 399 1322 C.
412 1261 444 1342 4.
466 1259 555 1347 4524,
572 1259 615 1344 3.]
635 1256 670 1324 sd
691 1255 862 1342 τζικούριν.
906 1261 1092 1324 Aeolutlium
1113 1263 1205 1323 fluisse
1224 1261 1347 1322 Franco·

281 1366 350 1407 rum
370 1342 419 1406 vel
442 1347 649 1428 Barangorum
679 1346 878 1425 magistrum,
909 1367 1000 1427 supra
1022 1346 1081 1404 iam
1102 1345 1159 1405 fuit
1179 1347 1345 1427 expositum.

281 1429 401 1488 Horum
431 1432 511 1490 inter
537 1449 621 1488 arma
645 1429 768 1509 propria
801 1439 866 1488 erat
894 1429 1047 1511 bipennis,
1081 1450 1174 1509 quam
1203 1448 1257 1509 pro
1276 1448 1348 1488 more

279 1531 350 1572 stiae
372 1515 469 1592 gentis
490 1510 522 1571 in
545 1510 674 1571 humero
694 1511 800 1571 dextro
827 1514 973 1572 iacentem
992 1509 1146 1592 gerebant.
1188 1511 1305 1572 Nicetes
1323 1512 1348 1570 in

278 1592 385 1654 Alexio
412 1595 450 1654 L.
465 1594 508 1660 ll.
537 1595 581 1655 sic
601 1595 752 1675 Rarangos
784 1593 946 1654 describit:
971 1588 1097 1676 φρουρὰ
1117 1591 1305 1674 Γερμανῶν,
1324 1588 1351 1652 ai

156 1741 160 1748 ,
279 1670 468 1754 κατωμαδόν
486 1669 559 1748 τοὺς
589 1668 810 1756 ὲτεροστὸμους
830 1673 967 1747 πελέκεις
987 1673 1149 1752 ἀνέχουσι.
1192 1674 1348 1736 Concludas

278 1779 315 1818 ex
335 1757 487 1834 hocloco,
508 1779 626 1819 secures
645 1780 751 1819 eorum
769 1757 859 1818 fuisse
878 1780 940 1819 non
958 1757 1125 1841 ancipites,
1146 1758 1200 1819 sed
1219 1779 1280 1818 uno
1292 1769 1350 1818 tau-

279 1851 347 1900 tum
380 1863 399 1901 a
419 1841 514 1902 latere
539 1854 693 1918 secantes,
719 1841 890 1923 simplices,
920 1862 979 1901 non
1009 1843 1155 1923 geminas.
1207 1841 1307 1922 anue
1324 1841 1349 1900 in

278 1925 427 1984 sententia
453 1925 639 1986 confirmeris
672 1924 712 1984 ad
732 1923 907 2005 adspectum
938 1923 1019 1984 illius
1039 1923 1162 1984 tabulae
1181 1923 1349 1985 collectionis

279 2006 475 2068 Ferriolensis
497 2005 598 2090 (num.
618 2005 700 2089 35.),
723 2026 800 2087 quae
814 2006 1042 2086 Serdingestricm
1060 2005 1181 2068 exhibet
1202 2029 1271 2067 cum
1289 2008 1350 2066 uni·

279 2091 371 2170 pensu
393 2090 502 2151 securi.
543 2088 599 2150 Est
619 2089 651 2149 id
669 2109 763 2168 genus
785 2089 909 2150 militiae
927 2091 1073 2150 Turcicae
1093 2091 1252 2171 equestris.
1281 2087 1349 2148 illnl-

275 2181 311 2232 ta
332 2193 404 2232 sane
422 2171 515 2232 Turci
535 2193 554 2232 a
573 2172 695 2231 Graecis
722 2174 851 2232 mutuati
872 2183 944 2233 sunt
963 2173 1110 2232 instituta.
1151 2172 1225 2232 sed·
1234 2170 1350 2239 πέλεκυς

277 2263 324 2314 est
341 2274 402 2313 non
424 2255 636 2314 securisumus
657 2253 751 2331 aciei,
775 2253 828 2316 sed
850 2255 988 2336 bipennis
1003 2254 1073 2314 hinc
1096 2264 1126 2313 et
1144 2253 1230 2314 illinc
1251 2273 1349 2326 mans,

279 2347 316 2396 ut
336 2357 355 2396 c
374 2335 499 2418 bipenni
515 2335 670 2398 Theocriti
691 2348 819 2398 constat.
862 2338 955 2398 Putes
975 2357 1046 2418 ergo
1067 2357 1123 2418 pro
1144 2327 1350 2416 ἕτεροστὸμους

279 2415 440 2499 legendum
461 2440 524 2480 esse
544 2411 828 2499 ἑκατεροστόμους,
849 2419 880 2480 id
900 2430 944 2480 est
964 2409 1272 2498 ἅμφοτεροστόμους.
1298 2415 1350 2475 Vc·

281 2521 352 2561 rum
378 2503 460 2562 etin
490 2501 550 2562 boc
576 2501 701 2562 falleris.
749 2501 830 2562 Novi
851 2503 958 2562 Graeci
991 2501 1221 2599 susquedeque
1241 2511 1349 2561 contur-

279 2581 386 2644 bantes
411 2587 515 2646 omnia
548 2574 771 2666 irepdmcpsv,
807 2575 1006 2662 ἑτερόκοπον,
1041 2575 1238 2661 περότηκτον
1264 2583 1349 2642 etsie

277 2687 373 2749 porro
392 2689 449 2748 pro
476 2671 610 2752 emaque
631 2680 738 2742 audo,
763 2669 898 2750 mriuque
922 2677 1036 2726 secante
1070 2665 1224 2727 dixemmt.
1273 2661 1348 2724 Conl'.

280 2749 388 2810 (iodim
410 2773 441 2832 p.
454 2749 506 2811 80.
528 2773 560 2811 n.
583 2751 634 2812 30.
656 2759 687 2810 et
707 2751 758 2810 Du
781 2749 883 2832 Gange
914 2749 954 2810 ad
974 2747 1063 2809 Alex.
1084 2769 1113 2829 p.
1127 2748 1202 2832 257.
1223 2757 1252 2808 et
1271 2765 1347 2826 supra

280 2832 321 2891 ad
340 2854 373 2913 p.
388 2831 499 2912 87.ss
542 2833 621 2893 Sane
642 2831 831 2892 Francorum
852 2853 989 2909 securas,
1023 2831 1064 2892 ab
1092 2831 1167 2911 ipsis
1188 2828 1349 2890 Francr'scae

279 2912 484 3056 4¹anzisclre]
506 2915 620 2994 dictae,
642 2915 763 2975 sumunt
783 2915 930 2996 bipennes.
983 2913 1167 2974 Hinemarus
1189 2913 1220 2972 in
1239 2913 1304 3006 Vita
1320 2909 1348 3006 ξ.

278 3017 434 3161 ,idib
446 3013 585 3162 mitt
606 2999 822 3162 {iffi
820 2992 1346 3139 tatt.:·..;t‘“13..t⁰.tt“'.l²lt

276 3161 379 3258 copius
399 3163 518 3265 Gotliie.
533 3164 576 3222 ll.
596 3185 624 3266 p.
641 3161 719 3266 447,
731 3163 782 3223 31.
803 3161 850 3262 ed.
874 3160 1004 3222 Hoescb.
1016 3163 1125 3264 :Ugerit
1145 3182 1250 3263 egsum
1266 3177 1347 3258 unus·

278 3263 409 3405 ttttt}
428 3243 525 3406 {tt
543 3243 1012 3405 tttttitttatfttt.
1028 3241 1347 3408 ‘tubitet

276 3405 396 3468 Nicetes
414 3431 445 3490 p.
458 3430 490 3494 9.
520 3401 727 3492 Baraugorum
761 3419 914 3492 gestamen
941 3411 984 3468 ait
1004 3406 1097 3468 sarissa
1117 3405 1253 3479 α’σπίδας
1271 3423 1346 3481 περι·

276 3483 469 3653 mag
489 3483 718 3658 utut?
736 3490 1258 3656 “‘.²}'‘:“·...¹i¹'.⁰.:¹{t:tt.⁰‘³t⁰
1276 3484 1345 3628 tif

275 3669 339 3727 μον
360 3664 464 3729 notat,
485 3676 503 3715 a
524 3621 720 3717 similitudide
769 3659 777 3716 i
802 3595 927 3716 emilam
946 3657 1176 3716 Francismrum
1200 3591 1343 3723 siilllictm

279 3751 310 3798 r.
330 3731 383 3791 Du
397 3734 499 3818 tange
512 3758 544 3798 v.
578 3740 712 3800 anea.
766 3678 887 3800 liicitur
906 3759 999 3820 porro
1028 3739 1077 3799 hic
1112 3737 1171 3799 loci
1204 3731 1343 3796 acoluthus

278 3813 400 3875 subesse
437 3817 600 3902 drungario
630 3822 759 3904 vigiliae.
821 3822 850 3881 A
906 3823 913 3837 '
947 3843 981 3904 p.
995 3819 1069 3900 416.
1095 3820 1131 3880 B.
1151 3839 1222 3902 pen.
1249 3815 1343 3876 dicim

276 3893 439 3978 drungario
457 3903 590 3970 ¹uritbmi
618 3905 751 3966 subm
807 3903 901 3964 Une
928 3905 1146 3986 consequitur,
1181 3898 1342 3962 nutritium

277 3974 416 4075 nitemini
444 3981 511 4045 loco
538 3983 683 4062 subesse,
714 3997 769 4048 ant
795 3985 875 4047 idem
901 4007 964 4049 esse
991 3986 1158 4048 arithinum
1191 3995 1275 4066 atque
1303 3977 1343 4038 ri·

331 4080 432 4205 m5lt20
444 4142 481 4205 C·
495 4165 527 4229 7.
549 4145 639 4231 4524,
654 4149 699 4235 6.]
720 4150 899 4236 oppetam.
939 4149 1101 4213 Habebunt
1120 4147 1192 4213 olim
1212 4149 1241 4210 in
1259 4138 1340 4205 eccle·
