2975 4892
174 295 229 364 m
256 293 477 366 consum.
506 297 653 368 romu
684 295 738 367 un
765 299 902 370 cunm
933 303 1010 370 uu.
1041 264 1067 368 i
1104 277 1190 394 47³

113 472 169 534 pro
188 473 291 516 meens
311 455 458 516 honorato
477 454 590 540 college
610 456 751 540 gutturi
821 460 915 520 reteri
937 470 1058 540 egeret,
1079 467 1114 522 ut
1134 481 1189 543 ps-

115 547 159 595 tet
179 557 197 597 e
216 537 383 598 Themistio
403 559 433 620 p.
458 559 525 600 noo.
541 541 576 600 B.
597 561 606 600 r
630 535 731 600 δεινὸν
806 561 826 600 v
846 537 920 617 ipos*
937 539 1106 624 κατεφάνη,
1134 538 1193 623 τὴν

111 618 172 693 μὲν
187 613 304 700 βουλὴν
324 615 423 692 εὐθὺς
443 618 660 698 εἰσελθοῦσαν,
676 615 768 702 ἡνίκα
788 617 886 684 αὐτὸν
913 613 1037 684 dietim
1059 621 1077 684 ci
1097 626 1190 703 βασι-

112 695 185 774 istic
205 701 327 784 (nempe
347 701 496 764 consulem
521 749 531 782 ,
553 701 662 764 δοῦναι
682 699 721 764 sci
741 703 898 784 πρέποντα
915 702 1120 788 χαριστήρια.

193 783 279 862 Μ.
297 783 385 868 [idn
405 783 466 870 13.]
489 785 662 866 απέρχεται
681 785 717 847 dr
736 787 778 867 τῇ
797 783 872 872 ἁγίᾳ
890 787 1004 872 Σοφίᾳ.
1048 792 1192 852 bioteret

113 865 314 946 Graecorum,
332 879 368 928 ut
388 889 491 928 recens
514 867 678 929 honoretur
699 871 800 930 stetim
820 891 840 930 u
858 875 1047 953 promotione
1065 882 1096 933 et
1116 895 1191 934 con·

113 947 232 1008 sistorio
251 950 289 1010 nd
311 950 465 1011 ecclesium
484 949 637 1034 aliquem,
664 970 717 1011 eeu
744 949 930 1036 palatinum,
962 958 1007 1033 int
1026 955 1059 1014 S.
1077 955 1190 1018 Demo-

112 1032 424 1177 i‘if’dds'uiiffi'
448 1032 558 1176 iiii
584 1053 637 1176 ‘iu
668 1033 837 1178 ”immitit
858 1047 893 1097 ‘¹‘
914 1037 1118 1182 sfflspcp
1137 1049 1193 1104 ‘¹¹‘

114 1135 272 1278 ageretfoa
289 1161 461 1282 patriarcba
484 1195 534 1258 vel
556 1135 780 1282 aliomqpodagpa
787 1139 941 1264 sucedddte
951 1142 1190 1266 besogium

113 1287 142 1338 et
174 1301 289 1341 sacrum
312 1281 552 1342 communionem
574 1282 738 1364 acciperet,
766 1293 797 1343 et
816 1305 929 1346 munus
957 1284 1099 1348 oeclssioe
1128 1287 1186 1348 do·

113 1375 209 1424 neret.
253 1365 389 1425 Domum
420 1363 528 1425 deiude
562 1363 723 1426 abeuntem
740 1363 874 1449 collegae
906 1368 979 1430 novi
1012 1377 1043 1430 et
1062 1368 1191 1432 semilis-

114 1464 160 1506 res
191 1446 414 1508 comitabantur
441 1457 471 1508 et
495 1445 704 1522 deducebant,
733 1445 807 1509 illuc
826 1449 970 1512 efferebat
996 1452 1120 1534 regium:
1140 1453 1189 1515 di·

114 1525 216 1608 piomn
239 1529 288 1591 vei
309 1529 462 1591 codicillos
482 1527 680 1608 silentiarius,
713 1539 743 1590 et
762 1551 867 1594 omnes
885 1531 1106 1615 spontancus,
1126 1535 1189 1599 vid.

114 1609 212 1672 Nostri
236 1633 267 1696 p.
289 1611 356 1675 135.
370 1613 407 1673 C.
423 1610 468 1691 4.,
483 1611 613 1674 Cedren.
626 1633 658 1694 p.
674 1611 748 1674 612.
761 1612 804 1674 A.
818 1615 864 1693 5.,
877 1615 1015 1677 Valesius
1028 1617 1067 1677 sd
1081 1616 1187 1680 Amin.

114 1693 330 1839 isamelipsg.
352 1693 423 1794 533.
449 1697 532 1794 B3et
552 1695 602 1755 Du
624 1693 725 1778 Cnnge
743 1697 944 1792 vdfatn'crin.
973 1698 1045 1796 'ipsi
1067 1719 1110 1796 <pr
1171 1723 1190 1763 e

113 1777 237 1857 gentiles
282 1797 382 1838 omum
412 1787 601 1860 magistratus
623 1797 704 1839 noro
724 1789 815 1838 moen
835 1779 951 1865 bonore
970 1781 1056 1842 ibunt
1076 1803 1110 1841 m

113 1861 252 2004 'isium
276 1860 853 2005 ¹2bt'2‘*”5stttt³ii⁶di⁵⁸t·
875 1863 992 2008 ‘'ii-‘ii
1005 1865 1191 2006 dimi·

115 1963 153 2084 do
176 1943 345 2110 'vibimdg
362 1964 505 2088 Medion.
520 2048 553 2110 p.
571 2025 656 2102 568,
668 1965 777 2108 Sbript.
790 1965 922 2108 &stiffi
979 1967 1187 2113 hanape-ubiz.

112 2106 235 2182 Putricii
253 2109 360 2170 Graeci
377 2107 519 2227 precibus
539 2110 570 2170 iu
591 2109 712 2174 ecclesie
732 2113 912 2173 communiri
970 2114 1016 2188 iti,
1037 2111 1111 2173 Sim.
1126 2113 1189 2174 Lo-

111 2191 363 2336 gonbedfi.pd4b5.
382 2273 455 2356 442,
474 2271 519 2358 1.]
543 2267 618 2350 dide
636 2276 961 2355 πρασινσῐρήθλαπον.
983 2275 1062 2338 Cum
1080 2298 1129 2340 res
1143 2275 1185 2340 nd

111 2359 256 2418 vestitum
277 2369 307 2418 et
326 2377 362 2418 co
374 2379 440 2418 ores
459 2358 640 2441 pertinentes
656 2362 704 2418 vix
724 2371 836 2440 queunt
853 2361 1009 2442 perspicue
1028 2359 1098 2422 sciis
1116 2383 1188 2422 ver-

110 2439 154 2502 bis
173 2439 272 2512 tradi,
303 2449 334 2502 et
353 2439 447 2502 multu
470 2440 514 2501 rei
535 2441 691 2501 tinctorias
711 2443 903 2524 ignoremus,
923 2454 1039 2503 veteres
1065 2463 1188 2527 quoquc
1319 2488 1324 2496 ·

111 2543 170 2584 non
191 2523 300 2584 iisdem
322 2545 436 2607 semper
455 2521 546 2584 rebus
565 2523 669 2584 eudem
689 2525 812 2584 nomine
831 2526 1006 2603 tribuerint,
1032 2545 1120 2608 saepe
1139 2528 1189 2587 ni-

111 2603 152 2666 hil
172 2606 259 2668 aliud
278 2604 369 2686 licet,
390 2629 480 2688 quum
495 2607 666 2666 coniectura
684 2605 776 2682 iubis
796 2605 908 2668 talibus
926 2606 1108 2690 exponendis
1129 2610 1187 2670 uti.

110 2687 174 2771 Ego
196 2689 322 2772 quidem
345 2690 394 2750 bic
419 2689 476 2750 loci
498 2688 611 2766 nescio,
632 2687 778 2749 debentne
795 2683 870 2764 σ’ξιῖν
896 2711 951 2774 pro
969 2690 1125 2766 violaceo,
1148 2713 1189 2752 en

111 2792 163 2851 pro
183 2773 268 2832 acuti
285 2773 359 2844 iuris
379 2773 484 2854 nccipi.
507 2771 537 2832 Si
552 2769 656 2854 prius,
670 2771 792 2832 deberet
814 2770 1189 2851 σ’ξυπρασινοτρίβλαπον

110 2875 169 2917 uun
188 2877 267 2916 voce
287 2856 397 2934 scribi,
428 2865 457 2915 et
475 2865 551 2917 esset
571 2856 685 2930 vestis,
715 2854 748 2916 iu
768 2875 829 2937 qno
848 2854 899 2916 fila
918 2875 973 2938 per
993 2851 1123 2916 alternus
1141 2857 1190 2917 vi·

109 2959 156 2998 ces
177 2938 273 2998 modo
292 2937 444 3015 violacea,
466 2937 556 2998 modo
577 2936 686 2996 viridia
706 2939 848 2998 iacerent.
888 2935 919 2998 si
935 2937 1094 3020 posterius,
1112 2949 1190 3000 esset

109 3023 200 3081 vestis
222 3021 348 3104 prasini,
371 3021 423 3081 sed
444 3019 538 3082 vividi
559 3019 735 3080 studentis
753 3020 873 3082 coloris.
917 3020 1001 3100 Quid
1022 3039 1114 3104 porro
1132 3023 1193 3096 tri-

109 3103 242 3164 blattum
263 3103 372 3180 suerit,
410 3125 473 3166 uon
501 3103 596 3184 mugit
624 3101 730 3186 liquot.
777 3105 881 3166 Potest
918 3105 1000 3166 euim
1027 3107 1190 3166 remissum

110 3197 138 3245 et
157 3197 260 3270 potest
279 3207 399 3270 quoque
418 3189 509 3248 tritis
529 3207 603 3246 esse.
646 3187 678 3247 si
698 3187 801 3270 prius,
825 3187 1003 3248 fortissimus
1023 3197 1053 3246 et
1072 3197 1190 3247 suturn-

108 3273 243 3331 tissimus
261 3269 353 3331 fuerit
372 3268 456 3331 color
477 3269 595 3330 necesse
615 3281 679 3350 est3
701 3291 764 3353 quo
782 3271 866 3331 enim
886 3273 1002 3352 sucpius
1023 3267 1074 3328 fila
1091 3269 1190 3349 tinge-

111 3351 238 3430 bantur,
269 3374 305 3414 eo
321 3353 500 3436 profundius
523 3351 710 3414 imbibebnnt
743 3353 893 3429 colorem,
916 3363 951 3411 ut
978 3351 1070 3412 deleri
1096 3371 1190 3432 porro

111 3446 140 3496 et
159 3438 259 3498 exteri
280 3439 427 3519 nequiret,
469 3437 499 3496 Si
521 3455 594 3496 vero
615 3438 781 3518 posterius,
804 3437 917 3497 suerint
944 3437 1089 3514 cuiusque
1108 3431 1191 3493 coio-

110 3519 163 3596 ris,
184 3531 253 3580 tum
263 3519 417 3596 violacei,
438 3539 529 3601 quern
551 3521 663 3600 prasini
685 3519 734 3578 fila
755 3518 872 3600 singulo
891 3515 1194 3578 teruistenuioribus

111 3599 166 3662 filis
187 3613 339 3670 contorta.
380 3603 481 3663 Priori
502 3603 737 3684 interpretationi
769 3601 850 3661 favet
877 3599 986 3658 Petrus
1007 3598 1190 3676 Damianos,

113 3685 161 3764 qui
185 3685 316 3768 pallium
336 3687 464 3760 sericum
485 3683 583 3762 illud,
636 3685 685 3744 rod
707 3686 797 3744 trrirm
813 3682 1050 3754 merestonam,
1072 3679 1193 3742 triblat-

111 3776 173 3828 tnm
204 3770 251 3828 ait
278 3767 432 3850 appellari.
472 3767 587 3828 Locum
636 3769 705 3826 ubet
731 3768 782 3826 Du
810 3764 912 3846 Gange
939 3784 969 3827 r.
996 3765 1190 3826 Triblatbwn.

112 3849 212 3912 Dietio
232 3853 322 3912 trium
345 3851 475 3912 colorum
495 3871 556 3910 non
578 3851 690 3910 indicat
709 3859 770 3910 tres
791 3849 927 3910 diversos
955 3848 987 3907 iu
1007 3869 1070 3908 uuo
1090 3867 1192 3927 penno

114 3931 251 4013 colores,
273 3933 326 3994 sed
345 3945 406 3993 tres
425 3937 588 4008 tincturus,
618 3943 666 3993 ter
684 3933 841 4015 repetitum
860 3933 893 3991 in
914 3933 1062 3994 cortinam
1081 3933 1191 3990 tincto·

114 4016 186 4076 n'am
207 4017 304 4097 panni
323 4017 554 4078 immersionem.
599 4015 691 4093 Quod
709 4035 727 4075 e
745 4026 850 4076 nostro
868 4015 928 4075 boc
946 4013 1014 4076 ioco
1034 4013 1145 4096 liquet,
1160 4015 1192 4071 iu

115 4118 173 4175 quo
201 4097 344 4161 triblntto
366 4109 418 4160 unt
446 4121 525 4161 unus
552 4098 635 4160 color
655 4100 795 4180 prasinus
815 4109 868 4158 out
888 4097 928 4158 ud
948 4117 1099 4160 strumum
1118 4093 1191 4168 dno,

114 4179 264 4244 violaceus
282 4195 312 4244 et
332 4183 490 4265 prasinus,
514 4199 576 4245 non
598 4183 699 4267 plnres
721 4180 910 4243 tribunum.
