2975 4892
285 334 363 397 aaa
428 370 434 379 ·
478 336 652 405 1111110.
679 334 1135 404 natissa-GOMMENTARH

305 518 310 527 ·
336 494 403 555 ›D.
429 493 486 557 ult.
513 494 576 578 [19‘
608 515 634 556 1.
693 487 734 554 ul
765 482 955 571 ἆποκόμβια.
999 492 1083 571 Quid
1105 494 1166 557 slnt
1187 494 1366 577 apooonbiu

278 590 310 642 et
331 578 414 643 unde
427 579 529 658 dicta,
570 491 691 640 lunlus
715 574 784 639 dico
808 577 896 659 adp.
920 576 991 639 261.
1008 576 1049 637 A.
1076 598 1103 637 1.
1148 576 1207 639 Ηίσ
1233 578 1367 639 monebo

277 673 399 758 tautnm
421 662 528 744 verbo,
545 682 609 729 esse
633 659 769 725 sacculos
788 660 915 725 sericeas
938 670 993 725 aut
1009 682 1145 743 panneos
1161 682 1232 725 cum
1257 663 1367 727 insutis

278 767 390 807 numis-
1246 755 1253 771 ⁸

361 850 465 913 Schol.
483 872 513 911 2.
531 849 639 932 λίτρσι
657 832 683 911 ἶ.
727 850 791 911 Ter
816 870 1021 932 perannum,
1051 850 1128 913 festo
1148 850 1261 913 scilicet
1285 853 1368 913 nati·

276 938 384 999 vitatis
398 935 533 1011 Christi,
560 934 715 997 Paschatis
737 946 768 995 et
800 934 990 995 Pentecostes
1018 933 1164 995 offerebat
1200 936 1371 1017 Imperator

278 1022 312 1081 io
332 1040 441 1101 magna
456 1016 602 1093 ecclesia,
625 1040 679 1079 ssu
698 1020 731 1080 S.
751 1017 900 1101 Sophiae,
924 1017 1093 1099 etquidem
1113 1017 1190 1078 festo
1209 1020 1369 1079 Paschatis

278 1102 504 1175 centenarium,
526 1112 581 1162 aut
593 1113 716 1163 centum
738 1103 805 1163 auri
826 1100 921 1162 libras
935 1104 1006 1183 (qua
1021 1099 1059 1161 de
1077 1122 1111 1161 ro
1124 1102 1188 1161 rid.
1208 1102 1246 1161 ad
1266 1124 1296 1183 p.
1314 1124 1366 1162 ao.

280 1188 321 1248 D.
345 1185 376 1265 4.
395 1184 548 1265 dicanda),
565 1184 690 1269 reliquis
706 1184 808 1245 denas.
852 1182 1010 1267 Originem
1030 1183 1120 1244 huius
1143 1184 1370 1245 consuetudinis

278 1271 446 1330 simsmm
466 1281 596 1353 reputo,
617 1270 708 1330 credo
726 1288 793 1329 eam
821 1266 922 1341 fuisse,
943 1278 1064 1348 praeter
1087 1269 1294 1327 necessitatem
1313 1268 1371 1328 ali·

279 1352 357 1437 quid
375 1353 410 1413 in
427 1353 675 1412 assumtionem
692 1362 916 1413 structurarum
936 1349 1077 1411 ecclesiae
1104 1361 1135 1410 et
1159 1354 1370 1413 ministrorum

279 1435 347 1500 clus
369 1433 563 1511 conferendi,
584 1435 675 1495 etiam
695 1433 826 1517 aliquale
839 1432 972 1503 studium
984 1434 1199 1515 poenitentiam
1219 1456 1372 1495 common-
1447 1505 1451 1511 ¹

278 1518 407 1580 maadi.
467 1518 548 1584 Nam
571 1538 642 1579 cum
663 1520 862 1601 imperatores
881 1516 1012 1577 solerent
1039 1518 1157 1598 magnis
1182 1516 1241 1577 illis
1271 1516 1371 1578 tribus

276 1602 365 1679 ,festis
414 1600 532 1663 ablioas
564 1602 773 1683 processiones
793 1601 832 1661 ad
853 1620 994 1683 magnam
1018 1598 1175 1661 ecclesiam
1198 1599 1315 1675 lacem,
1339 1610 1373 1661 et

279 1685 324 1745 lbi
350 1624 472 1767 pallies
498 1686 744 1760 communicare,
778 1682 930 1745 debebant
953 1683 1037 1766 prius
1066 1692 1190 1765 peecata
1211 1702 1265 1743 sua
1285 1684 1371 1764 apud

278 1766 491 1830 Patriarcham
523 1767 685 1848 profiteri,
718 1780 749 1829 et
772 1768 988 1851 poenitentiam
1019 1768 1182 1849 irrogatam
1203 1777 1369 1848 praestare.

182 1879 189 1889 ·
278 1850 406 1913 8111111111
426 1872 501 1913 vero
514 1849 628 1912 mulcta
649 1862 716 1912 crat
735 1851 840 1912 decem
862 1849 927 1909 auri
945 1849 1105 1910 librarum.
1151 1848 1234 1929 (vid.
1262 1848 1369 1910 Vales.

280 1934 324 1994 ad
340 1934 495 1995 Ammian.
538 1933 675 1995 Marcell.
701 1954 732 2014 p.
758 1936 844 2012 530.)
886 1932 954 1993 Non
975 1932 1066 2016 igitur
1082 1931 1290 2015 improbabile,
1308 1934 1375 1993 lm-

279 2029 450 2100 pcmtorom
468 2018 574 2078 decern
595 2017 662 2077 anri
683 2016 768 2079 litras
793 2018 825 2077 in
851 2036 963 2099 magno
986 2015 1074 2077 altari
1099 2016 1264 2077 identidem
1287 2015 1375 2078 velut

277 2100 496 2183 poenitentiam
528 2098 710 2181 deposuisse.
762 2098 822 2161 Vel
844 2110 944 2181 potest
969 2098 1044 2161 haec
1075 2100 1188 2161 oblatio
1213 2098 1304 2159 luisse
1329 2102 1373 2159 si-

280 2203 393 2264 gnum,
417 2204 480 2265 quo
495 2182 664 2264 Imperator
687 2193 808 2265 gratum
829 2184 966 2244 animum
982 2204 1054 2267 erga
1068 2184 1161 2244 deum
1181 2182 1372 2243 demonstra-

278 2276 348 2363 ret,
378 2267 432 2363 qni
456 2264 514 2362 silai
539 2265 622 2327 vitae
646 2285 737 2329 usum
761 2266 799 2365 ad
826 2264 909 2327 hunc
936 2288 1033 2364 usque
1050 2267 1159 2365 festam
1184 2264 1374 2367 hilaremque

277 2347 585 2515 dissiliit
607 2348 748 2493 dial
756 2348 1375 2517 ‚lisiniiilff⁵tssssudiilui1i⁰li⁸¹dii¹3

277 2514 341 2592 ols,
363 2515 417 2577 sed
440 2514 480 2577 de
496 2513 556 2575 alia
575 2515 708 2598 quadam
723 2538 826 2577 annua
842 2516 1058 2600 gratificatione
1078 2517 1126 2577 vel
1151 2516 1300 2599 stipendio
1325 2516 1374 2578 lo-

278 2599 336 2680 qui
362 2598 484 2660 videtur
508 2598 626 2660 Nicetes
644 2600 731 2661 initio
752 2602 833 2661 ritae
855 2599 1007 2661 Manuelis
1031 2602 1178 2664 Comneni
1206 2620 1243 2683 p..
1256 2619 1306 2684 ²7·
1332 2600 1370 2661 B.

135 2713 161 2778 .-
280 2681 330 2742 ed.
345 2683 493 2761 Venetae,
513 2685 654 2764 quamvis
673 2684 850 2745 daccentenas
873 2686 970 2745 urinas
991 2694 1022 2744 ct
1052 2686 1164 2745 talentu
1188 2682 1375 2745 nominando

279 2763 434 2839 effecerit,
464 2777 500 2826 ut
515 2770 715 2848 quantitatem
739 2788 876 2829 summac
905 2768 1006 2829 minus
1027 2767 1248 2849 intelligamus,
1280 2786 1374 2849 quam

149 2887 154 2901 .
213 2845 219 2856 ’
277 2850 308 2906 si
326 2849 418 2908 missa
439 2847 570 2909 ridicula
587 2860 619 2909 et
639 2850 768 2911 obscura
794 2872 848 2910 sua
872 2848 1030 2911 vetustatis
1057 2850 1246 2911 affectatione
1273 2852 1374 2911 nomi·

279 2929 371 2991 nibus
391 2932 448 2990 ista
465 2940 563 2991 aetate
581 2930 700 2992 usitatis
717 2954 765 2992 res
785 2954 921 3015 quasque
943 2930 1132 3015 appellasset,
1161 2933 1246 2993 liuns
1265 2943 1295 2994 ct
1314 2954 1375 2993 nu-

279 3014 432 3073 mismata.
476 3014 577 3075 Locus
594 3012 644 3074 hic
671 3026 735 3075 est:
757 3011 887 3095 γράμμα
914 3014 1192 3099 ἐρυθρσσήμαντσκ
1219 3012 1376 3097 oppuyr'ds

278 3114 313 3156 ta
331 3092 468 3181 χρυσείρ
487 3091 543 3156 καὶ
562 3094 681 3180 σηρικῷ
702 3092 819 3177 σήματι
842 3094 995 3178 ἔμπεδον,
1016 3095 1130 3180 κόγχης
1159 3094 1376 3177 α’ναὸεδευμέ-

278 3196 322 3262 up
348 3176 486 3258 αἵματι,
507 3180 554 3238 τῶ
574 3174 678 3263 κλήρῳ
702 3180 762 3241 τοῦ
781 3176 919 3261 μεγάλου
946 3176 1006 3243 vani
1034 3180 1220 3257 ἐπιδίδωσι,
1250 3183 1377 3243 τνπσῦν

279 3258 390 3335 αὐτοῖς
421 3240 562 3344 ἆργσρὲσ
582 3264 723 3343 κέρματα
743 3258 874 3343 ἐτήσια,
904 3263 950 3337 εἰς
983 3262 1032 3334 δίς
1051 3256 1160 3325 ἑκατὸν
1177 3264 1260 3341 μνᾶς
1279 3284 1377 3345 κορυ-

280 3337 438 3426 φοῦμενα.
483 3343 605 3425 ἐλέγετο
626 3344 662 3406 δὲ
681 3340 737 3406 καί
754 3339 862 3427 ἑτέραν
884 3344 1195 3429 ἦρσθροὸανωμένην
1214 3346 1378 3425 βασίλειον

277 3422 629 3523 γραρῆνίπιφέρεσθσι
642 3424 699 3491 τὸν
709 3426 808 3504 Ἀξσῦ
806 3450 866 3509 χον
879 3430 936 3517 [cst
946 3450 1056 3492 nomen
1067 3431 1232 3491 Turcicum
1251 3432 1373 3529 Ml]

278 3510 339 3585 delo
364 3526 514 3609 χρυσέων
536 3521 675 3589 τάλαντά
694 3526 927 3611 βραβεύουσαν.
974 3530 1027 3590 ,lia
1049 3530 1209 3613 legendum
1230 3550 1294 3591 esse
1313 3532 1377 3591 exi-

279 3609 392 3683 stimo,
415 3611 589 3692 credoque,
611 3612 712 3694 siquid
736 3614 769 3673 in
789 3614 847 3675 hoc
872 3612 939 3675 loco
961 3613 1069 3693 video,
1099 3612 1183 3690 μνᾶν
1203 3634 1268 3673 csse
1284 3612 1376 3673 Nice-

277 3702 327 3754 tae
347 3690 400 3764 id,
423 3692 506 3775 qnod
526 3704 631 3755 nostro
652 3706 697 3756 est
717 3693 812 3777 λίτρα
823 3744 834 3773 ,
857 3708 886 3757 et
907 3688 1061 3757 τάλαντον
1083 3697 1136 3774 id,
1159 3695 1242 3777 quod
1264 3694 1374 3757 Nostro

277 3768 489 3855 κεντηνάρισν.
533 3776 627 3837 Libro
656 3780 743 3852 mari,
775 3801 867 3862 quam
899 3779 1018 3841 Paulus
1040 3778 1217 3843 Warncsrid
1247 3780 1285 3839 L.
1318 3778 1372 3839 lll.

282 3860 330 3919 13.
355 3870 513 3931 memorat,
537 3870 582 3926 est
601 3860 750 3923 Francica
773 3862 822 3924 vel
844 3862 1094 3945 Longoburdica,
1115 3875 1144 3923 et
1164 3858 1296 3923 multum
1318 3862 1378 3923 dis·

277 3938 337 4001 fert
360 3962 379 4000 a
399 3940 533 4002 CPtaua.
579 3942 693 4005 Paulus
714 3948 794 4007 enim
821 3948 861 4006 ibi
882 3968 989 4007 aureos
1019 3947 1204 4027 singulorum
1232 3944 1379 4005 librarum

283 4014 454 4108 llilpcrico‚
477 4024 666 4087 Francorum
686 4031 763 4112 regi,
787 4050 803 4089 a
833 4029 958 4089 Tiberio
982 4030 1120 4110 Augusto
1142 4030 1220 4109 lmp.
1253 4026 1380 4087 CPtano

282 4108 392 4167 missos
411 4120 582 4183 memorat,
604 4132 683 4192 quos
701 4123 819 4172 constat
839 4113 960 4173 eosdem
981 4134 1044 4173 csse
1065 4133 1134 4173 cum
1154 4112 1261 4171 Nostro
1291 4109 1381 4171 (liciis

285 4192 521 4252 numismatibus
541 4193 591 4254 vel
613 4193 716 4255 solidis
736 4198 861 4268 aureis,
885 4217 1017 4276 qnorum
1039 4216 1090 4275 7²·
1127 4197 1159 4255 in
1190 4192 1297 4254 librum
1329 4192 1380 4253 rel

283 4274 386 4337 litmm
418 4276 576 4337 Cl'tanam
611 4277 785 4339 veniebant.
836 4278 1027 4340 illustrandis
1054 4281 1165 4339 nostris
1194 4274 1382 4359 apocornbiis
