2975 4892
233 282 317 388 stu
450 307 1110 411 ro.1ic.as1srn·corrraursan

147 503 149 506 ·
232 467 495 553 lMPERtToRt
541 467 818 530 ROMANORUM
852 466 951 528 VITA
982 467 1040 527 ΕΤ
1084 467 1330 545 wewam.-

231 549 420 634 Vmsigon.
443 551 537 636 Regu.
551 551 635 612 liat.
648 573 714 633 pag.
738 573 789 634 99.
811 571 838 612 ι.
864 550 976 613 Charta
989 561 1075 612 rems
1095 551 1176 635 apud
1197 552 1304 612 Mura-

231 645 290 696 tor.
321 635 360 696 T.
386 635 429 694 II.
451 633 526 696 Anti
570 677 579 694 .
609 634 677 694 Ital.
695 655 765 716 pag.
797 631 890 694 126.:
909 634 1082 717 Imperare
1105 635 1226 697 dumtuo
1248 638 1303 718 pi-

229 719 327 781 issimo
342 731 483 802 perpetro
534 730 635 797 rigmto
655 717 852 796 Bereugurim
874 715 934 791 (sie)
953 737 974 774 a
992 716 1048 778 deo
1061 726 1200 778 coronato
1214 720 1304 800 paci·

215 799 284 884 fico
296 821 403 881 magns
416 801 608 883 Imperatore.
651 798 678 860 Α
701 809 786 878 paret
804 796 1000 860 occidentales
1013 797 1134 858 titulum
1149 799 1304 861 orientalis

228 885 346 966 imperii
367 885 498 947 Imitatus
520 879 619 942 fuisse.
660 821 775 942 liide'm
795 903 828 964 p.
845 880 915 964 789.
931 880 990 967 alia
1016 879 1137 944 marta:
1156 882 1228 945 dcun
1252 903 1306 943 oo-

228 985 295 1026 ram
311 969 479 1050 praesemia
505 964 620 1027 donum
644 967 739 1026 nostri
762 965 932 1024 Grammtr'c'
949 966 1126 1031 remeabas
1153 977 1186 1025 et
1205 985 1227 1024 a
1244 966 1304 1027 deu

227 1048 395 1110 comessati
427 1047 500 1132 [hoc
520 1057 565 1108 est
591 1067 627 1107 ex
655 1067 739 1108 more
753 1048 882 1109 »Gnaeo
910 1057 940 1108 et
959 1045 1092 1107 Arabico
1111 1068 1167 1129 pro
1184 1066 1304 1108 wasers

226 1127 337 1212 omuli]
346 1128 493 1214 principis
511 1143 541 1190 et
552 1129 643 1189 dimu-
675 1130 802 1210 Insignis
821 1140 852 1189 et
871 1129 1109 1193 consideratione
1128 1131 1238 1212 dignus
1257 1141 1304 1191 est

227 1211 312 1274 locus
332 1215 453 1274 chartae
473 1216 582 1274 veteris
604 1212 685 1296 apud
702 1210 759 1273 Du
779 1212 879 1294 Gange
896 1232 929 1272 v.
953 1212 1050 1273 Thau.
1095 1213 1181 1287 Thau
1201 1214 1303 1273 ebore-

227 1317 277 1354 um
293 1293 366 1378 [hoc
388 1307 432 1356 est
453 1294 595 1356 baculum
614 1313 683 1358 cem
701 1291 832 1376 praefixa
854 1312 959 1370 cruce,
973 1316 1051 1376 quae
1071 1296 1231 1378 imaginem
1251 1317 1306 1437 pe-

228 1380 302 1436 mini
323 1379 351 1438 Τ
373 1388 435 1438 tam
448 1376 692 1453 horizontaliter,
719 1397 816 1460 quam
823 1375 1109 1458 perpendiculariter
1127 1379 1184 1438 sibi
1199 1399 1255 1459 agg
1267 1400 1305 1437 u-

222 1459 436 1544 tinati'refert]
457 1457 644 1544 quod·Fuloo
664 1481 724 1520 rex
741 1460 938 1533 Hierusalem,
957 1480 1061 1534 conus,
1083 1457 1302 1544 [Andegaven-

224 1545 265 1604 sis
285 1541 404 1624 nempe]
426 1543 520 1604 dictae
543 1543 678 1602 ecclesiae
692 1542 778 1607 tledtt
786 1589 796 1618 ‚
816 1541 899 1626 quod
926 1543 1027 1602 tabat
1046 1565 1068 1604 a
1084 1542 1219 1611 Solem
1234 1545 1304 1604 Ba-

220 1625 383 1704 hlonr'cre,
406 1625 524 1708 qanzdo
542 1625 672 1686 Unitum
686 1625 719 1688 bt
737 1635 835 1705 rjegem
861 1623 1051 1685 Hiemsalem
1070 1626 1165 1708 tpsrun
1189 1627 1302 1686 Fulm-

130 1735 131 1738 ¹
222 1726 290 1768 nem
314 1707 495 1770 sublimauit.
536 1707 688 1771 Discimus
709 1730 743 1768 ex
764 1708 846 1784 hoc,
880 1707 956 1769 forte
976 1703 1058 1782 solo,
1090 1706 1181 1784 loeo,
1214 1729 1302 1790 reges

223 1789 516 1873 Hierosolymitanos
553 1790 744 1852 Francorum
764 1789 894 1851 vasallos
923 1789 1139 1851 Solthanornm
1165 1791 1304 1874 ,Aegypti

220 1871 328 1948 fuisse,
362 1891 548 1954 regnumque
576 1892 664 1935 suum
694 1873 733 1932 ab
759 1872 806 1932 his
832 1884 868 1933 ut
887 1872 1011 1934 feudum
1030 1875 1172 1955 gessisse,
1194 1886 1225 1934 et
1243 1896 1302 1956 pro

220 1958 305 2038 signo
325 1957 521 2016 investiturae
542 1955 684 2016 baculum
707 1954 874 2016 eburneum
895 1954 934 2015 ad
957 1955 1053 2027 crucis
1074 1956 1168 2016 instar
1186 1956 1302 2019 forma·

219 2037 286 2100 tum
306 2041 474 2118 accepisse3
495 2037 750 2123 quemadmodum
766 2035 907 2098 Francici
926 2039 1077 2121 principes
1097 2038 1296 2115 Antiochiae,

217 2131 356 2202 respectu
379 2122 425 2180 sui
447 2121 647 2202 principatus,
679 2119 786 2182 vasalli
806 2132 892 2181 erant
908 2120 1132 2202 Imperatorum
1156 2123 1299 2184 CPtano-

218 2223 301 2264 rum.
344 2203 421 2262 Rem
440 2201 517 2264 tanti
536 2202 703 2278 momenti,
731 2203 947 2283 omnibusque,
976 2199 1058 2285 quod
1077 2205 1169 2267 seiam
1190 2216 1221 2266 et
1240 2209 1299 2267 mi-

217 2307 288 2362 ror,
310 2286 516 2365 passagiorum
536 2285 731 2366 scriptoribus
751 2283 918 2360 indictam,
940 2288 1012 2346 satis
1030 2285 1298 2349 confirmatbisto-

217 2369 263 2428 ria
285 2366 435 2444 Arabica,
458 2387 536 2450 quae
555 2378 650 2428 totam
671 2365 873 2430 Palaestinam
898 2367 1077 2450 Syriamque
1104 2369 1144 2444 ad
1164 2366 1300 2436 Chalifes

217 2449 349 2532 Aegypti
370 2451 548 2530 pertinuisse
568 2450 660 2531 paulo
681 2459 752 2512 ante
769 2449 958 2514 Francorum
978 2452 1143 2514 advenmm
1161 2452 1244 2514 dicit.

297 2533 339 2592 D.
355 2553 386 2614 7.
401 2531 488 2618 [373,
509 2531 550 2614 1.]
561 2525 835 2610 κοσμοσυστὰτων.
861 2533 898 2598 Id
919 2545 966 2599 est
979 2529 1034 2606 eds
1052 2529 1072 2598 ὅ
1090 2527 1205 2614 κόσμος
1218 2557 1295 2598 συν-

213 2614 337 2695 ίστησι,
359 2635 430 2699 quos
448 2629 592 2676 terrarum
613 2617 692 2698 orbis
708 2616 903 2679 commendat.

280 2695 626 2781 217.C.2.[373‚15.]
648 2698 810 2778 τρυγητοῦ.
854 2697 1076 2763 Describuntur
1104 2699 1165 2760 hue
1195 2703 1296 2783 eapite

213 2781 291 2842 ritus
310 2781 455 2845 bariesum
473 2780 720 2856 vindemialium,
742 2801 822 2864 quae
839 2782 879 2842 ab
900 2783 996 2864 lmpp.
1009 2781 1139 2844 CPtanis
1153 2783 1185 2842 in
1206 2781 1295 2865 pala-

212 2864 257 2923 tio
279 2863 399 2924 Hieriae
410 2910 420 2939 ,
443 2885 477 2924 es
501 2864 628 2924 adverso
650 2861 737 2922 GPlis
758 2866 790 2922 in
815 2867 987 2925 continente
1007 2867 1140 2925 Asiatica
1157 2887 1226 2942 ora,
1245 2888 1295 2927 se-
1388 2888 1392 2897 ’

212 2961 297 3008 cessa
318 2943 391 3004 illuc
412 2945 503 3023 facto,
527 2945 671 3010 celebrari
688 2944 836 3008 sotebant.
877 2949 919 3008 Et
940 2945 1012 3008 illuc
1032 2968 1161 3008 secessus
1186 2948 1296 3030 appel-

212 3027 335 3090 labatur
353 3031 503 3108 processio
526 3027 658 3088 Hieriae.
702 3027 879 3090 incidebant
898 3028 967 3090 illae
987 3029 1077 3090 seriae
1088 3033 1120 3090 in
1134 3029 1225 3092 finem
1241 3030 1293 3092 vel

210 3115 313 3194 potius
336 3109 470 3170 medium
491 3109 601 3170 mensis
621 3109 824 3190 Septembris,
845 3122 881 3172 ut
899 3122 982 3194 patet
1002 3134 1036 3171 ex
1057 3110 1155 3174 indice
1173 3135 1292 3174 sermo-

212 3213 288 3255 num
309 3193 566 3266 catecheticorum
574 3192 729 3252 Theodori
748 3193 906 3272 Studitae,
927 3217 1017 3276 quem
1038 3195 1121 3256 dedit
1130 3195 1291 3259 Fabricius

212 3279 244 3338 in
266 3277 346 3338 Bibl.
370 3277 503 3336 Graecae
525 3275 564 3336 T.
580 3273 654 3334 XII.
670 3274 812 3354 p.283.‚
836 3277 888 3338 ubi
909 3279 987 3338 inter
1004 3277 1160 3338 homiliam
1182 3276 1293 3341 Calen-

212 3359 258 3422 dis
278 3357 503 3442 Septembribus
524 3358 555 3419 in
577 3357 648 3420 anni
669 3359 778 3420 Graeci
798 3361 937 3430 initium,
961 3371 993 3420 et
1012 3359 1118 3438 aliam,
1133 3361 1292 3423 inexalta-

208 3445 323 3506 tionem
344 3441 531 3504 venerandae
553 3443 670 3514 crucis,
694 3439 743 3502 die
758 3442 840 3542 Sept.
858 3443 944 3502 XIV.
965 3443 1097 3520 dictam,
1118 3442 1218 3504 media
1235 3465 1292 3504 oc·

208 3522 304 3586 currit
324 3525 382 3585 hoe
403 3524 516 3586 titulos
539 3523 613 3604 aspi
631 3521 688 3584 τοῦ
706 3517 752 3603 μή
776 3523 934 3606 erupistis
962 3520 1104 3594 &struae
1135 3526 1191 3584 aui
1218 3547 1290 3606 rpu-

205 3599 320 3686 βόλους
340 3607 468 3701 παθῶᾗ,
490 3603 570 3667 a’ttt
590 3612 805 3690 κᾳρηοφορεῖν
823 3604 897 3677 τούς
925 3607 981 3686 τῆς
999 3603 1114 3686 ἀρετῆς
1133 3601 1288 3686 βότρυας.

205 3686 283 3767 μηνὶ
300 3687 344 3772 τῷ
364 3685 451 3770 udrcp
471 3689 773 3769 (nempeSepternbri)
793 3687 837 3760 εἰς
856 3683 911 3752 τὸν
931 3682 1096 3768 τρυγητὸν.
1138 3690 1290 3750 Homiliae

207 3770 277 3832 illae
297 3771 462 3832 secundum
484 3771 698 3834 Calendarium
720 3773 872 3832 Graecum
887 3770 1046 3852 dispositae
1071 3781 1152 3831 sunt.
1195 3769 1289 3832 Unde

205 3853 333 3914 efficitur
354 3853 473 3913 initium
488 3851 632 3914 seriarum
644 3853 871 3916 vindemialium
884 3855 965 3914 diem
984 3853 1169 3915 exaltationis
1187 3858 1288 3916 crutis

203 3955 257 3996 seu
282 3937 369 3996 XIV.
396 3934 580 4015 Septembris
607 3940 808 3998 antecessisse.
849 3939 922 3996 Fuit
942 3958 1013 4022 ergo
1042 3938 1100 3996 ista
1130 3935 1285 4015 Theodori

201 4017 327 4079 bomilia
347 4017 450 4080 similis
465 4017 546 4095 illis,
578 4041 654 4100 quus
674 4021 771 4080 nostri
847 4031 927 4080 tores
948 4020 1091 4079 rusticani
1114 4020 1146 4078 in
1175 4041 1284 4078 encae-

202 4103 262 4162 niis
283 4101 474 4162 eeclesiarum
503 4121 628 4162 suarum
654 4123 757 4164 meuse
778 4039 941 4165 tidiembri
970 4104 1165 4183 pronuntiare
1186 4100 1286 4163 solent

202 4184 234 4250 in
260 4183 449 4266 evurrgelium
470 4183 508 4247 de
527 4183 663 4248 Zachaeo
682 4183 855 4267 porticam.
899 4183 1068 4248 Traduntur
1084 4184 1136 4248 hie
1157 4205 1223 4245 mos
1237 4183 1283 4244 se-
