2975 4892
216 269 274 338 tn
303 269 720 339 inimicissimi.
755 273 1032 342 nummuou.
1095 247 1177 366 567

177 428 215 489 C.
238 451 269 490 τ.
293 428 386 514 [dm
402 427 448 515 p]
483 427 697 494 corcorditer.
738 430 877 494 Redzuun
903 431 1033 496 domum.
1056 433 1112 496 ms
1131 436 1179 498 ris

97 508 177 570 ineut
195 513 361 596 particulae
381 510 462 574 κατὰ
483 515 515 574 in
535 513 639 576 multis
664 515 940 598 compositionibus,
964 527 999 577 ut
1018 518 1176 599 κατάγειν,

97 593 237 690 redissem
255 597 375 656 domm
397 597 533 658 hosomo
561 598 728 672 absentem,
761 595 933 680 καθήκειν,
955 597 1176 682 κατέρχεσθαι,

95 677 196 739 redere
214 680 253 738 ad
274 679 395 741 emilie.
434 679 523 740 Conf.
546 680 650 742 Aristo
671 682 743 742 han.
757 681 837 740 Rnn.
861 704 891 743 v.
914 681 1003 764 1196.

180 760 262 840 (1.4.
290 758 437 845 [477,8.]
467 759 519 822 ἵνα
536 759 615 838 dne}
650 781 777 844 ρανται.
835 765 871 824 ln
902 763 1051 826 hocloco
1071 767 1178 828 Latine

93 842 252 906 reddendo
272 843 441 906 sudandum
462 844 538 906 mihi
559 846 634 921 fuit,
654 867 833 928 vereorque,
855 859 889 908 ut
907 858 1011 932 aptium
1030 849 1177 932 probum-

93 946 156 1006 que
173 930 225 1000 sit,
238 929 320 1010 quod
338 927 501 990 extundere
596 931 617 989 i.

158 1011 230 1090 276.
245 1011 281 1072 Β.
300 1033 330 1072 ι.
360 1009 451 1154 iim,
471 1012 519 1072 13.
566 1005 753 1092 σαράκσκτα.
799 1009 918 1094 Vulgus
942 1013 1076 1074 Graecus
1093 1007 1176 1094 ocioo

94 1111 153 1170 pro
173 1093 314 1175 τέσσαρα
342 1113 359 1154 e
382 1105 449 1169 ert,
484 1094 522 1154 ed
602 1115 620 1156 e
646 1089 825 1175 σαράκοιτα
846 1116 903 1176 pru
922 1091 1176 1176 τεσσαράκοντα,

93 1173 157 1234 vid.
192 1177 287 1238 (ἔστι.
320 1175 359 1237 ed
388 1176 464 1237 Cod.
486 1115 601 1260 4).ῒέῐῖ
617 1198 651 1237 n.
672 1175 705 1238 8.
734 1189 765 1238 et
790 1175 969 1260 Theophen.
1002 1199 1035 1260 p.
1053 1178 1122 1256 400.
1142 1199 1173 1240 v.

93 1255 331 1340 Σεραπόπηχσν
356 1270 386 1320 et
410 1261 461 1319 Du
478 1259 583 1341 Cnogii
604 1260 654 1326 Gt.
675 1261 731 1320 Gr.
751 1283 783 1342 p.
798 1259 881 1337 8oo.,
901 1262 955 1322 ubi
975 1261 1177 1342 σαραιτιιλεί-

94 1357 212 1420 τσυργο
247 1341 361 1444 habctl
391 1342 589 1427 qrsadmgiota
623 1344 744 1418 nassae,
783 1345 1061 1428 quadragenarium
1115 1345 1176 1425 lpsi

92 1421 154 1480 ism
174 1434 290 1485 veteres
318 1445 404 1504 σαρα
431 1447 489 1508 pro
519 1421 659 1506 τέσσαρα
691 1438 722 1489 et
739 1421 823 1508 wipo
857 1447 913 1508 pro
943 1427 1074 1508 τέτταρα
1094 1425 1176 1487 diee-

92 1502 189 1580 bant,
211 1518 245 1566 ut
264 1518 345 1588 patet
366 1505 792 1590 atinenses.p.,224.1).‚
815 1509 867 1569 ubi
882 1515 971 1591 pocta
999 1509 1037 1570 de
1070 1529 1175 1592 super-

90 1584 144 1646 bia
165 1599 197 1648 et
216 1594 377 1651 scaevitate
407 1592 606 1674 piscariorum
639 1611 769 1674 querens
798 1594 840 1651 nit
873 1613 923 1654 eos
945 1603 1007 1653 tum
1028 1595 1176 1674 importu-

91 1689 149 1731 nos
171 1681 201 1731 ct
228 1671 342 1734 feroces
372 1694 458 1749 esse,
489 1685 525 1734 ut
555 1677 652 1756 pretia
686 1677 814 1754 piscium
842 1697 880 1736 ne
902 1675 1023 1758 integris
1053 1675 1175 1756 quidem

91 1753 217 1832 verbis,
250 1757 304 1818 sed
325 1757 462 1842 abruptis
490 1768 520 1818 et
542 1769 629 1839 porte
649 1757 780 1838 quadum
803 1755 946 1819 mutilatis
966 1759 1126 1839 indicent,
1140 1768 1175 1818 ut

90 1855 152 1896 nou
177 1837 279 1900 dicent
299 1833 455 1923 τεττάρων
474 1837 593 1919 ὀβολῶν
598 1887 609 1919 ,
630 1839 683 1902 sed
706 1841 917 1901 tantummodo
948 1833 1075 1922 seipsos:

775 1935 842 2000 κὀὖ
864 1940 968 2000 λαλῶν

212 2013 271 2083 ὅλα
291 2013 410 2104 ῥήματ’
423 2018 504 2083 ἄλλα
529 2015 690 2105 συλλαβήν
702 2015 843 2106 α’φελών,
864 2017 969 2106 stipor

215 2103 318 2184 βσλότ
337 2106 450 2186 γένοιτ’
472 2097 522 2167 ἄν·

173 2203 212 2263 Β.
225 2205 258 2282 4.
278 2201 368 2289 [478,
386 2202 448 2286 15.]
484 2197 655 2285 nopsirmo.
708 2205 768 2265 Hic
786 2203 890 2266 deerat
919 2205 1034 2287 absque
1049 2203 1175 2266 lacunae

89 2287 219 2368 vestigio
240 2289 272 2347 in
294 2288 397 2348 codice
417 2309 561 2348 numerus
580 2285 833 2370 parhippiorum,
863 2311 954 2372 quem
974 2311 1009 2350 ex
1032 2301 1175 2370 computo

88 2369 275 2451 deprehendi
295 2382 325 2431 et
346 2369 484 2453 supplevi
513 2371 544 2431 in
564 2373 692 2432 Latinis.

151 2474 226 2536 277·
242 2453 284 2514 A.
304 2472 348 2516 το.
370 2452 457 2536 [idm
472 2451 517 2539 3.]
547 2454 723 2532 θέσπισμα.
778 2451 822 2512 Ut
842 2450 946 2514 divine
966 2454 1068 2514 omnin
1088 2463 1174 2512 erant

87 2535 324 2616 Imperatorum,
345 2538 387 2596 itu
409 2558 530 2618 quoque
551 2536 705 2614 mundata,
734 2535 831 2595 edictu
852 2546 937 2595 erant
958 2533 1173 2613 θεσπισματα,

86 2617 235 2694 oracuin3
259 2619 468 2703 ridTheoph.
490 2642 522 2702 p.
537 2641 588 2682 ατ.
602 2620 642 2680 Ι).
659 2619 688 2680 3.
703 2617 754 2681 80.
767 2617 802 2678 C.
822 2637 869 2680 ιο.
892 2629 922 2678 et
941 2617 994 2680 86.
1017 2617 1114 2697 C.1.,
1139 2631 1174 2680 ut

171 2785 214 2844 A.
237 2807 285 2846 ιι.
306 2783 396 2870 [480,
411 2782 460 2868 4.]
481 2777 677 2866 χαριστικήι.
698 2781 745 2842 lte
758 2782 962 2844 membranae.
985 2780 1043 2842 Sed
1064 2787 1175 2844 rectius

83 2865 275 2948 χαριστικιμ
294 2890 351 2950 pro
369 2866 583 2950 χαριστήιιαι,
604 2865 664 2926 nisi
684 2866 762 2926 sorte
784 2860 907 2946 diopetis
927 2866 1026 2947 priore
1047 2867 1079 2924 in
1101 2887 1174 2928 cusu

86 2950 342 3094 subintelligatur.
465 3033 470 3040 .
575 3033 591 3049 .
816 3030 831 3045 .
998 3033 1005 3046 ¹
1061 3031 1090 3046 ..

83 3055 168 3176 ...ἶ
170 3033 241 3176 31⁸..
261 3029 1005 3196 ss}·ii{ts.¹.i;¹sttt.tttt‘’¹.²tttt;..⁵³2.⁰”
993 3031 1176 3175 ridiiii}
1209 3127 1219 3152 ·

86 3201 180 3278 tiro,)
201 3211 233 3260 et
248 3201 282 3260 S.
297 3201 472 3264 Demetrius
492 3210 523 3258 et
541 3198 573 3258 S.
586 3198 766 3278 Procopius.
810 3197 913 3278 Atque
933 3196 965 3256 hi
986 3193 1017 3256 oi
1036 3197 1172 3257 καλλίνι-

21 3320 23 3323 <
84 3303 133 3342 και
171 3283 316 3343 dicuntur
346 3294 377 3342 et
403 3283 583 3344 invocentur
616 3303 636 3342 a
667 3279 810 3358 Graecis,
839 3291 875 3340 ut
903 3279 1046 3342 victoriae
1072 3280 1172 3362 promi

85 3365 190 3426 condi.
234 3365 461 3426 connumeras
483 3363 534 3442 40.
543 3364 580 3425 C.
602 3384 662 3440 ιι.,
684 3363 749 3425 vid.
766 3365 859 3424 Goar.
882 3362 921 3422 ed
942 3362 1058 3458 Codin,
1072 3383 1103 3442 p.
1116 3359 1168 3422 86.

84 3447 545 3616 2..²s..2‘..?²⁶f².¹¹;,.¹’.⁶.⁸s:
560 3449 626 3592 i'..
644 3443 1172 3612 „t2d:².22;sssu.ts.ss²·

167 3613 211 3674 A.
230 3615 260 3674 ὅ.
285 3554 339 3694 [48
425 3659 433 3674 .
468 3611 650 3685 ἐπιστάτας.
691 3613 891 3696 Inspectum,
916 3608 969 3692 qui
988 3611 1074 3691 quusi
1093 3623 1172 3671 stant

344 3637 354 3675 1
389 3613 424 3676 15

85 3719 173 3781 super
190 3697 342 3758 mz'lstibus.
363 3611 447 3758 'Sed
463 3705 561 3778 potest
579 3715 701 3781 quoque
717 3693 804 3758 reddi
818 3695 1001 3765 visitatores,
1025 3685 1087 3754 α’πὸ
1112 3692 1169 3753 τοῦ

85 3779 271 3860 ἐπιστῆναι,
295 3781 349 3862 qui
381 3779 482 3840 subito
514 3801 578 3842 non
605 3781 762 3878 opinantes
783 3777 956 3860 opprimunt
984 3785 1014 3836 et
1041 3773 1171 3836 ltmtrunt

85 3883 191 3924 eorum
202 3884 252 3924 rm
272 3873 302 3923 et
322 3865 454 3924 actiones
468 3884 478 3940 3
493 3861 543 3924 vel
563 3863 694 3944 dentque
712 3861 919 3936 observatores,
948 3857 1077 3918 crutodes
1096 3857 1169 3918 boni

86 3947 223 4018 ordinis,
244 3939 320 4019 τούς
346 3942 402 4008 ἐπὶ
418 3945 475 4027 τῆς
505 3939 699 4028 ἐπιστήμης,
729 3943 887 4005 modestice
918 3943 968 4002 cel
993 3941 1171 4024 duczplirme

83 4030 267 4110 praefectos,
291 4049 423 4111 quorum
445 4038 490 4089 est
507 4027 634 4106 videre,
655 4039 690 4088 ut
708 4029 810 4088 omnis
836 4025 970 4086 modeste
989 4023 1073 4084 fiunt.
1094 4023 1170 4082 Nam

86 4107 241 4193 ἐπιστήμη
262 4114 350 4174 noris
372 4112 496 4173 Graccis
514 4122 559 4172 est
578 4110 750 4188 modestia,
770 4109 950 4192 prudentia,
979 4108 1105 4171 attentio
1120 4107 1168 4164 iu-

90 4193 203 4256 diciosa
234 4195 365 4258 hominis
395 4195 435 4258 od
457 4195 588 4257 actiones
621 4203 740 4256 suaset
759 4192 868 4276 cuique
895 4189 962 4254 loco
983 4189 1170 4270 temporique
