2975 4892
295 301 383 406 204
529 319 587 391 ιο.
617 321 697 391 nc.
726 323 874 390 arum
902 268 1186 390 minumum

297 479 450 545 coloribus
468 477 728 556 maculositatem,
757 477 1073 555 nounniformitatem,
1103 472 1161 559 τὴν
1179 472 1386 562 cometarum
1445 467 1453 484 ¹

297 565 408 628 coloris
428 569 539 624 notat?
583 553 757 644 διρόδινος,
783 583 917 645 sparsum
936 563 1059 622 maculis
1078 565 1176 642 roseti,
1206 553 1387 643 χρυσόκλα-

297 651 364 730 flor,
384 647 764 720 cannamomum,
788 643 836 704 vel
856 667 945 706 aureo
965 646 1063 706 clavo.
1105 645 1137 706 Si
1155 665 1263 728 nempe
1276 646 1388 710 clavus
1461 715 1462 722 ,

296 731 463 816 prolonga
486 731 547 792 iata
566 731 666 790 taenia
691 749 844 810 purpurea
871 727 920 788 vel
941 751 1034 788 aurea
1053 738 1201 792 sumatur.
1243 730 1303 790 Sed
1321 752 1387 811 pu-

297 827 366 877 tant
386 815 445 876 viri
472 814 554 876 docti
576 813 678 874 clavos
699 811 791 872 fuisse
819 811 935 889 nodos,
965 811 1119 888 circellcs,
1149 811 1260 894 quihus
1282 826 1389 876 vestes

300 910 383 960 arcte
397 897 437 958 ad
453 919 562 978 corpus
578 897 829 978 adstringuntur,
852 896 1061 969 continentur,
1084 897 1221 980 liniiffl,
1244 897 1295 957 des
1316 897 1388 960 bou-

297 997 373 1046 tcns.
416 981 540 1041 Veteres
563 991 692 1061 gestasse
715 975 844 1038 talesia
863 979 996 1039 vestibus
1012 979 1127 1056 nodos,
1156 977 1256 1039 saltim
1280 983 1388 1041 minu-

299 1077 349 1128 tae
365 1066 454 1127 sortis
471 1063 619 1139 homines,
640 1073 675 1122 ut
693 1059 815 1133 milites,
839 1061 1025 1143 apparitores
1040 1074 1113 1140 etc.,
1128 1073 1253 1145 apparet
1270 1085 1305 1126 ex
1320 1067 1389 1125 Me-

299 1149 421 1230 nologio
445 1144 593 1207 Basiliano
615 1147 655 1205 T.
676 1145 716 1204 11.
736 1167 768 1226 p.
794 1142 861 1222 143.
884 1146 976 1206 Goar.
1005 1145 1044 1205 ad
1063 1147 1243 1228 Theophan.
1260 1167 1292 1228 p.
1307 1168 1386 1230 207.

298 1232 341 1294 A.
359 1253 391 1314 7.
433 1227 560 1306 κλαβίον
582 1230 796 1310 interpretatur
820 1229 942 1288 camuhis
963 1239 993 1290 et
1011 1230 1061 1288 Du
1080 1229 1181 1311 Gange
1203 1232 1390 1328 χρυσαλα-

298 1306 449 1395 (inpexis,
469 1313 595 1372 circellzls
614 1314 711 1372 acc-eu
734 1324 892 1387 ornatum,
917 1309 1036 1389 (Gloss.
1060 1313 1115 1373 Gr.
1136 1334 1168 1374 v.
1187 1309 1289 1392 Ἅηρ,
1309 1334 1387 1396 pag.

298 1398 351 1460 53.
364 1398 386 1475 ,)
417 1398 499 1456 Goar
516 1406 618 1456 autem
637 1396 677 1456 ad
696 1394 805 1455 Codin.
820 1417 889 1478 pag.
909 1395 961 1470 45.
984 1399 1016 1456 in
1031 1398 1166 1479 margine
1182 1397 1275 1457 vertit
1293 1417 1390 1481 opere

293 1481 425 1565 phrygio
445 1500 519 1539 azau
538 1479 643 1540 ductili
663 1480 787 1563 pictum.
817 1479 905 1538 Conf.
927 1479 1007 1538 idem
1025 1501 1056 1559 p.
1077 1479 1128 1563 47.
1150 1501 1184 1540 n.
1202 1480 1234 1540 5.
1254 1481 1390 1542 etinitio

299 1563 405 1644 capitis
425 1560 457 1641 4.
476 1584 508 1643 p.
526 1563 577 1625 50.
601 1555 762 1632 κλαηωτὸς
782 1563 878 1642 (qnod
900 1561 979 1622 idem
995 1574 1087 1642 atque
1104 1555 1287 1640 κλαβωτός)
1310 1575 1387 1624 ver'·

299 1650 338 1706 tit
389 1648 415 1705 is
433 1647 533 1705 sers'crk
553 1666 628 1706 aruo
647 1647 727 1705 tecu's
747 1657 853 1706 tecue.
897 1643 1008 1728 *[Vid.
1031 1645 1083 1705 Du
1108 1646 1223 1706 Fresne
1242 1645 1280 1706 ad
1299 1647 1386 1706 loin-

298 1730 330 1790 vi
358 1773 366 1789 .
387 1751 419 1810 p.
437 1726 548 1811 295.]*
590 1729 706 1788 Verum
729 1749 792 1788 non
808 1729 1007 1789 meminerant
1028 1730 1087 1790 viri
1109 1728 1212 1806 docti,
1234 1727 1386 1871 puidcln·

299 1833 358 1875 vus
378 1822 467 1873 esset.
488 1811 547 1872 Est
563 1832 671 1893 nempe
691 1812 771 1890 lata,
794 1833 846 1872 seu
863 1810 979 1894 lignum
995 1811 1139 1894 longum,
1163 1813 1244 1894 greci
1257 1831 1293 1890 e,
1317 1833 1384 1876 non

299 1894 465 1956 admodum
488 1894 605 1968 iatum,
635 1894 687 1954 sed
705 1916 760 1975 per
779 1897 881 1964 omnia
908 1895 1041 1955 eiusdem
1062 1897 1204 1955 crassitiei
1228 1905 1259 1954 et
1278 1894 1386 1956 latitu-

298 1977 392 2040 dinis.
433 1976 527 2038 Unde
544 1977 605 2037 lata
623 1977 724 2037 taenia
739 1997 891 2058 purpurea
909 1980 1028 2040 tunicse
1044 1989 1197 2060 praetexta
1219 1977 1319 2039 σΙαυιιε
1339 1979 1385 2040 di-

298 2071 348 2121 cta
377 2061 446 2120 suit.
489 2061 586 2119 Docte
611 2060 694 2119 vocis
724 2060 970 2142 significationem
997 2064 1132 2144 exposuit
1154 2059 1325 2122 Salmasius·
1342 2063 1384 2123 ad

298 2144 366 2204 Ser.
388 2142 429 2202 Η.
452 2140 534 2224 Aug.
558 2143 597 2202 T.
613 2143 639 2201 l.
659 2165 728 2226 pag.
752 2164 770 2202 a
792 2165 824 2226 9.
847 2165 935 2226 sqq.,
966 2144 1020 2204 ubi
1043 2143 1146 2207 docuit
1165 2144 1239 2226 quid
1258 2146 1381 2222 cunas,

298 2225 374 2309 quid
394 2247 492 2286 cursus
510 2225 692 2306 ehamarus,
713 2165 788 2309 quii
803 2227 940 2311 plarutra
960 2229 1127 2290 clavularia
1148 2227 1284 2289 fuissent.

381 2309 417 2368 B.
432 2307 490 2368 ult.
507 2307 572 2391 [99,
591 2307 653 2390 15.]
672 2307 855 2388 χειμευτοῧ.
876 2309 1097 2392 Exponendum
1114 2311 1193 2375 inihi
1208 2333 1305 2393 quum
1318 2331 1385 2374 esse

297 2393 427 2453 santiam
447 2392 534 2451 dere
548 2393 699 2464 obscura,
722 2403 753 2452 et
775 2392 962 2476 attingendas
978 2405 1056 2455 artes
1072 2395 1147 2454 mihi
1162 2416 1287 2476 prorsus
1301 2395 1385 2476 igno-

298 2485 367 2552 tas,
387 2478 537 2558 picturam
556 2497 664 2558 nempe
688 2475 790 2554 illam,
812 2497 889 2558 quae
912 2476 1077 2538 smaltitnm
1096 2478 1145 2539 vel
1166 2479 1259 2538 emar'l
1277 2477 1383 2560 appel-

298 2555 398 2634 latur,
420 2561 543 2619 veniam
563 2561 664 2619 statim
679 2560 710 2620 in
726 2561 861 2641 ingressu
882 2559 972 2622 huius
987 2561 1196 2643 disputationis
1214 2561 1381 2642 deprecor,

298 2645 326 2704 si
345 2642 384 2705 de
404 2641 495 2702 rebus
514 2642 726 2724 incompertis,
749 2654 785 2704 ut
807 2663 935 2721 coecus,
955 2645 1037 2727 quod
1056 2645 1088 2706 in
1106 2645 1269 2727 proverbio
1282 2647 1380 2722 aiunt,

297 2725 339 2786 de
358 2725 509 2786 coloribus
531 2725 663 2808 disputo.
705 2727 855 2787 Scribitur
874 2727 965 2788 modo
985 2723 1173 2806 χειμευτόν,
1202 2729 1293 2788 modo
1317 2749 1382 2805 χυ·

298 2803 437 2885 pectis,
471 2819 634 2890 utrumque
663 2821 771 2870 recte·
798 2811 873 2869 Nam
904 2812 930 2872 si
956 2804 1079 2889 χειμών
1111 2811 1222 2872 dicitur
1245 2833 1264 2871 a
1294 2809 1381 2890 χὲω,

298 2899 398 2971 potest
415 2911 535 2971 quoque
553 2897 653 2970 χεῖμα
673 2893 787 2953 dictum
800 2893 909 2967 fuisse,
932 2895 1070 2976 quamvis
1092 2892 1229 2973 κέχυμαι
1243 2893 1383 2976 &equen-

298 2982 381 3031 tetur
398 2973 432 3030 in
453 2971 558 3046 libris,
590 2973 671 3034 unde
687 2969 857 3053 χυμευτὸν.
898 2977 940 3036 Et
960 2991 1031 3037 seue
1054 2975 1140 3060 χήρᾳ
1163 2974 1383 3056 περιχειμένον

298 3049 379 3135 εὐνῇ
404 3057 477 3136 (pro
500 3057 752 3135 περικεχειμένον
779 3058 828 3119 vel
853 3058 1113 3138 περικεχυμένον)
1141 3061 1216 3121 dixit
1244 3057 1383 3120 Herodes

298 3136 421 3201 Atticus
447 3139 480 3198 in
510 3138 705 3200 Dedicatione
737 3152 855 3203 statuae
877 3141 1010 3244 Regillae
1038 3163 1118 3206 vers.
1145 3165 1213 3222 rm,
1243 3143 1296 3203 ubi
1317 3163 1382 3202 non
1461 3179 1462 3208 1

300 3242 377 3385 oppp
397 3232 462 3281 erat
481 3220 628 3385 83477]ἴέ
638 3244 792 3366 :Spem
815 3245 1038 3368 plslptxeeptelpov.
1065 3226 1158 3324 'Nam
1178 3225 1383 3322 numeratas

298 3323 332 3364 ee
411 3327 472 3365 sese
497 3327 523 3364 cr
619 3331 637 3365 u
680 3329 728 3366 ere
742 3322 803 3374 stra
855 3331 891 3380 ts,
915 3329 969 3369 ver
992 3330 1043 3368 um
1063 3331 1094 3370 m
1115 3331 1151 3370 ea
1171 3329 1204 3370 re
1242 3329 1382 3368 romum

298 3369 362 3448 est.¹
374 3351 384 3382 ¹
396 3388 469 3448 Vid.
491 3387 604 3449 Athen.
628 3412 660 3472 p.
673 3388 747 3469 484.
763 3331 988 3452 agamemn
1005 3331 1379 3472 ptxpotcaeptisdiisvoc.

297 3469 448 3531 Dixerunt
476 3483 592 3532 veteres
618 3473 709 3551 χῦμα
739 3497 801 3536 non
829 3485 948 3535 tantum
980 3473 1128 3556 liquidum
1159 3473 1292 3559 aliquid,
1327 3475 1384 3534 sad

298 3555 390 3612 etiam
418 3574 545 3614 massam
570 3554 716 3633 solidam,
747 3560 832 3619 cuius
855 3557 1024 3639 superficies
1046 3558 1230 3640 aequabilis,
1263 3557 1380 3633 nitida,
1461 3557 1462 3568 ¹

298 3633 384 3694 velut
404 3638 518 3696 vitrum
538 3649 592 3698 aut
610 3639 718 3721 glacies
738 3653 826 3704 esset.
870 3642 917 3702 lta
936 3641 1101 3722 Sophocles
1115 3643 1197 3723 apud
1215 3639 1382 3703 stobaeum
1461 3641 1462 3652 ¹

297 3715 331 3778 in
351 3715 473 3799 Eclogis
493 3721 645 3782 Grotianis
664 3745 696 3804 p.
718 3725 790 3786 263.
814 3717 922 3804 χυμὸν
951 3723 1081 3806 appellat
1110 3747 1219 3810 aquom
1243 3723 1383 3804 congela-
1461 3713 1462 3728 ¹

297 3813 381 3878 tam,
414 3813 565 3862 accretum
585 3803 685 3886 digitis
704 3806 808 3889 glaciei
831 3807 985 3886 frustum,
1014 3829 1148 3869 amorem
1172 3809 1276 3890 glaciei
1297 3828 1384 3868 com·
1461 3813 1462 3822 ¹

298 3903 422 3966 parans.
465 3884 600 3946 Dubium
621 3890 730 3973 igitur,
751 3885 911 3969 χυμευτόν
932 3893 1009 3952 sitne
1029 3891 1080 3971 id,
1102 3893 1184 3973 quod
1205 3891 1306 3952 Latini
1321 3909 1385 3952 me·

298 3965 351 4026 dio
372 3987 446 4029 aevo
454 3969 553 4046 fusile
573 3970 782 4053 appellabant,
813 3973 927 4048 idest,
951 3995 1012 4034 non
1033 3996 1139 4035 cusum
1160 3973 1269 4036 malleo
1289 3972 1385 4034 didu-
1461 3991 1462 4004 ³

298 4057 443 4132 etumque
462 4053 518 4129 vi,
546 4053 598 4114 sed
619 4076 654 4116 cx
680 4056 817 4119 fervente
841 4057 957 4138 liquido
983 4057 1105 4120 metallo
1131 4081 1194 4119 una
1212 4057 1329 4119 frisione
1350 4057 1388 4119 in
1461 4075 1462 4086 ¹

293 4131 433 4213 ,debitam
453 4135 582 4196 formam
602 4149 763 4218 coactum,
786 4162 825 4200 an
844 4141 882 4201 sit
899 4141 1044 4202 eiusmodi
1065 4145 1261 4224 compositio,
1281 4137 1388 4222 qualis

300 4225 383 4297 erat,
404 4219 528 4280 testibus
546 4222 753 4300 auctoribus,
773 4223 824 4286 illa
845 4245 950 4288 mensa
969 4245 1074 4306 sacra,
1108 4225 1315 4290 aiustiniano
1334 4225 1388 4286 Μ.
1421 4270 1425 4278 .
1461 4229 1462 4276 ἒ
