2975 4892
121 279 177 345 an
208 279 431 348 consriur.
459 283 609 348 roura
637 287 693 348 na
720 286 860 351 9999.
892 285 969 352 nn.
990 291 1029 352 9.
1059 261 1144 348 615

70 435 131 496 loco
149 447 372 518 argumentum,
394 436 626 500 Constantinum
639 441 807 516 seniorem,
828 443 939 504 Leonis
959 441 1066 526 filium,
1082 457 1148 510 non*

71 519 235 593 Iuniorem,
268 521 415 594 Romani,
438 533 593 582 auctorem
614 544 679 584 esse
699 525 1022 590 hviiusCerernonialis.
1065 529 1145 592 Natu

70 601 216 661 Romanus
235 601 343 662 Senior
370 603 418 663 vel
449 606 633 685 Lecapenus,
657 608 881 668 testeCedreno
902 631 930 690 p.
953 609 1037 689 644,
1060 611 1145 694 pala-

70 687 139 742 tium
160 705 255 766 prope
275 685 435 746 cisternam
465 687 541 747 Bnui
563 700 593 748 et
612 691 646 748 in
666 690 734 748 vico
755 691 831 750 Boni
852 697 1041 770 construxit,
1063 695 1144 754 idem

69 764 152 840 illud,
190 765 272 849 quod
289 766 339 829 liic
358 766 418 829 loci
452 789 514 830 non
535 770 575 830 ab
595 782 737 850 auctore,
757 772 810 833 sed
830 794 848 832 a
870 776 979 834 vicinia
999 775 1144 858 palatium

69 849 136 908 Boni
154 871 269 910 novum
289 850 467 932 appellatur.
491 853 615 913 Novum
633 875 705 936 ergo
724 855 824 951 potuit
843 855 902 916 dici
919 855 976 916 sub
994 861 1143 920 Constan-

69 933 126 991 tino
144 932 293 1006 Seniore‚
314 945 347 994 at
364 934 423 995 sub
434 935 634 998 Constantino
662 939 786 998 iuniore
810 939 870 998 iam
891 951 1044 1000 vetustum
1066 940 1142 1003 illud

69 1025 134 1074 erat.
175 1015 322 1094 Accedit,
345 1017 427 1098 quod
448 1018 542 1099 panio
574 1029 643 1102 post
669 1021 779 1080 Leonis
812 1020 967 1102 Sapientis
990 1035 1020 1084 et
1039 1024 1142 1086 Basilii

69 1096 231 1159 Macedonis
250 1097 409 1180 sepulcra,
430 1120 494 1160 non
515 1103 705 1179 recentiora,
726 1115 943 1163 memorantur.

141 1179 175 1240 Β.
188 1203 220 1264 9.
233 1179 324 1264 [532,
344 1182 408 1266 ro.]
429 1185 608 1267 παραμονῇ.
651 1185 702 1245 Sic
724 1185 823 1246 dictus
843 1185 901 1246 fuit
922 1186 986 1246 dies
1006 1187 1141 1267 proxime

70 1260 165 1322 festum
184 1265 385 1341 antecedens,
412 1267 484 1347 quia
504 1267 606 1328 fideles
636 1288 673 1328 eo
694 1266 858 1328 inclinante
877 1272 909 1328 in
934 1289 1032 1329 sacras
1053 1271 1141 1330 aedes

70 1345 277 1408 conveniebant
311 1357 342 1408 et
369 1358 434 1408 tota
458 1362 548 1410 nocte
568 1349 610 1409 ibi
631 1348 819 1430 παρέμενον,
842 1353 1017 1424 renuebant,
1042 1351 1141 1413 idest

71 1428 221 1510 vigilabant
240 1439 273 1490 et
292 1431 503 1513 exspectabant
521 1433 684 1492 adrentum
703 1433 781 1492 sesti.

139 1511 172 1571 Β.
191 1531 238 1573 ro.
257 1511 428 1596 [532,11.]
458 1513 534 1585 τούς
555 1511 664 1592 ἁγίους
683 1509 852 1595 στανρούς.
892 1515 961 1575 Non
983 1515 1022 1575 de
1041 1516 1140 1576 crnci-

70 1591 190 1657 basillis
211 1597 351 1677 magnis,
382 1596 615 1679 spectabilibus,
644 1598 781 1678 pretiosis
802 1607 831 1657 et
852 1598 991 1678 insignita
1013 1617 1140 1658 venera·

70 1677 139 1736 tione
158 1677 229 1740 olim
253 1677 364 1752 cultis,
387 1699 466 1762 ‘puae
484 1679 670 1740 circumferri
690 1699 746 1760 per
760 1677 868 1740 urbem
888 1679 1035 1740 lustrandi
1049 1701 1140 1742 nausa
1190 1709 1194 1718 ·

69 1758 189 1820 solebant
208 1773 238 1822 et
260 1761 425 1843 inquibus
444 1783 517 1823 vera
536 1783 610 1822 cmx
623 1762 792 1822 iactabatur
813 1781 889 1838 esse,
909 1761 960 1822 sed
982 1763 1021 1822 de
1041 1765 1140 1822 cruci·

70 1837 116 1901 bus
138 1844 278 1904 ecclesiae
308 1843 412 1925 palatii
439 1845 515 1905 Boni
541 1847 671 1926 propriis
699 1843 928 1926 iuelligenduin
956 1865 1019 1905 esse
1050 1855 1137 1926 puto.

71 1921 136 1982 llam
150 1928 223 1988 istae
241 1948 336 2008 snpra
357 1928 455 1988 dictae
474 1926 709 2010 processionales
728 1947 833 1988 cruces
854 1929 982 1987 maiores
1004 1947 1146 1998 asserva,

70 2003 165 2068 bantur
190 2015 222 2070 iu
252 2009 377 2070 ecclesia
389 2009 536 2172 Calatina
562 2011 712 2092 Deiparae
741 2010 846 2070 Phari.
891 2010 1003 2070 Obstat
1022 2021 1137 2087 tamen,

71 2090 389 2256 ttttibsl.
410 2092 1011 2256 ..littttdtttitt‘tt‘ttttt3
1040 2093 1138 2256 llil

72 2255 141 2315 iuxta
163 2259 311 2319 visionem
342 2259 440 2320 crucis
468 2259 606 2320 coelestis
625 2259 776 2320 fabrefieri
797 2270 974 2336 curaverat,
1009 2260 1041 2318 in
1063 2258 1137 2320 aede

70 2335 155 2416 palatii
172 2339 249 2402 Boni
271 2341 397 2402 stetisse.

137 2421 325 2512 (141539,
345 2421 407 2508 ι6.]
429 2417 605 2506 §oppositum
628 2421 698 2485 Non
720 2421 862 2506 ignobilis
883 2424 913 2482 in
934 2423 1060 2484 historia
1074 2423 1135 2506 By-

71 2501 171 2565 zantin'a
193 2505 303 2581 locus,
323 2507 362 2567 de
382 2509 469 2567 euius
490 2508 549 2568 situ
571 2505 699 2588 latisque
719 2528 808 2589 agere
828 2509 887 2566 mei
910 2517 1029 2566 nonest
1050 2507 1135 2566 insti-

71 2594 127 2644 tun.
165 2588 299 2650 Tantum
313 2591 462 2650 rationem
483 2589 692 2671 appellationis
712 2589 839 2650 reddere
859 2590 977 2648 anbnus
990 2599 1044 2648 est.
1069 2589 1136 2648 Sci·

72 2664 127 2728 licet
145 2666 329 2751 ξηροκήπιον
350 2683 436 2734 notat
456 2675 571 2734 bomem
596 2674 729 2750 nudem,
760 2673 874 2752 absque
893 2670 1004 2752 palatio
1029 2691 1136 2751 nempe

71 2746 185 2813 hortensi
205 2767 259 2816 aut
283 2754 479 2832 suburbano,
501 2775 579 2838 quae
598 2755 672 2816 alias
690 2756 793 2816 adesse
814 2753 911 2813 bortis
932 2753 1136 2836 imperialibus

72 2831 199 2897 solebant.
240 2830 351 2918 Εἠρὸν
372 2841 498 2899 Graecis
519 2838 550 2898 id
571 2849 677 2912 notat,
699 2837 783 2919 quod
803 2837 987 2897 nostratibus
1007 2835 1137 2896 drioeken

72 2913 96 2972 in
113 2917 234 2982 dictione
253 2919 383 2982 druclen
400 2921 519 2998 Brodt,
599 2922 625 2980 is
642 2923 750 2996 siccin,
777 2917 891 3002 absque
911 2919 1038 2980 obsonio
1060 2939 1137 3000 quo-

72 3016 171 3081 cunque
197 3005 332 3064 tandein.
377 3005 425 3065 lta
451 3005 538 3085 ξηροι
568 3001 653 3064 teto
673 3015 745 3064 sunt
764 3003 866 3080 mdia,
886 3005 1013 3084 agrestia
1035 3022 1134 3080 saxa,

72 3079 166 3163 absque
189 3098 277 3164 arte,
305 3097 340 3146 nt
364 3098 526 3149 creverunt
553 3107 607 3146 sua
629 3098 753 3170 sponte,
785 3085 865 3146 ferro
886 3107 947 3146 non
969 3105 1076 3159 caesa,
1100 3093 1136 3144 ut

73 3163 126 3225 vult
143 3167 190 3228 Du
209 3170 311 3250 Gange
331 3169 370 3230 ad
392 3170 481 3231 Alex.
503 3191 535 3250 p.
554 3167 637 3245 268,
659 3181 713 3231 ant
733 3169 816 3229 millo
844 3183 991 3229 caemcnto
1012 3170 1132 3239 9999,

73 3257 100 3305 ut
114 3253 210 3312 statuit
229 3253 323 3312 Goar.
339 3253 379 3312 ad
400 3253 580 3333 Theophan.
603 3273 635 3334 p.
651 3253 723 3332 329.
739 3253 774 3311 B.
788 3251 843 3310 ult.
887 3253 932 3311 lta
952 3245 1047 3332 ξηρὸν
1061 3244 1135 3310 ἔδα-

74 3347 136 3406 W,
152 3333 257 3396 danim
268 3335 373 3410 submi,
396 3348 441 3397 eat
461 3336 591 3397 Cedren.
608 3357 639 3416 p.
656 3332 729 3418 495.
743 3334 786 3394 D.
799 3333 845 3412 8.;
866 3329 921 3394 tat
940 3335 1060 3412 ξηροῐσι
1080 3351 1137 3390 κα·

73 3409 196 3494 θῆσθαι,
215 3439 326 3500 nempe
345 3417 468 3498 liltore,
490 3416 599 3501 ldyllio
618 3419 717 3500 primo
739 3416 914 3490 Theocriti,
939 3437 1029 3496 super
1049 3413 1135 3473 duris

73 3488 94 3550 la
110 3495 201 3560 idibus
218 3501 334 3579 sedere,
359 3500 444 3564 nullo
470 3500 616 3584 stragulo,
633 3495 749 3561 ‘vellere
769 3499 945 3582 virgultisve
970 3497 1137 3557 substratis.

74 3514 164 3640 Glbssa
184 3583 352 3662 χαμευνάι,
373 3581 394 3665 ἦ
416 3581 593 3666 ξηροκοιτία
604 3630 614 3662 ,
635 3583 849 3659 199ιί994999,
870 3581 991 3642 cubatio
1012 3582 1043 3640 in
1058 3581 1137 3640 sicca

76 3654 136 3721 dum
153 3662 260 3742 humo,
289 3667 375 3728 nulla
405 3668 556 3729 substrata
577 3667 718 3749 stragula.
759 3665 876 3724 Si'ccum
894 3665 1060 3724 vehiculum
1093 3673 1137 3723 est

75 3743 138 3818 apud
155 3747 263 3830 Script.
288 3750 369 3811 Hist.
393 3751 476 3833 Aug.
500 3753 540 3811 Τ.
566 3750 604 3813 11.
651 3751 739 3834 .57.,
765 3745 902 3828 stragulis
922 3757 975 3806 aut
993 3747 1138 3807 stramine

74 3839 271 3911 tonantum,
294 3833 419 3910 πνεῦμα
441 3829 533 3915 ’ξηρὸν
554 3771 646 3915 apud
658 3833 840 3893 Cinnamum
858 3851 927 3912 pag.
958 3830 1135 3907 ra.B.1o.,

74 3922 154 3968 ’illim
166 3915 312 3976 soldarios
325 3910 447 3997 ,quem
471 3917 555 3978 nulla
574 3916 679 3997 pluvia
699 3918 883 3992 comitatum
908 3906 1003 3995 λόφοι
1025 3908 1133 3990 ξηροὶ,

77 3987 148 4053 wilei
166 4000 253 4058 terrei
275 4011 329 4058 aut
346 4002 504 4078 arenacei,
524 3999 616 4060 nullis
639 4001 734 4074 saxis,
756 3994 849 4057 nullis
870 3995 953 4056 venia
976 3991 1136 4056 metallicis

77 4068 236 4154 intermixti,
258 4082 311 4142 sed
332 4103 416 4143 mera
437 4094 518 4144 terra
538 4084 669 4166 aggesti,
691 4103 709 4142 e
729 4078 840 4161 quibus
863 4077 1005 4139 liuentem
1026 4097 1136 4158 aquam

78 4146 252 4238 Hippocrates
273 4167 402 4228 maxime
421 4167 553 4250 probat;
577 4166 643 4228 vid.
660 4163 831 4226 Casaubon.
856 4164 894 4225 ad
909 4161 1022 4222 Athen.
1038 4161 1076 4221 L.
1093 4158 1134 4217 ll.
