<?xml version="1.0" encoding="UTF-8"?>
<!DOCTYPE html PUBLIC "-//W3C//DTD XHTML 1.0 Transitional//EN"
    "http://www.w3.org/TR/xhtml1/DTD/xhtml1-transitional.dtd">
<html xmlns="http://www.w3.org/1999/xhtml" xml:lang="en" lang="en">
 <head>
  <title>
</title>
<meta http-equiv="Content-Type" content="text/html;charset=utf-8" />
  <meta name='ocr-system' content='tesseract 3.04.00' />
  <meta name='ocr-capabilities' content='ocr_page ocr_carea ocr_par ocr_line ocrx_word'/>
</head>
<body>
  <div class='ocr_page' id='page_1' title='image "./corpusscriptoru45theogoog/corpusscriptoru45theogoog_0874.png"; bbox 0 0 2975 4892; ppageno 0'>
   <div class='ocr_carea' id='block_1_1' title="bbox 173 299 1194 416">
    <p class='ocr_par' dir='ltr' id='par_1_1' title="bbox 173 299 1194 416">
     <span class='ocr_line' id='line_1_1' title="bbox 173 299 1194 416; baseline -0.002 -26"><span class='ocrx_word' id='word_1_1' title='bbox 173 325 229 390; x_wconf 77' lang='lat' dir='ltr'><strong>nu</strong></span> <span class='ocrx_word' id='word_1_2' title='bbox 265 323 489 391; x_wconf 82' lang='lat' dir='ltr'><strong>cousraur.</strong></span> <span class='ocrx_word' id='word_1_3' title='bbox 517 324 665 390; x_wconf 79' lang='lat' dir='ltr'><strong>ronan.</strong></span> <span class='ocrx_word' id='word_1_4' title='bbox 698 325 1080 394; x_wconf 70' lang='lat' dir='ltr'><strong>unumunurn</strong></span> <span class='ocrx_word' id='word_1_5' title='bbox 1111 299 1194 416; x_wconf 81' lang='lat'><strong>877</strong></span> 
     </span>
    </p>
   </div>
   <div class='ocr_carea' id='block_1_2' title="bbox 118 476 1203 1063">
    <p class='ocr_par' dir='ltr' id='par_1_2' title="bbox 118 476 1203 1063">
     <span class='ocr_line' id='line_1_2' title="bbox 118 476 1200 563; baseline 0.003 -21"><span class='ocrx_word' id='word_1_6' title='bbox 118 477 273 542; x_wconf 80' lang='lat' dir='ltr'><strong>Chronico</strong></span> <span class='ocrx_word' id='word_1_7' title='bbox 300 476 462 540; x_wconf 81' lang='lat' dir='ltr'><strong>Anselmus</strong></span> <span class='ocrx_word' id='word_1_8' title='bbox 490 478 740 562; x_wconf 82' lang='lat' dir='ltr'><strong>Havelbergeusis</strong></span> <span class='ocrx_word' id='word_1_9' title='bbox 768 480 885 563; x_wconf 77' lang='lat' dir='ltr'><strong>Dialog.</strong></span> <span class='ocrx_word' id='word_1_10' title='bbox 902 480 958 548; x_wconf 86' lang='lat'><strong>111.</strong></span> <span class='ocrx_word' id='word_1_11' title='bbox 978 503 1039 557; x_wconf 69' lang='lat' dir='ltr'><strong>m„</strong></span> <span class='ocrx_word' id='word_1_12' title='bbox 1069 482 1200 544; x_wconf 85' lang='lat' dir='ltr'><strong>incredi-</strong></span> 
     </span>
     <span class='ocr_line' id='line_1_3' title="bbox 118 561 1202 641; baseline 0.006 -19"><span class='ocrx_word' id='word_1_13' title='bbox 118 561 180 623; x_wconf 89' lang='lat' dir='ltr'><strong>bile</strong></span> <span class='ocrx_word' id='word_1_14' title='bbox 200 573 300 622; x_wconf 83' lang='lat' dir='ltr'><strong>tamen</strong></span> <span class='ocrx_word' id='word_1_15' title='bbox 321 574 384 641; x_wconf 80' lang='lat' dir='ltr'><strong>est,</strong></span> <span class='ocrx_word' id='word_1_16' title='bbox 417 563 591 626; x_wconf 75' lang='lat' dir='ltr'><strong>concionem</strong></span> <span class='ocrx_word' id='word_1_17' title='bbox 610 567 794 626; x_wconf 79' lang='lat' dir='ltr'><strong>Graecorum</strong></span> <span class='ocrx_word' id='word_1_18' title='bbox 810 562 968 625; x_wconf 89' lang='lat' dir='ltr'><strong>homiuum</strong></span> <span class='ocrx_word' id='word_1_19' title='bbox 985 567 1092 628; x_wconf 81' lang='lat' dir='ltr'><strong>Latine</strong></span> <span class='ocrx_word' id='word_1_20' title='bbox 1119 565 1202 628; x_wconf 89' lang='lat' dir='ltr'><strong>hand</strong></span> 
     </span>
     <span class='ocr_line' id='line_1_4' title="bbox 118 644 1203 712; baseline 0.006 -7"><span class='ocrx_word' id='word_1_21' title='bbox 118 644 291 705; x_wconf 75' lang='lat' dir='ltr'><strong>callentium</strong></span> <span class='ocrx_word' id='word_1_22' title='bbox 316 645 494 706; x_wconf 83' lang='lat' dir='ltr'><strong>Latinorum</strong></span> <span class='ocrx_word' id='word_1_23' title='bbox 525 645 628 708; x_wconf 89' lang='lat' dir='ltr'><strong>laudes</strong></span> <span class='ocrx_word' id='word_1_24' title='bbox 656 659 685 708; x_wconf 88' lang='lat' dir='ltr'><strong>et</strong></span> <span class='ocrx_word' id='word_1_25' title='bbox 710 647 887 709; x_wconf 72' lang='lat' dir='ltr'><strong>intellexisse</strong></span> <span class='ocrx_word' id='word_1_26' title='bbox 914 659 945 708; x_wconf 92' lang='lat' dir='ltr'><strong>et</strong></span> <span class='ocrx_word' id='word_1_27' title='bbox 968 654 1115 712; x_wconf 84' lang='lat' dir='ltr'><strong>recitasse.</strong></span> <span class='ocrx_word' id='word_1_28' title='bbox 1156 650 1203 712; x_wconf 85' lang='lat' dir='ltr'><strong>Ut</strong></span> 
     </span>
     <span class='ocr_line' id='line_1_5' title="bbox 118 727 1202 812; baseline 0.006 -24"><span class='ocrx_word' id='word_1_29' title='bbox 118 739 219 788; x_wconf 88' lang='lat' dir='ltr'><strong>autem</strong></span> <span class='ocrx_word' id='word_1_30' title='bbox 264 729 364 789; x_wconf 85' lang='lat' dir='ltr'><strong>Latini</strong></span> <span class='ocrx_word' id='word_1_31' title='bbox 392 727 480 812; x_wconf 79' lang='lat' dir='ltr'><strong>legati</strong></span> <span class='ocrx_word' id='word_1_32' title='bbox 513 729 636 791; x_wconf 84' lang='lat' dir='ltr'><strong>Latinas</strong></span> <span class='ocrx_word' id='word_1_33' title='bbox 664 730 769 792; x_wconf 84' lang='lat' dir='ltr'><strong>laudes</strong></span> <span class='ocrx_word' id='word_1_34' title='bbox 802 730 1036 812; x_wconf 82' lang='lat' dir='ltr'><strong>imperatoribus</strong></span> <span class='ocrx_word' id='word_1_35' title='bbox 1070 731 1202 794; x_wconf 86' lang='lat' dir='ltr'><strong>CPtanis</strong></span> 
     </span>
     <span class='ocr_line' id='line_1_6' title="bbox 119 811 1203 894; baseline 0.004 -22"><span class='ocrx_word' id='word_1_36' title='bbox 119 811 349 889; x_wconf 80' lang='lat' dir='ltr'><strong>acclamabant,</strong></span> <span class='ocrx_word' id='word_1_37' title='bbox 382 815 425 874; x_wconf 90' lang='lat' dir='ltr'><strong>ita</strong></span> <span class='ocrx_word' id='word_1_38' title='bbox 447 812 578 873; x_wconf 85' lang='lat' dir='ltr'><strong>vicissim</strong></span> <span class='ocrx_word' id='word_1_39' title='bbox 598 817 704 876; x_wconf 87' lang='lat' dir='ltr'><strong>Graeci</strong></span> <span class='ocrx_word' id='word_1_40' title='bbox 724 814 815 894; x_wconf 83' lang='lat' dir='ltr'><strong>legati</strong></span> <span class='ocrx_word' id='word_1_41' title='bbox 842 815 972 874; x_wconf 86' lang='lat' dir='ltr'><strong>Graecas</strong></span> <span class='ocrx_word' id='word_1_42' title='bbox 995 813 1203 876; x_wconf 78' lang='lat' dir='ltr'><strong>acclamabant</strong></span> 
     </span>
     <span class='ocr_line' id='line_1_7' title="bbox 120 895 1203 976; baseline 0.006 -23"><span class='ocrx_word' id='word_1_43' title='bbox 120 895 355 976; x_wconf 82' lang='lat' dir='ltr'><strong>imperatoribus</strong></span> <span class='ocrx_word' id='word_1_44' title='bbox 378 895 552 958; x_wconf 71' lang='lat' dir='ltr'><strong>Occidentis</strong></span> <span class='ocrx_word' id='word_1_45' title='bbox 569 908 601 957; x_wconf 89' lang='lat' dir='ltr'><strong>et</strong></span> <span class='ocrx_word' id='word_1_46' title='bbox 621 897 818 958; x_wconf 82' lang='lat' dir='ltr'><strong>Pontificibus</strong></span> <span class='ocrx_word' id='word_1_47' title='bbox 842 897 997 962; x_wconf 85' lang='lat' dir='ltr'><strong>Romanis.</strong></span> <span class='ocrx_word' id='word_1_48' title='bbox 1040 897 1135 958; x_wconf 88' lang='lat' dir='ltr'><strong>Notus</strong></span> <span class='ocrx_word' id='word_1_49' title='bbox 1157 909 1203 960; x_wconf 85' lang='lat' dir='ltr'><strong>est</strong></span> 
     </span>
     <span class='ocr_line' id='line_1_8' title="bbox 118 975 1203 1063; baseline 0.003 -26"><span class='ocrx_word' id='word_1_50' title='bbox 118 975 203 1038; x_wconf 89' lang='lat' dir='ltr'><strong>locus</strong></span> <span class='ocrx_word' id='word_1_51' title='bbox 221 978 404 1060; x_wconf 81' lang='lat' dir='ltr'><strong>Rhegiuouis</strong></span> <span class='ocrx_word' id='word_1_52' title='bbox 431 977 636 1058; x_wconf 87' lang='lat' dir='ltr'><strong>Prumicusis,</strong></span> <span class='ocrx_word' id='word_1_53' title='bbox 668 1001 731 1061; x_wconf 88' lang='lat' dir='ltr'><strong>quo</strong></span> <span class='ocrx_word' id='word_1_54' title='bbox 750 983 815 1057; x_wconf 82' lang='lat' dir='ltr'><strong>ait,</strong></span> <span class='ocrx_word' id='word_1_55' title='bbox 839 978 951 1063; x_wconf 78' lang='lat' dir='ltr'><strong>legatos</strong></span> <span class='ocrx_word' id='word_1_56' title='bbox 970 979 1100 1041; x_wconf 85' lang='lat' dir='ltr'><strong>Graecos</strong></span> <span class='ocrx_word' id='word_1_57' title='bbox 1114 979 1203 1040; x_wconf 87' lang='lat' dir='ltr'><strong>Nice-</strong></span> 
     </span>
    </p>
   </div>
   <div class='ocr_carea' id='block_1_3' title="bbox 118 1060 1326 1144">
    <p class='ocr_par' dir='ltr' id='par_1_3' title="bbox 118 1060 1326 1144">
     <span class='ocr_line' id='line_1_9' title="bbox 118 1060 1326 1144; baseline 0 -24"><span class='ocrx_word' id='word_1_58' title='bbox 118 1061 207 1144; x_wconf 88' lang='lat' dir='ltr'><strong>pbori</strong></span> <span class='ocrx_word' id='word_1_59' title='bbox 236 1061 391 1122; x_wconf 73' lang='lat' dir='ltr'><strong>Generalis</strong></span> <span class='ocrx_word' id='word_1_60' title='bbox 431 1073 485 1123; x_wconf 82' lang='lat' dir='ltr'><strong>eut</strong></span> <span class='ocrx_word' id='word_1_61' title='bbox 509 1062 610 1122; x_wconf 72' lang='lat' dir='ltr'><strong>irenes</strong></span> <span class='ocrx_word' id='word_1_62' title='bbox 638 1067 710 1140; x_wconf 85' lang='lat' dir='ltr'><strong>(uon</strong></span> <span class='ocrx_word' id='word_1_63' title='bbox 741 1063 819 1124; x_wconf 91' lang='lat' dir='ltr'><strong>bene</strong></span> <span class='ocrx_word' id='word_1_64' title='bbox 847 1065 982 1140; x_wconf 87' lang='lat' dir='ltr'><strong>memini)</strong></span> <span class='ocrx_word' id='word_1_65' title='bbox 1020 1060 1130 1124; x_wconf 85' lang='lat' dir='ltr'><strong>Carolo</strong></span> <span class='ocrx_word' id='word_1_66' title='bbox 1153 1065 1200 1125; x_wconf 87' lang='lat' dir='ltr'><strong>M.</strong></span> <span class='ocrx_word' id='word_1_67' title='bbox 1324 1109 1326 1120; x_wconf 78' lang='grc'>,</span> 
     </span>
    </p>
   </div>
   <div class='ocr_carea' id='block_1_4' title="bbox 54 1143 1201 4300">
    <p class='ocr_par' dir='ltr' id='par_1_4' title="bbox 118 1143 1200 1481">
     <span class='ocr_line' id='line_1_10' title="bbox 118 1143 1200 1228; baseline 0.004 -24"><span class='ocrx_word' id='word_1_68' title='bbox 118 1145 151 1204; x_wconf 92' lang='lat' dir='ltr'><strong>in</strong></span> <span class='ocrx_word' id='word_1_69' title='bbox 169 1143 293 1204; x_wconf 84' lang='lat' dir='ltr'><strong>ecclesia</strong></span> <span class='ocrx_word' id='word_1_70' title='bbox 313 1143 478 1206; x_wconf 79' lang='lat' dir='ltr'><strong>cathedrali</strong></span> <span class='ocrx_word' id='word_1_71' title='bbox 499 1145 734 1228; x_wconf 68' lang='lat' dir='ltr'><strong>aquisgranensi</strong></span> <span class='ocrx_word' id='word_1_72' title='bbox 756 1146 885 1208; x_wconf 83' lang='lat' dir='ltr'><strong>Graecas</strong></span> <span class='ocrx_word' id='word_1_73' title='bbox 904 1146 1008 1208; x_wconf 86' lang='lat' dir='ltr'><strong>laudes</strong></span> <span class='ocrx_word' id='word_1_74' title='bbox 1023 1146 1200 1208; x_wconf 81' lang='lat' dir='ltr'><strong>accinuisse.</strong></span> 
     </span>
     <span class='ocr_line' id='line_1_11' title="bbox 118 1227 1200 1314; baseline 0.003 -27"><span class='ocrx_word' id='word_1_75' title='bbox 118 1227 199 1287; x_wconf 78' lang='lat' dir='ltr'><strong>Aeta</strong></span> <span class='ocrx_word' id='word_1_76' title='bbox 222 1227 351 1288; x_wconf 80' lang='lat' dir='ltr'><strong>Consilii</strong></span> <span class='ocrx_word' id='word_1_77' title='bbox 372 1227 579 1310; x_wconf 82' lang='lat' dir='ltr'><strong>Lugdunensis</strong></span> <span class='ocrx_word' id='word_1_78' title='bbox 601 1229 638 1288; x_wconf 90' lang='lat' dir='ltr'><strong>de</strong></span> <span class='ocrx_word' id='word_1_79' title='bbox 658 1231 719 1292; x_wconf 82' lang='lat' dir='ltr'><strong>An.</strong></span> <span class='ocrx_word' id='word_1_80' title='bbox 739 1227 851 1311; x_wconf 64' lang='lat' dir='ltr'><strong>”ll-³</strong></span> <span class='ocrx_word' id='word_1_81' title='bbox 880 1251 938 1314; x_wconf 85' lang='lat' dir='ltr'><strong>quo</strong></span> <span class='ocrx_word' id='word_1_82' title='bbox 956 1230 1088 1310; x_wconf 78' lang='lat' dir='ltr'><strong>syntbolo</strong></span> <span class='ocrx_word' id='word_1_83' title='bbox 1109 1228 1200 1314; x_wconf 78' lang='lat' dir='ltr'><strong>finito</strong></span> 
     </span>
     <span class='ocr_line' id='line_1_12' title="bbox 118 1311 1200 1396; baseline 0.003 -27"><span class='ocrx_word' id='word_1_84' title='bbox 118 1311 197 1370; x_wconf 82' lang='lat' dir='ltr'><strong>idem</strong></span> <span class='ocrx_word' id='word_1_85' title='bbox 224 1313 416 1392; x_wconf 62' lang='lat' dir='ltr'><strong>pontecclo,</strong></span> <span class='ocrx_word' id='word_1_86' title='bbox 445 1313 658 1396; x_wconf 72' lang='lat' dir='ltr'><strong>archiepiscopi</strong></span> <span class='ocrx_word' id='word_1_87' title='bbox 678 1328 707 1373; x_wconf 88' lang='lat' dir='ltr'><strong>ct</strong></span> <span class='ocrx_word' id='word_1_88' title='bbox 732 1313 878 1393; x_wconf 76' lang='lat' dir='ltr'><strong>logotheta</strong></span> <span class='ocrx_word' id='word_1_89' title='bbox 906 1333 973 1373; x_wconf 76' lang='lat' dir='ltr'><strong>utut</strong></span> <span class='ocrx_word' id='word_1_90' title='bbox 1001 1313 1071 1373; x_wconf 71' lang='lat' dir='ltr'><strong>aliis</strong></span> <span class='ocrx_word' id='word_1_91' title='bbox 1097 1325 1200 1373; x_wconf 80' lang='lat' dir='ltr'><strong>curun·</strong></span> 
     </span>
     <span class='ocr_line' id='line_1_13' title="bbox 118 1393 1101 1481; baseline 0.003 -27"><span class='ocrx_word' id='word_1_92' title='bbox 118 1407 225 1455; x_wconf 82' lang='lat' dir='ltr'><strong>uerunt</strong></span> <span class='ocrx_word' id='word_1_93' title='bbox 244 1393 346 1454; x_wconf 84' lang='lat' dir='ltr'><strong>laudes</strong></span> <span class='ocrx_word' id='word_1_94' title='bbox 366 1395 499 1454; x_wconf 76' lang='lat' dir='ltr'><strong>solennes</strong></span> <span class='ocrx_word' id='word_1_95' title='bbox 516 1397 549 1456; x_wconf 84' lang='lat' dir='ltr'><strong>in</strong></span> <span class='ocrx_word' id='word_1_96' title='bbox 570 1395 673 1475; x_wconf 61' lang='lat' dir='ltr'><strong>lingua</strong></span> <span class='ocrx_word' id='word_1_97' title='bbox 699 1395 818 1456; x_wconf 84' lang='lat' dir='ltr'><strong>Graeca</strong></span> <span class='ocrx_word' id='word_1_98' title='bbox 840 1396 960 1456; x_wconf 83' lang='lat' dir='ltr'><strong>domino</strong></span> <span class='ocrx_word' id='word_1_99' title='bbox 983 1397 1101 1481; x_wconf 79' lang='lat' dir='ltr'><strong>Papae.</strong></span> 
     </span>
    </p>

    <p class='ocr_par' dir='ltr' id='par_1_5' title="bbox 116 1473 1201 2142">
     <span class='ocr_line' id='line_1_14' title="bbox 201 1473 1200 1560; baseline 0.004 -23"><span class='ocrx_word' id='word_1_100' title='bbox 201 1476 287 1538; x_wconf 82' lang='lat' dir='ltr'><strong>B.·6.</strong></span> <span class='ocrx_word' id='word_1_101' title='bbox 329 1475 402 1560; x_wconf 67' lang='lat'><strong>744,</strong></span> <span class='ocrx_word' id='word_1_102' title='bbox 419 1475 481 1559; x_wconf 62' lang='lat' dir='ltr'><strong>ns]</strong></span> <span class='ocrx_word' id='word_1_103' title='bbox 514 1473 690 1538; x_wconf 75' lang='grc' dir='ltr'><strong><em>ὖπείδασιν.</em></strong></span> <span class='ocrx_word' id='word_1_104' title='bbox 740 1477 823 1556; x_wconf 86' lang='lat' dir='ltr'><strong>Quid</strong></span> <span class='ocrx_word' id='word_1_105' title='bbox 852 1477 910 1539; x_wconf 89' lang='lat' dir='ltr'><strong>boc</strong></span> <span class='ocrx_word' id='word_1_106' title='bbox 940 1479 1025 1539; x_wconf 85' lang='lat' dir='ltr'><strong>verbi</strong></span> <span class='ocrx_word' id='word_1_107' title='bbox 1052 1484 1109 1559; x_wconf 84' lang='lat' dir='ltr'><strong>sit,</strong></span> <span class='ocrx_word' id='word_1_108' title='bbox 1137 1484 1200 1541; x_wconf 83' lang='lat' dir='ltr'><strong>nob</strong></span> 
     </span>
     <span class='ocr_line' id='line_1_15' title="bbox 118 1559 1198 1644; baseline 0.004 -24"><span class='ocrx_word' id='word_1_109' title='bbox 118 1559 264 1641; x_wconf 86' lang='lat' dir='ltr'><strong>intelligo.</strong></span> <span class='ocrx_word' id='word_1_110' title='bbox 380 1581 428 1638; x_wconf 84' lang='lat' dir='ltr'><strong>ns,</strong></span> <span class='ocrx_word' id='word_1_111' title='bbox 448 1583 539 1643; x_wconf 87' lang='lat' dir='ltr'><strong>quem</strong></span> <span class='ocrx_word' id='word_1_112' title='bbox 558 1563 591 1620; x_wconf 91' lang='lat' dir='ltr'><strong>in</strong></span> <span class='ocrx_word' id='word_1_113' title='bbox 611 1563 750 1622; x_wconf 80' lang='lat' dir='ltr'><strong>versione</strong></span> <span class='ocrx_word' id='word_1_114' title='bbox 765 1562 906 1642; x_wconf 80' lang='lat' dir='ltr'><strong>expressi,</strong></span> <span class='ocrx_word' id='word_1_115' title='bbox 929 1559 1043 1644; x_wconf 76' lang='lat' dir='ltr'><strong>flagitat</strong></span> <span class='ocrx_word' id='word_1_116' title='bbox 1061 1559 1198 1624; x_wconf 77' lang='lat' dir='ltr'><strong>elne&#39;xdu·</strong></span> 
     </span>
     <span class='ocr_line' id='line_1_16' title="bbox 117 1640 1200 1724; baseline 0.004 -22"><span class='ocrx_word' id='word_1_117' title='bbox 117 1663 190 1719; x_wconf 79' lang='grc' dir='ltr'><strong><em>αια,</em></strong></span> <span class='ocrx_word' id='word_1_118' title='bbox 218 1642 268 1703; x_wconf 85' lang='lat' dir='ltr'><strong>vel</strong></span> <span class='ocrx_word' id='word_1_119' title='bbox 297 1640 469 1719; x_wconf 78' lang='grc' dir='ltr'><strong><em>α’πόλασιν,</em></strong></span> <span class='ocrx_word' id='word_1_120' title='bbox 495 1642 545 1705; x_wconf 87' lang='lat' dir='ltr'><strong>vel</strong></span> <span class='ocrx_word' id='word_1_121' title='bbox 573 1640 736 1724; x_wconf 77' lang='grc' dir='ltr'><strong><em>α’πὴλυσιν.</em></strong></span> <span class='ocrx_word' id='word_1_122' title='bbox 780 1643 861 1722; x_wconf 85' lang='lat' dir='ltr'><strong>Quid</strong></span> <span class='ocrx_word' id='word_1_123' title='bbox 890 1643 1001 1706; x_wconf 85' lang='lat' dir='ltr'><strong>borum</strong></span> <span class='ocrx_word' id='word_1_124' title='bbox 1048 1645 1200 1708; x_wconf 81' lang='lat' dir='ltr'><strong>raesenen·</strong></span> 
     </span>
     <span class='ocr_line' id='line_1_17' title="bbox 117 1667 1201 1824; baseline 0.006 -38"><span class='ocrx_word' id='word_1_125' title='bbox 117 1725 192 1786; x_wconf 90' lang='lat' dir='ltr'><strong>dum</strong></span> <span class='ocrx_word' id='word_1_126' title='bbox 218 1735 273 1787; x_wconf 87' lang='lat' dir='ltr'><strong>aut</strong></span> <span class='ocrx_word' id='word_1_127' title='bbox 292 1726 367 1810; x_wconf 89' lang='lat' dir='ltr'><strong>quid</strong></span> <span class='ocrx_word' id='word_1_128' title='bbox 388 1725 471 1787; x_wconf 89' lang='lat' dir='ltr'><strong>aliud</strong></span> <span class='ocrx_word' id='word_1_129' title='bbox 490 1727 733 1788; x_wconf 86' lang='lat' dir='ltr'><strong>substituendum</strong></span> <span class='ocrx_word' id='word_1_130' title='bbox 754 1729 811 1805; x_wconf 89' lang='lat' dir='ltr'><strong>sit,</strong></span> <span class='ocrx_word' id='word_1_131' title='bbox 848 1727 981 1788; x_wconf 85' lang='lat' dir='ltr'><strong>viderint</strong></span> <span class='ocrx_word' id='word_1_132' title='bbox 1005 1667 1068 1788; x_wconf 83' lang='lat' dir='ltr'><strong>alli.</strong></span> <span class='ocrx_word' id='word_1_133' title='bbox 1089 1729 1201 1824; x_wconf 50' lang='lat' dir='ltr'><strong>„eene</strong></span> 
     </span>
     <span class='ocr_line' id='line_1_18' title="bbox 118 1807 1200 1892; baseline 0.005 -25"><span class='ocrx_word' id='word_1_134' title='bbox 118 1807 211 1870; x_wconf 73' lang='lat' dir='ltr'><strong>deirae</strong></span> <span class='ocrx_word' id='word_1_135' title='bbox 232 1809 311 1870; x_wconf 86' lang='lat' dir='ltr'><strong>idem</strong></span> <span class='ocrx_word' id='word_1_136' title='bbox 329 1809 413 1892; x_wconf 88' lang='lat' dir='ltr'><strong>quod</strong></span> <span class='ocrx_word' id='word_1_137' title='bbox 432 1809 554 1886; x_wconf 72' lang='grc' dir='ltr'><strong>βαίνειν</strong></span> <span class='ocrx_word' id='word_1_138' title='bbox 569 1809 619 1870; x_wconf 85' lang='lat' dir='ltr'><strong>vel</strong></span> <span class='ocrx_word' id='word_1_139' title='bbox 638 1807 721 1872; x_wconf 72' lang='grc' dir='ltr'><strong><em>ἰέναι</em></strong></span> <span class='ocrx_word' id='word_1_140' title='bbox 736 1828 820 1887; x_wconf 84' lang='lat' dir='ltr'><strong>esse,</strong></span> <span class='ocrx_word' id='word_1_141' title='bbox 838 1820 920 1891; x_wconf 87' lang='lat' dir='ltr'><strong>patet</strong></span> <span class='ocrx_word' id='word_1_142' title='bbox 942 1831 977 1870; x_wconf 83' lang='lat' dir='ltr'><strong>cx</strong></span> <span class='ocrx_word' id='word_1_143' title='bbox 996 1829 1072 1872; x_wconf 83' lang='lat' dir='ltr'><strong>voce</strong></span> <span class='ocrx_word' id='word_1_144' title='bbox 1084 1808 1200 1890; x_wconf 75' lang='lat' dir='ltr'><strong>adeso,</strong></span> 
     </span>
     <span class='ocr_line' id='line_1_19' title="bbox 117 1886 1200 1975; baseline 0.003 -23"><span class='ocrx_word' id='word_1_145' title='bbox 117 1913 196 1974; x_wconf 80' lang='lat' dir='ltr'><strong>quae</strong></span> <span class='ocrx_word' id='word_1_146' title='bbox 213 1891 294 1953; x_wconf 86' lang='lat' dir='ltr'><strong>idem</strong></span> <span class='ocrx_word' id='word_1_147' title='bbox 309 1904 401 1975; x_wconf 89' lang='lat' dir='ltr'><strong>atque</strong></span> <span class='ocrx_word' id='word_1_148' title='bbox 418 1886 526 1970; x_wconf 67' lang='grc' dir='ltr'><strong><em>ἄβατα</em></strong></span> <span class='ocrx_word' id='word_1_149' title='bbox 541 1892 705 1975; x_wconf 73' lang='lat' dir='ltr'><strong>significat,</strong></span> <span class='ocrx_word' id='word_1_150' title='bbox 728 1894 801 1952; x_wconf 81' lang='lat' dir='ltr'><strong>item</strong></span> <span class='ocrx_word' id='word_1_151' title='bbox 828 1913 864 1954; x_wconf 81' lang='lat' dir='ltr'><strong>ex</strong></span> <span class='ocrx_word' id='word_1_152' title='bbox 886 1888 1045 1954; x_wconf 68' lang='lat' dir='ltr'><strong>daedaleam</strong></span> <span class='ocrx_word' id='word_1_153' title='bbox 1073 1891 1105 1952; x_wconf 92' lang='lat' dir='ltr'><strong>in</strong></span> <span class='ocrx_word' id='word_1_154' title='bbox 1132 1891 1200 1955; x_wconf 90' lang='lat' dir='ltr'><strong>loco</strong></span> 
     </span>
     <span class='ocr_line' id='line_1_20' title="bbox 116 1973 1195 2060; baseline 0.003 -26"><span class='ocrx_word' id='word_1_155' title='bbox 116 1975 289 2038; x_wconf 77' lang='lat' dir='ltr'><strong>Nicomachi</strong></span> <span class='ocrx_word' id='word_1_156' title='bbox 321 1977 486 2056; x_wconf 73' lang='lat' dir='ltr'><strong>Ceramni,</strong></span> <span class='ocrx_word' id='word_1_157' title='bbox 508 1997 598 2058; x_wconf 84' lang='lat' dir='ltr'><strong>quem</strong></span> <span class='ocrx_word' id='word_1_158' title='bbox 619 1975 784 2037; x_wconf 86' lang='lat' dir='ltr'><strong>Salmasius</strong></span> <span class='ocrx_word' id='word_1_159' title='bbox 808 1975 847 2036; x_wconf 89' lang='lat' dir='ltr'><strong>ud</strong></span> <span class='ocrx_word' id='word_1_160' title='bbox 872 1973 970 2036; x_wconf 80' lang='lat' dir='ltr'><strong>Aram</strong></span> <span class='ocrx_word' id='word_1_161' title='bbox 995 1975 1146 2036; x_wconf 82' lang='lat' dir='ltr'><strong>Dnsiadae</strong></span> <span class='ocrx_word' id='word_1_162' title='bbox 1163 1999 1195 2060; x_wconf 89' lang='lat' dir='ltr'><strong>p.</strong></span> 
     </span>
     <span class='ocr_line' id='line_1_21' title="bbox 121 2057 1199 2142; baseline 0.002 -24"><span class='ocrx_word' id='word_1_163' title='bbox 121 2057 190 2142; x_wconf 81' lang='lat'><strong>189.</strong></span> <span class='ocrx_word' id='word_1_164' title='bbox 208 2060 258 2120; x_wconf 88' lang='lat' dir='ltr'><strong>ed.</strong></span> <span class='ocrx_word' id='word_1_165' title='bbox 272 2059 363 2120; x_wconf 85' lang='lat' dir='ltr'><strong>Creu.</strong></span> <span class='ocrx_word' id='word_1_166' title='bbox 383 2060 474 2131; x_wconf 83' lang='lat' dir='ltr'><strong>citat,</strong></span> <span class='ocrx_word' id='word_1_167' title='bbox 497 2059 550 2120; x_wconf 88' lang='lat' dir='ltr'><strong>ubi</strong></span> <span class='ocrx_word' id='word_1_168' title='bbox 568 2070 654 2120; x_wconf 88' lang='lat' dir='ltr'><strong>notat</strong></span> <span class='ocrx_word' id='word_1_169' title='bbox 674 2059 846 2140; x_wconf 74' lang='lat' dir='ltr'><strong>diwrgem,</strong></span> <span class='ocrx_word' id='word_1_170' title='bbox 868 2059 900 2118; x_wconf 90' lang='lat' dir='ltr'><strong>iu</strong></span> <span class='ocrx_word' id='word_1_171' title='bbox 921 2057 1040 2119; x_wconf 87' lang='lat' dir='ltr'><strong>diversa</strong></span> <span class='ocrx_word' id='word_1_172' title='bbox 1065 2057 1199 2128; x_wconf 78' lang='lat' dir='ltr'><strong>tendere.</strong></span> 
     </span>
    </p>

    <p class='ocr_par' dir='ltr' id='par_1_6' title="bbox 116 2140 1196 2307">
     <span class='ocr_line' id='line_1_22' title="bbox 199 2140 1196 2226; baseline 0.001 -23"><span class='ocrx_word' id='word_1_173' title='bbox 199 2143 233 2203; x_wconf 80' lang='lat' dir='ltr'><strong>B.</strong></span> <span class='ocrx_word' id='word_1_174' title='bbox 254 2163 286 2225; x_wconf 76' lang='lat'><strong>7.</strong></span> <span class='ocrx_word' id='word_1_175' title='bbox 313 2142 398 2226; x_wconf 59' lang='grc' dir='ltr'><strong>Μ,</strong></span> <span class='ocrx_word' id='word_1_176' title='bbox 419 2140 484 2225; x_wconf 54' lang='lat' dir='ltr'><strong>aab]</strong></span> <span class='ocrx_word' id='word_1_177' title='bbox 514 2140 635 2222; x_wconf 75' lang='grc' dir='ltr'><strong>ἐξάγειν</strong></span> <span class='ocrx_word' id='word_1_178' title='bbox 663 2141 712 2203; x_wconf 74' lang='grc' dir='ltr'><strong>δὲ.</strong></span> <span class='ocrx_word' id='word_1_179' title='bbox 765 2145 829 2204; x_wconf 83' lang='lat' dir='ltr'><strong>Aut</strong></span> <span class='ocrx_word' id='word_1_180' title='bbox 855 2140 992 2203; x_wconf 82' lang='lat' dir='ltr'><strong>iteranda</strong></span> <span class='ocrx_word' id='word_1_181' title='bbox 1013 2161 1071 2204; x_wconf 83' lang='lat' dir='ltr'><strong>vox</strong></span> <span class='ocrx_word' id='word_1_182' title='bbox 1094 2144 1196 2226; x_wconf 87' lang='lat' dir='ltr'><strong>prior,</strong></span> 
     </span>
     <span class='ocr_line' id='line_1_23' title="bbox 116 2225 837 2307; baseline 0.003 -23"><span class='ocrx_word' id='word_1_183' title='bbox 116 2227 282 2307; x_wconf 85' lang='lat' dir='ltr'><strong>praemisso</strong></span> <span class='ocrx_word' id='word_1_184' title='bbox 299 2236 431 2307; x_wconf 84' lang='lat' dir='ltr'><strong>puncto,</strong></span> <span class='ocrx_word' id='word_1_185' title='bbox 456 2236 511 2288; x_wconf 87' lang='lat' dir='ltr'><strong>aut</strong></span> <span class='ocrx_word' id='word_1_186' title='bbox 532 2225 659 2287; x_wconf 86' lang='lat' dir='ltr'><strong>delenda</strong></span> <span class='ocrx_word' id='word_1_187' title='bbox 733 2225 837 2286; x_wconf 83' lang='lat' dir='ltr'><strong>terior.</strong></span> 
     </span>
    </p>

    <p class='ocr_par' dir='ltr' id='par_1_7' title="bbox 114 2298 1201 2718">
     <span class='ocr_line' id='line_1_24' title="bbox 199 2298 1200 2403; baseline 0 -35"><span class='ocrx_word' id='word_1_188' title='bbox 199 2309 237 2368; x_wconf 87' lang='lat' dir='ltr'><strong>C.</strong></span> <span class='ocrx_word' id='word_1_189' title='bbox 258 2329 290 2391; x_wconf 64' lang='lat' dir='ltr'><strong>p</strong></span> <span class='ocrx_word' id='word_1_190' title='bbox 313 2307 400 2392; x_wconf 54' lang='lat'><strong>[742</strong></span> <span class='ocrx_word' id='word_1_191' title='bbox 416 2307 463 2392; x_wconf 78' lang='lat'><strong>5.]</strong></span> <span class='ocrx_word' id='word_1_192' title='bbox 491 2298 555 2368; x_wconf 67' lang='lat' dir='ltr'><strong>dno*</strong></span> <span class='ocrx_word' id='word_1_193' title='bbox 581 2303 640 2369; x_wconf 78' lang='lat' dir='ltr'><strong>delo</strong></span> <span class='ocrx_word' id='word_1_194' title='bbox 665 2305 852 2388; x_wconf 70' lang='grc' dir='ltr'><strong><em>ακααβὴων.</em></strong></span> <span class='ocrx_word' id='word_1_195' title='bbox 908 2305 981 2403; x_wconf 72' lang='grc' dir='ltr'><strong>Ραοι</strong></span> <span class='ocrx_word' id='word_1_196' title='bbox 1001 2307 1099 2388; x_wconf 87' lang='lat' dir='ltr'><strong>prima</strong></span> <span class='ocrx_word' id='word_1_197' title='bbox 1125 2328 1200 2372; x_wconf 82' lang='lat' dir='ltr'><strong>voce</strong></span> 
     </span>
     <span class='ocr_line' id='line_1_25' title="bbox 114 2384 1199 2474; baseline 0.011 -24"><span class='ocrx_word' id='word_1_198' title='bbox 114 2390 174 2470; x_wconf 73' lang='lat' dir='ltr'><strong>teg.</strong></span> <span class='ocrx_word' id='word_1_199' title='bbox 198 2389 267 2468; x_wconf 68' lang='grc' dir='ltr'><strong>ἐπὶ,</strong></span> <span class='ocrx_word' id='word_1_200' title='bbox 294 2403 329 2452; x_wconf 83' lang='lat' dir='ltr'><strong>ut</strong></span> <span class='ocrx_word' id='word_1_201' title='bbox 350 2413 381 2474; x_wconf 86' lang='lat' dir='ltr'><strong>p.</strong></span> <span class='ocrx_word' id='word_1_202' title='bbox 402 2391 475 2471; x_wconf 73' lang='lat'><strong>45⁰·</strong></span> <span class='ocrx_word' id='word_1_203' title='bbox 497 2391 535 2454; x_wconf 87' lang='lat' dir='ltr'><strong>c.</strong></span> <span class='ocrx_word' id='word_1_204' title='bbox 557 2391 588 2454; x_wconf 85' lang='grc'><strong>6.</strong></span> <span class='ocrx_word' id='word_1_205' title='bbox 610 2389 665 2454; x_wconf 71' lang='grc' dir='ltr'><strong>ἐπι·</strong></span> <span class='ocrx_word' id='word_1_206' title='bbox 686 2393 744 2471; x_wconf 79' lang='grc' dir='ltr'><strong>τῆς</strong></span> <span class='ocrx_word' id='word_1_207' title='bbox 771 2391 859 2471; x_wconf 76' lang='grc' dir='ltr'><strong><em>ἕκτης</em></strong></span> <span class='ocrx_word' id='word_1_208' title='bbox 884 2384 941 2450; x_wconf 83' lang='grc' dir='ltr'><strong><em>καί</em></strong></span> <span class='ocrx_word' id='word_1_209' title='bbox 968 2385 1104 2469; x_wconf 64' lang='lat' dir='ltr'><strong>adclines</strong></span> <span class='ocrx_word' id='word_1_210' title='bbox 1123 2412 1199 2472; x_wconf 64' lang='grc' dir='ltr'><strong><em>τρια·</em></strong></span> 
     </span>
     <span class='ocr_line' id='line_1_26' title="bbox 115 2467 1201 2555; baseline 0.004 -23"><span class='ocrx_word' id='word_1_211' title='bbox 115 2473 230 2552; x_wconf 75' lang='grc' dir='ltr'><em>πέζης,</em></span> <span class='ocrx_word' id='word_1_212' title='bbox 260 2486 291 2535; x_wconf 88' lang='lat' dir='ltr'><strong>et</strong></span> <span class='ocrx_word' id='word_1_213' title='bbox 317 2473 373 2536; x_wconf 71' lang='grc' dir='ltr'><strong>ἐπὶ</strong></span> <span class='ocrx_word' id='word_1_214' title='bbox 402 2473 460 2555; x_wconf 79' lang='grc' dir='ltr'><strong>τῆς</strong></span> <span class='ocrx_word' id='word_1_215' title='bbox 486 2467 614 2555; x_wconf 63' lang='lat' dir='ltr'><strong>molens</strong></span> <span class='ocrx_word' id='word_1_216' title='bbox 640 2473 808 2554; x_wconf 70' lang='grc' dir='ltr'><strong><em>τραπέζης.</em></strong></span> <span class='ocrx_word' id='word_1_217' title='bbox 850 2471 1005 2533; x_wconf 84' lang='lat' dir='ltr'><strong>Construit</strong></span> <span class='ocrx_word' id='word_1_218' title='bbox 1025 2484 1127 2536; x_wconf 86' lang='lat' dir='ltr'><strong>noster</strong></span> <span class='ocrx_word' id='word_1_219' title='bbox 1145 2471 1201 2536; x_wconf 70' lang='grc' dir='ltr'><strong>ἐπὶ</strong></span> 
     </span>
     <span class='ocr_line' id='line_1_27' title="bbox 116 2553 1199 2662; baseline 0.006 -48"><span class='ocrx_word' id='word_1_220' title='bbox 116 2553 175 2615; x_wconf 82' lang='lat' dir='ltr'><strong>boc</strong></span> <span class='ocrx_word' id='word_1_221' title='bbox 202 2577 289 2617; x_wconf 89' lang='lat' dir='ltr'><strong>seusu</strong></span> <span class='ocrx_word' id='word_1_222' title='bbox 315 2577 437 2662; x_wconf 55' lang='lat' dir='ltr'><strong>quoque</strong></span> <span class='ocrx_word' id='word_1_223' title='bbox 465 2579 535 2618; x_wconf 88' lang='lat' dir='ltr'><strong>cum</strong></span> <span class='ocrx_word' id='word_1_224' title='bbox 562 2556 686 2635; x_wconf 86' lang='lat' dir='ltr'><strong>dativo,</strong></span> <span class='ocrx_word' id='word_1_225' title='bbox 708 2566 744 2618; x_wconf 91' lang='lat' dir='ltr'><strong>ut</strong></span> <span class='ocrx_word' id='word_1_226' title='bbox 765 2577 798 2638; x_wconf 93' lang='lat' dir='ltr'><strong>p.</strong></span> <span class='ocrx_word' id='word_1_227' title='bbox 820 2553 892 2634; x_wconf 69' lang='lat'><strong>432.</strong></span> <span class='ocrx_word' id='word_1_228' title='bbox 914 2555 957 2617; x_wconf 80' lang='lat' dir='ltr'><strong>A.</strong></span> <span class='ocrx_word' id='word_1_229' title='bbox 979 2553 1009 2622; x_wconf 89' lang='grc'><strong>8.</strong></span> <span class='ocrx_word' id='word_1_230' title='bbox 1025 2555 1080 2617; x_wconf 75' lang='lat' dir='ltr'><strong>eet</strong></span> <span class='ocrx_word' id='word_1_231' title='bbox 1092 2557 1199 2620; x_wconf 77' lang='grc' dir='ltr'><strong><em>καλεῖν</em></strong></span> 
     </span>
     <span class='ocr_line' id='line_1_28' title="bbox 115 2637 1078 2718; baseline 0.003 -20"><span class='ocrx_word' id='word_1_232' title='bbox 115 2637 170 2699; x_wconf 80' lang='lat' dir='ltr'><strong>e&#39;nl</strong></span> <span class='ocrx_word' id='word_1_233' title='bbox 187 2645 253 2710; x_wconf 78' lang='grc' dir='ltr'><strong><em>ταῖς</em></strong></span> <span class='ocrx_word' id='word_1_234' title='bbox 273 2639 365 2702; x_wconf 71' lang='grc' dir='ltr'><em>δυσίν</em></span> <span class='ocrx_word' id='word_1_235' title='bbox 376 2641 564 2718; x_wconf 76' lang='grc' dir='ltr'><strong><em>ακοαβίτοις.</em></strong></span> <span class='ocrx_word' id='word_1_236' title='bbox 1075 2649 1078 2662; x_wconf 86' lang='grc'><em>“</em></span> 
     </span>
    </p>

    <p class='ocr_par' dir='ltr' id='par_1_8' title="bbox 54 2716 1199 3058">
     <span class='ocr_line' id='line_1_29' title="bbox 179 2716 1199 2808; baseline 0.002 -26"><span class='ocrx_word' id='word_1_237' title='bbox 179 2718 251 2800; x_wconf 76' lang='grc'><strong>453.</strong></span> <span class='ocrx_word' id='word_1_238' title='bbox 271 2723 312 2784; x_wconf 80' lang='lat' dir='ltr'><strong>A.</strong></span> <span class='ocrx_word' id='word_1_239' title='bbox 338 2721 564 2808; x_wconf 69' lang='lat'><strong>8.[747‚18.]</strong></span> <span class='ocrx_word' id='word_1_240' title='bbox 586 2721 622 2784; x_wconf 77' lang='grc' dir='ltr'><strong>ἐν</strong></span> <span class='ocrx_word' id='word_1_241' title='bbox 639 2722 680 2805; x_wconf 79' lang='grc' dir='ltr'><strong>τῇ</strong></span> <span class='ocrx_word' id='word_1_242' title='bbox 696 2716 771 2800; x_wconf 73' lang='grc' dir='ltr'><strong>περὶ</strong></span> <span class='ocrx_word' id='word_1_243' title='bbox 791 2717 885 2802; x_wconf 79' lang='grc' dir='ltr'><strong><em>ἡμᾶς.</em></strong></span> <span class='ocrx_word' id='word_1_244' title='bbox 927 2717 1075 2798; x_wconf 85' lang='lat' dir='ltr'><strong>Sensum,</strong></span> <span class='ocrx_word' id='word_1_245' title='bbox 1106 2741 1199 2802; x_wconf 60' lang='lat' dir='ltr'><strong>mem</strong></span> 
     </span>
     <span class='ocr_line' id='line_1_30' title="bbox 116 2801 1199 2886; baseline 0.002 -22"><span class='ocrx_word' id='word_1_246' title='bbox 116 2803 290 2886; x_wconf 77' lang='lat' dir='ltr'><strong>exsculpere</strong></span> <span class='ocrx_word' id='word_1_247' title='bbox 318 2805 404 2868; x_wconf 87' lang='lat' dir='ltr'><strong>bisc</strong></span> <span class='ocrx_word' id='word_1_248' title='bbox 429 2807 531 2868; x_wconf 87' lang='lat' dir='ltr'><strong>verbis</strong></span> <span class='ocrx_word' id='word_1_249' title='bbox 553 2807 651 2882; x_wconf 84' lang='lat' dir='ltr'><strong>valui,</strong></span> <span class='ocrx_word' id='word_1_250' title='bbox 679 2805 751 2867; x_wconf 89' lang='lat' dir='ltr'><strong>dedi</strong></span> <span class='ocrx_word' id='word_1_251' title='bbox 779 2804 811 2866; x_wconf 91' lang='lat' dir='ltr'><strong>in</strong></span> <span class='ocrx_word' id='word_1_252' title='bbox 844 2801 971 2866; x_wconf 84' lang='lat' dir='ltr'><strong>Latinis.</strong></span> <span class='ocrx_word' id='word_1_253' title='bbox 1015 2801 1132 2866; x_wconf 89' lang='lat' dir='ltr'><strong>Dubito</strong></span> <span class='ocrx_word' id='word_1_254' title='bbox 1151 2814 1199 2866; x_wconf 86' lang='lat' dir='ltr'><strong>ta·</strong></span> 
     </span>
     <span class='ocr_line' id='line_1_31' title="bbox 115 2885 978 2962; baseline 0.001 -15"><span class='ocrx_word' id='word_1_255' title='bbox 115 2907 198 2961; x_wconf 87' lang='lat' dir='ltr'><strong>men,</strong></span> <span class='ocrx_word' id='word_1_256' title='bbox 221 2901 340 2950; x_wconf 83' lang='lat' dir='ltr'><strong>rectene</strong></span> <span class='ocrx_word' id='word_1_257' title='bbox 360 2889 470 2952; x_wconf 83' lang='lat' dir='ltr'><strong>babeat</strong></span> <span class='ocrx_word' id='word_1_258' title='bbox 489 2890 540 2950; x_wconf 90' lang='lat' dir='ltr'><strong>bic</strong></span> <span class='ocrx_word' id='word_1_259' title='bbox 559 2889 662 2962; x_wconf 85' lang='lat' dir='ltr'><strong>locus,</strong></span> <span class='ocrx_word' id='word_1_260' title='bbox 684 2911 724 2950; x_wconf 87' lang='lat' dir='ltr'><strong>an</strong></span> <span class='ocrx_word' id='word_1_261' title='bbox 744 2890 853 2949; x_wconf 84' lang='lat' dir='ltr'><strong>vitium</strong></span> <span class='ocrx_word' id='word_1_262' title='bbox 872 2885 978 2948; x_wconf 81' lang='lat' dir='ltr'><strong>subsit.</strong></span> 
     </span>
     <span class='ocr_line' id='line_1_32' title="bbox 54 2963 1199 3058; baseline 0.003 -27"><span class='ocrx_word' id='word_1_263' title='bbox 54 3043 59 3051; x_wconf 33' lang='lat'>¹</span> <span class='ocrx_word' id='word_1_264' title='bbox 199 2970 241 3030; x_wconf 79' lang='lat' dir='ltr'><strong>A.</strong></span> <span class='ocrx_word' id='word_1_265' title='bbox 269 2994 316 3034; x_wconf 85' lang='lat'><strong>10.</strong></span> <span class='ocrx_word' id='word_1_266' title='bbox 340 2971 425 3058; x_wconf 73' lang='lat'><strong>[747‚</strong></span> <span class='ocrx_word' id='word_1_267' title='bbox 441 2971 503 3055; x_wconf 73' lang='lat' dir='ltr'><strong>su]</strong></span> <span class='ocrx_word' id='word_1_268' title='bbox 525 2963 593 3050; x_wconf 73' lang='grc' dir='ltr'><strong>ἅμα</strong></span> <span class='ocrx_word' id='word_1_269' title='bbox 612 2971 671 3034; x_wconf 78' lang='grc' dir='ltr'><strong>τοῦ</strong></span> <span class='ocrx_word' id='word_1_270' title='bbox 688 2971 811 3048; x_wconf 71' lang='grc' dir='ltr'><em>στίχου.</em></span> <span class='ocrx_word' id='word_1_271' title='bbox 851 2967 975 3032; x_wconf 88' lang='lat' dir='ltr'><strong>Stichus</strong></span> <span class='ocrx_word' id='word_1_272' title='bbox 996 2977 1042 3029; x_wconf 85' lang='lat' dir='ltr'><strong>est</strong></span> <span class='ocrx_word' id='word_1_273' title='bbox 1069 2967 1199 3034; x_wconf 80' lang='lat' dir='ltr'><strong>formida</strong></span> 
     </span>
    </p>

    <p class='ocr_par' dir='ltr' id='par_1_9' title="bbox 111 3047 1199 3387">
     <span class='ocr_line' id='line_1_33' title="bbox 115 3047 1198 3137; baseline 0.002 -23"><span class='ocrx_word' id='word_1_274' title='bbox 115 3073 238 3134; x_wconf 86' lang='lat' dir='ltr'><strong>precum</strong></span> <span class='ocrx_word' id='word_1_275' title='bbox 267 3055 398 3118; x_wconf 84' lang='lat' dir='ltr'><strong>solennis</strong></span> <span class='ocrx_word' id='word_1_276' title='bbox 424 3068 496 3117; x_wconf 87' lang='lat' dir='ltr'><strong>ante</strong></span> <span class='ocrx_word' id='word_1_277' title='bbox 517 3058 621 3137; x_wconf 83' lang='lat' dir='ltr'><strong>epulas</strong></span> <span class='ocrx_word' id='word_1_278' title='bbox 640 3066 671 3116; x_wconf 88' lang='lat' dir='ltr'><strong>et</strong></span> <span class='ocrx_word' id='word_1_279' title='bbox 689 3055 726 3116; x_wconf 86' lang='lat' dir='ltr'><strong>iis</strong></span> <span class='ocrx_word' id='word_1_280' title='bbox 749 3053 839 3115; x_wconf 84' lang='lat' dir='ltr'><strong>finitis</strong></span> <span class='ocrx_word' id='word_1_281' title='bbox 859 3075 877 3113; x_wconf 91' lang='lat' dir='ltr'><strong>a</strong></span> <span class='ocrx_word' id='word_1_282' title='bbox 896 3047 1101 3112; x_wconf 85' lang='lat' dir='ltr'><strong>sacerdotibus</strong></span> <span class='ocrx_word' id='word_1_283' title='bbox 1120 3055 1198 3116; x_wconf 83' lang='lat' dir='ltr'><strong>reci·</strong></span> 
     </span>
     <span class='ocr_line' id='line_1_34' title="bbox 116 3134 1198 3220; baseline 0.002 -24"><span class='ocrx_word' id='word_1_284' title='bbox 116 3139 174 3196; x_wconf 87' lang='lat' dir='ltr'><strong>tari</strong></span> <span class='ocrx_word' id='word_1_285' title='bbox 196 3137 295 3216; x_wconf 86' lang='lat' dir='ltr'><strong>solita,</strong></span> <span class='ocrx_word' id='word_1_286' title='bbox 315 3160 333 3200; x_wconf 89' lang='lat' dir='ltr'><strong>e</strong></span> <span class='ocrx_word' id='word_1_287' title='bbox 353 3139 442 3200; x_wconf 87' lang='lat' dir='ltr'><strong>dictis</strong></span> <span class='ocrx_word' id='word_1_288' title='bbox 461 3141 629 3220; x_wconf 85' lang='lat' dir='ltr'><strong>scriptume</strong></span> <span class='ocrx_word' id='word_1_289' title='bbox 647 3149 678 3200; x_wconf 91' lang='lat' dir='ltr'><strong>et</strong></span> <span class='ocrx_word' id='word_1_290' title='bbox 697 3138 764 3200; x_wconf 88' lang='lat' dir='ltr'><strong>aliis</strong></span> <span class='ocrx_word' id='word_1_291' title='bbox 785 3137 840 3220; x_wconf 87' lang='lat' dir='ltr'><strong>piis</strong></span> <span class='ocrx_word' id='word_1_292' title='bbox 859 3134 1105 3196; x_wconf 86' lang='lat' dir='ltr'><strong>meditationibus</strong></span> <span class='ocrx_word' id='word_1_293' title='bbox 1124 3157 1198 3198; x_wconf 90' lang='lat' dir='ltr'><strong>con·</strong></span> 
     </span>
     <span class='ocr_line' id='line_1_35' title="bbox 115 3217 1199 3304; baseline 0.002 -26"><span class='ocrx_word' id='word_1_294' title='bbox 115 3230 206 3282; x_wconf 81' lang='lat' dir='ltr'><strong>texta·</strong></span> <span class='ocrx_word' id='word_1_295' title='bbox 249 3221 379 3304; x_wconf 88' lang='lat' dir='ltr'><strong>Proprie</strong></span> <span class='ocrx_word' id='word_1_296' title='bbox 397 3219 504 3302; x_wconf 71' lang='grc' dir='ltr'><strong><em>στίχας</em></strong></span> <span class='ocrx_word' id='word_1_297' title='bbox 523 3223 598 3284; x_wconf 88' lang='lat' dir='ltr'><strong>solet</strong></span> <span class='ocrx_word' id='word_1_298' title='bbox 618 3221 762 3304; x_wconf 88' lang='lat' dir='ltr'><strong>appellari</strong></span> <span class='ocrx_word' id='word_1_299' title='bbox 783 3218 912 3282; x_wconf 79' lang='lat' dir='ltr'><strong>lbi-mula</strong></span> <span class='ocrx_word' id='word_1_300' title='bbox 941 3238 958 3278; x_wconf 91' lang='lat' dir='ltr'><strong>e</strong></span> <span class='ocrx_word' id='word_1_301' title='bbox 987 3217 1111 3300; x_wconf 84' lang='lat' dir='ltr'><strong>psalmis</strong></span> <span class='ocrx_word' id='word_1_302' title='bbox 1140 3218 1199 3280; x_wconf 75' lang='lat' dir='ltr'><strong>Da&#39;-</strong></span> 
     </span>
     <span class='ocr_line' id='line_1_36' title="bbox 111 3303 832 3387; baseline 0.004 -25"><span class='ocrx_word' id='word_1_303' title='bbox 111 3303 221 3376; x_wconf 63' lang='lat' dir='ltr'><strong>sidicis</strong></span> <span class='ocrx_word' id='word_1_304' title='bbox 241 3317 295 3366; x_wconf 86' lang='lat' dir='ltr'><strong>aut</strong></span> <span class='ocrx_word' id='word_1_305' title='bbox 314 3305 380 3367; x_wconf 90' lang='lat' dir='ltr'><strong>aliis</strong></span> <span class='ocrx_word' id='word_1_306' title='bbox 398 3307 572 3387; x_wconf 78' lang='lat' dir='ltr'><strong>Scriptus-ae</strong></span> <span class='ocrx_word' id='word_1_307' title='bbox 589 3307 663 3367; x_wconf 87' lang='lat' dir='ltr'><strong>locis</strong></span> <span class='ocrx_word' id='word_1_308' title='bbox 683 3326 768 3366; x_wconf 82' lang='lat' dir='ltr'><strong>excer</strong></span> <span class='ocrx_word' id='word_1_309' title='bbox 790 3315 832 3366; x_wconf 88' lang='lat' dir='ltr'><strong>tn.</strong></span> 
     </span>
    </p>

    <p class='ocr_par' dir='ltr' id='par_1_10' title="bbox 113 3381 1200 3865">
     <span class='ocr_line' id='line_1_37' title="bbox 196 3381 1200 3472; baseline -0.001 -26"><span class='ocrx_word' id='word_1_310' title='bbox 196 3389 232 3448; x_wconf 90' lang='lat' dir='ltr'><strong>B.</strong></span> <span class='ocrx_word' id='word_1_311' title='bbox 255 3408 284 3450; x_wconf 78' lang='lat' dir='ltr'><strong>a.</strong></span> <span class='ocrx_word' id='word_1_312' title='bbox 303 3387 391 3472; x_wconf 68' lang='lat' dir='ltr'><strong>[de</strong></span> <span class='ocrx_word' id='word_1_313' title='bbox 409 3387 454 3470; x_wconf 82' lang='lat'><strong>2.]</strong></span> <span class='ocrx_word' id='word_1_314' title='bbox 475 3383 694 3472; x_wconf 74' lang='grc' dir='ltr'><strong>ἀπολελυμένῳ</strong></span> <span class='ocrx_word' id='word_1_315' title='bbox 714 3405 865 3466; x_wconf 66' lang='lat' dir='ltr'><strong>omnen.</strong></span> <span class='ocrx_word' id='word_1_316' title='bbox 906 3383 939 3444; x_wconf 89' lang='lat' dir='ltr'><strong>si</strong></span> <span class='ocrx_word' id='word_1_317' title='bbox 965 3382 1005 3444; x_wconf 88' lang='lat' dir='ltr'><strong>de</strong></span> <span class='ocrx_word' id='word_1_318' title='bbox 1030 3381 1103 3444; x_wconf 84' lang='lat' dir='ltr'><strong>viris</strong></span> <span class='ocrx_word' id='word_1_319' title='bbox 1133 3385 1200 3446; x_wconf 87' lang='lat' dir='ltr'><strong>ciu-</strong></span> 
     </span>
     <span class='ocr_line' id='line_1_38' title="bbox 115 3464 1198 3552; baseline 0.001 -25"><span class='ocrx_word' id='word_1_320' title='bbox 115 3470 188 3550; x_wconf 75' lang='lat' dir='ltr'><strong>gulo</strong></span> <span class='ocrx_word' id='word_1_321' title='bbox 202 3471 326 3532; x_wconf 88' lang='lat' dir='ltr'><strong>militiae</strong></span> <span class='ocrx_word' id='word_1_322' title='bbox 338 3473 494 3533; x_wconf 77' lang='lat' dir='ltr'><strong>honoratis</strong></span> <span class='ocrx_word' id='word_1_323' title='bbox 510 3493 610 3533; x_wconf 88' lang='lat' dir='ltr'><strong>sermo</strong></span> <span class='ocrx_word' id='word_1_324' title='bbox 629 3483 725 3545; x_wconf 84' lang='lat' dir='ltr'><strong>esset,</strong></span> <span class='ocrx_word' id='word_1_325' title='bbox 746 3475 912 3552; x_wconf 83' lang='lat' dir='ltr'><strong>acciperem</strong></span> <span class='ocrx_word' id='word_1_326' title='bbox 933 3465 1013 3528; x_wconf 87' lang='lat' dir='ltr'><strong>banc</strong></span> <span class='ocrx_word' id='word_1_327' title='bbox 1034 3464 1198 3528; x_wconf 87' lang='lat' dir='ltr'><strong>dictionem</strong></span> 
     </span>
     <span class='ocr_line' id='line_1_39' title="bbox 113 3548 1197 3634; baseline 0.001 -24"><span class='ocrx_word' id='word_1_328' title='bbox 113 3549 327 3634; x_wconf 62' lang='lat' dir='ltr'><strong>pueriledecus,</strong></span> <span class='ocrx_word' id='word_1_329' title='bbox 348 3556 508 3615; x_wconf 65' lang='lat' dir='ltr'><strong>discituris.</strong></span> <span class='ocrx_word' id='word_1_330' title='bbox 551 3555 611 3615; x_wconf 87' lang='lat' dir='ltr'><strong>Sed</strong></span> <span class='ocrx_word' id='word_1_331' title='bbox 631 3557 663 3614; x_wconf 89' lang='lat' dir='ltr'><strong>iu</strong></span> <span class='ocrx_word' id='word_1_332' title='bbox 678 3551 882 3614; x_wconf 84' lang='lat' dir='ltr'><strong>sacerdotibus</strong></span> <span class='ocrx_word' id='word_1_333' title='bbox 902 3548 980 3611; x_wconf 89' lang='lat' dir='ltr'><strong>nihil</strong></span> <span class='ocrx_word' id='word_1_334' title='bbox 1000 3548 1122 3630; x_wconf 82' lang='lat' dir='ltr'><strong>cingulo</strong></span> <span class='ocrx_word' id='word_1_335' title='bbox 1142 3551 1197 3612; x_wconf 90' lang='lat' dir='ltr'><strong>ad-</strong></span> 
     </span>
     <span class='ocr_line' id='line_1_40' title="bbox 113 3628 1197 3720; baseline -0.001 -26"><span class='ocrx_word' id='word_1_336' title='bbox 113 3638 264 3696; x_wconf 81' lang='lat' dir='ltr'><strong>strictum.</strong></span> <span class='ocrx_word' id='word_1_337' title='bbox 305 3638 384 3698; x_wconf 82' lang='lat' dir='ltr'><strong>Hinc</strong></span> <span class='ocrx_word' id='word_1_338' title='bbox 405 3650 529 3720; x_wconf 84' lang='lat' dir='ltr'><strong>putem,</strong></span> <span class='ocrx_word' id='word_1_339' title='bbox 551 3637 631 3698; x_wconf 87' lang='lat' dir='ltr'><strong>bane</strong></span> <span class='ocrx_word' id='word_1_340' title='bbox 652 3637 812 3696; x_wconf 86' lang='lat' dir='ltr'><strong>dictionem</strong></span> <span class='ocrx_word' id='word_1_341' title='bbox 841 3643 964 3706; x_wconf 84' lang='lat' dir='ltr'><strong>notare,</strong></span> <span class='ocrx_word' id='word_1_342' title='bbox 996 3628 1091 3692; x_wconf 87' lang='lat' dir='ltr'><strong>libere</strong></span> <span class='ocrx_word' id='word_1_343' title='bbox 1117 3633 1197 3694; x_wconf 85' lang='lat' dir='ltr'><strong>laxe-</strong></span> 
     </span>
     <span class='ocr_line' id='line_1_41' title="bbox 113 3715 1198 3804; baseline 0 -26"><span class='ocrx_word' id='word_1_344' title='bbox 113 3739 173 3797; x_wconf 88' lang='lat' dir='ltr'><strong>que</strong></span> <span class='ocrx_word' id='word_1_345' title='bbox 186 3718 422 3800; x_wconf 85' lang='lat' dir='ltr'><strong>dependentibus</strong></span> <span class='ocrx_word' id='word_1_346' title='bbox 443 3719 611 3804; x_wconf 87' lang='lat' dir='ltr'><strong>pheloniis‚</strong></span> <span class='ocrx_word' id='word_1_347' title='bbox 634 3741 694 3780; x_wconf 91' lang='lat' dir='ltr'><strong>uon</strong></span> <span class='ocrx_word' id='word_1_348' title='bbox 716 3719 795 3778; x_wconf 82' lang='lat' dir='ltr'><strong>ultra</strong></span> <span class='ocrx_word' id='word_1_349' title='bbox 817 3717 954 3778; x_wconf 90' lang='lat' dir='ltr'><strong>cubitum</strong></span> <span class='ocrx_word' id='word_1_350' title='bbox 976 3717 1117 3797; x_wconf 82' lang='lat' dir='ltr'><strong>regestis,</strong></span> <span class='ocrx_word' id='word_1_351' title='bbox 1145 3715 1198 3778; x_wconf 87' lang='lat' dir='ltr'><strong>sed</strong></span> 
     </span>
     <span class='ocr_line' id='line_1_42' title="bbox 113 3799 960 3865; baseline 0 -5"><span class='ocrx_word' id='word_1_352' title='bbox 113 3801 262 3864; x_wconf 87' lang='lat' dir='ltr'><strong>ambobus</strong></span> <span class='ocrx_word' id='word_1_353' title='bbox 282 3803 414 3864; x_wconf 81' lang='lat' dir='ltr'><strong>brachiis</strong></span> <span class='ocrx_word' id='word_1_354' title='bbox 433 3807 512 3865; x_wconf 81' lang='lat' dir='ltr'><strong>intra</strong></span> <span class='ocrx_word' id='word_1_355' title='bbox 534 3825 653 3864; x_wconf 84' lang='lat' dir='ltr'><strong>saccum</strong></span> <span class='ocrx_word' id='word_1_356' title='bbox 675 3799 768 3862; x_wconf 87' lang='lat' dir='ltr'><strong>veluti</strong></span> <span class='ocrx_word' id='word_1_357' title='bbox 788 3800 960 3862; x_wconf 83' lang='lat' dir='ltr'><strong>latentibus.</strong></span> 
     </span>
    </p>

    <p class='ocr_par' dir='ltr' id='par_1_11' title="bbox 110 3877 1199 4300">
     <span class='ocr_line' id='line_1_43' title="bbox 195 3877 1195 3972; baseline -0.004 -28"><span class='ocrx_word' id='word_1_358' title='bbox 195 3887 231 3947; x_wconf 88' lang='lat' dir='ltr'><strong>B.</strong></span> <span class='ocrx_word' id='word_1_359' title='bbox 247 3908 277 3970; x_wconf 85' lang='lat'><strong>9,</strong></span> <span class='ocrx_word' id='word_1_360' title='bbox 300 3887 385 3972; x_wconf 67' lang='lat'><strong>[748‚</strong></span> <span class='ocrx_word' id='word_1_361' title='bbox 398 3886 442 3970; x_wconf 85' lang='lat'><strong>7·]</strong></span> <span class='ocrx_word' id='word_1_362' title='bbox 463 3881 539 3957; x_wconf 76' lang='grc' dir='ltr'><strong>τούς</strong></span> <span class='ocrx_word' id='word_1_363' title='bbox 556 3879 597 3951; x_wconf 73' lang='grc' dir='ltr'><strong>τὰ</strong></span> <span class='ocrx_word' id='word_1_364' title='bbox 616 3881 792 3965; x_wconf 70' lang='grc' dir='ltr'><strong><em>σφραγίδια</em></strong></span> <span class='ocrx_word' id='word_1_365' title='bbox 816 3885 891 3964; x_wconf 80' lang='grc' dir='ltr'><strong><em>παρ’</em></strong></span> <span class='ocrx_word' id='word_1_366' title='bbox 910 3877 1000 3961; x_wconf 75' lang='grc' dir='ltr'><em>ἡμῶν</em></span> <span class='ocrx_word' id='word_1_367' title='bbox 1014 3877 1195 3961; x_wconf 82' lang='grc' dir='ltr'><strong><em>εἰληφότας.</em></strong></span> 
     </span>
     <span class='ocr_line' id='line_1_44' title="bbox 112 3962 1198 4032; baseline -0.004 -6"><span class='ocrx_word' id='word_1_368' title='bbox 112 3966 256 4030; x_wconf 84' lang='lat' dir='ltr'><strong>Solebant</strong></span> <span class='ocrx_word' id='word_1_369' title='bbox 283 3972 369 4032; x_wconf 83' lang='lat' dir='ltr'><strong>statis</strong></span> <span class='ocrx_word' id='word_1_370' title='bbox 391 3969 497 4030; x_wconf 85' lang='lat' dir='ltr'><strong>diebus</strong></span> <span class='ocrx_word' id='word_1_371' title='bbox 523 3969 563 4029; x_wconf 90' lang='lat' dir='ltr'><strong>ad</strong></span> <span class='ocrx_word' id='word_1_372' title='bbox 592 3989 707 4028; x_wconf 81' lang='lat' dir='ltr'><strong>sacram</strong></span> <span class='ocrx_word' id='word_1_373' title='bbox 728 3987 863 4027; x_wconf 86' lang='lat' dir='ltr'><strong>mensam</strong></span> <span class='ocrx_word' id='word_1_374' title='bbox 893 3962 1014 4025; x_wconf 87' lang='lat' dir='ltr'><strong>invitari</strong></span> <span class='ocrx_word' id='word_1_375' title='bbox 1035 3963 1133 4022; x_wconf 89' lang='lat' dir='ltr'><strong>clerus</strong></span> <span class='ocrx_word' id='word_1_376' title='bbox 1162 3983 1198 4022; x_wconf 88' lang='lat' dir='ltr'><strong>o-</strong></span> 
     </span>
     <span class='ocr_line' id='line_1_45' title="bbox 112 4049 1199 4133; baseline -0.004 -25"><span class='ocrx_word' id='word_1_377' title='bbox 112 4055 201 4119; x_wconf 79' lang='lat' dir='ltr'><strong>mnis,</strong></span> <span class='ocrx_word' id='word_1_378' title='bbox 224 4053 376 4130; x_wconf 85' lang='lat' dir='ltr'><strong>monachi,</strong></span> <span class='ocrx_word' id='word_1_379' title='bbox 396 4063 427 4113; x_wconf 89' lang='lat' dir='ltr'><strong>ct</strong></span> <span class='ocrx_word' id='word_1_380' title='bbox 446 4053 482 4112; x_wconf 77' lang='lat' dir='ltr'><strong>iis</strong></span> <span class='ocrx_word' id='word_1_381' title='bbox 502 4051 612 4113; x_wconf 85' lang='lat' dir='ltr'><strong>similes</strong></span> <span class='ocrx_word' id='word_1_382' title='bbox 624 4052 754 4133; x_wconf 86' lang='lat' dir='ltr'><strong>reputati</strong></span> <span class='ocrx_word' id='word_1_383' title='bbox 775 4069 931 4132; x_wconf 87' lang='lat' dir='ltr'><strong>pauperes,</strong></span> <span class='ocrx_word' id='word_1_384' title='bbox 952 4049 1048 4127; x_wconf 88' lang='lat' dir='ltr'><strong>iisque</strong></span> <span class='ocrx_word' id='word_1_385' title='bbox 1070 4055 1199 4105; x_wconf 87' lang='lat' dir='ltr'><strong>tesserae</strong></span> 
     </span>
     <span class='ocr_line' id='line_1_46' title="bbox 112 4133 1197 4218; baseline -0.004 -28"><span class='ocrx_word' id='word_1_386' title='bbox 112 4133 274 4215; x_wconf 74' lang='lat' dir='ltr'><strong>(barrium,</strong></span> <span class='ocrx_word' id='word_1_387' title='bbox 296 4137 408 4218; x_wconf 87' lang='lat' dir='ltr'><strong>quibus</strong></span> <span class='ocrx_word' id='word_1_388' title='bbox 428 4135 567 4195; x_wconf 79' lang='lat' dir='ltr'><strong>exhibitis</strong></span> <span class='ocrx_word' id='word_1_389' title='bbox 588 4156 644 4215; x_wconf 85' lang='lat' dir='ltr'><strong>pro</strong></span> <span class='ocrx_word' id='word_1_390' title='bbox 664 4133 800 4194; x_wconf 88' lang='lat' dir='ltr'><strong>convivis</strong></span> <span class='ocrx_word' id='word_1_391' title='bbox 827 4151 928 4192; x_wconf 88' lang='lat' dir='ltr'><strong>sacrae</strong></span> <span class='ocrx_word' id='word_1_392' title='bbox 955 4149 1075 4190; x_wconf 84' lang='lat' dir='ltr'><strong>mensae</strong></span> <span class='ocrx_word' id='word_1_393' title='bbox 1104 4147 1197 4209; x_wconf 78' lang='lat' dir='ltr'><strong>agno·</strong></span> 
     </span>
     <span class='ocr_line' id='line_1_47' title="bbox 110 4209 1198 4300; baseline -0.005 -23"><span class='ocrx_word' id='word_1_394' title='bbox 110 4232 266 4281; x_wconf 74' lang='lat' dir='ltr'><strong>sacrentur</strong></span> <span class='ocrx_word' id='word_1_395' title='bbox 288 4233 319 4283; x_wconf 88' lang='lat' dir='ltr'><strong>et</strong></span> <span class='ocrx_word' id='word_1_396' title='bbox 339 4219 577 4287; x_wconf 81' lang='lat' dir='ltr'><strong>admitterentur.</strong></span> <span class='ocrx_word' id='word_1_397' title='bbox 621 4218 709 4279; x_wconf 77' lang='lat' dir='ltr'><strong>Cous.</strong></span> <span class='ocrx_word' id='word_1_398' title='bbox 730 4239 761 4300; x_wconf 93' lang='lat' dir='ltr'><strong>p.</strong></span> <span class='ocrx_word' id='word_1_399' title='bbox 773 4215 844 4295; x_wconf 78' lang='grc'><strong>455.</strong></span> <span class='ocrx_word' id='word_1_400' title='bbox 866 4215 904 4282; x_wconf 83' lang='lat' dir='ltr'><strong>A.</strong></span> <span class='ocrx_word' id='word_1_401' title='bbox 929 4211 973 4293; x_wconf 67' lang='grc'><strong>4.,</strong></span> <span class='ocrx_word' id='word_1_402' title='bbox 997 4210 1068 4290; x_wconf 74' lang='grc'><strong>450.</strong></span> <span class='ocrx_word' id='word_1_403' title='bbox 1089 4211 1124 4269; x_wconf 83' lang='grc' dir='ltr'><strong>Β.</strong></span> <span class='ocrx_word' id='word_1_404' title='bbox 1151 4209 1198 4290; x_wconf 85' lang='grc'><strong>5.,</strong></span> 
     </span>
    </p>
   </div>
   <div class='ocr_carea' id='block_1_5' title="bbox 0 0 1492 4892">
    <p class='ocr_par' dir='ltr' id='par_1_12' title="bbox 0 0 1492 4892">
     <span class='ocr_line' id='line_1_48' title="bbox 0 0 1492 4892; baseline 0 1"><span class='ocrx_word' id='word_1_405' title='bbox 0 0 1492 4892; x_wconf 95' lang='lat' dir='ltr'><strong> </strong></span> 
     </span>
    </p>
   </div>
  </div>
 </body>
</html>
