2975 4892
303 297 330 354 J
343 297 391 353 ta
522 294 580 362 to.
611 293 691 362 th.
720 295 868 362 austu
900 289 1186 375 COhlld'Fll'l'thl

389 447 642 536 C.t.[16,15.]
660 451 904 516 αἀσσκέααστσι.
933 452 1035 516 trudo
1059 456 1174 538 capite,
1201 450 1321 518 detecto
1344 445 1399 518 vel

307 531 442 598 debacto
460 545 627 596 stemmate.
936 562 942 576 ¹

389 615 640 702 u.6.[16‚18.]
662 607 817 696 ἄμβωνας.
856 617 974 693 Ambo,
1004 629 1041 680 ut
1058 630 1188 700 notum,
1209 631 1256 682 est
1284 642 1399 702 sugga-

305 709 386 776 stus,
421 723 517 783 equo
539 703 571 764 in
587 701 710 764 ecclesia
731 712 831 762 textus
852 701 1022 784 evangelii,
1043 703 1240 784 epistolares,
1260 701 1395 785 psalmi,

169 791 218 848 Ed
225 791 409 856 bassanus
429 787 579 846 orationes
598 786 775 846 recitantur.
817 784 904 869 *[De
926 786 1055 846 ambone
1077 786 1240 865 ecclesiae,
1261 805 1399 868 evange-

305 865 341 930 lii
367 879 398 930 et
420 867 563 950 epistolae
584 889 617 929 v.
647 869 756 928 Giorn.
775 866 823 928 dei
851 870 966 930 letter.
992 869 1107 928 XXlll.
1132 867 1206 945 346.
1234 879 1267 929 et
1285 867 1397 950 3474*

305 945 452 1034 Figuram
472 951 609 1012 ambonis
630 949 751 1012 exhibet
775 962 894 1032 praeter
917 953 970 1012 Du
987 951 1135 1034 cangium
1161 953 1193 1012 in
1209 951 1283 1014 CPli
1302 951 1398 1013 Chri·

306 1037 404 1096 atiena
426 1034 631 1116 Menologium
656 1032 838 1094 Basilianum
861 1036 900 1094 Τ.
925 1036 952 1096 l.
974 1056 1006 1117 p.
1018 1036 1072 1117 37.
1089 1046 1121 1095 et
1143 1032 1212 1096 135.
1255 1035 1324 1096 Vox
1347 1045 1398 1096 est

306 1115 385 1180 bene
413 1117 539 1178 Graeca.
578 1111 714 1196 Ἀμβών
734 1128 922 1180 conuectum
943 1140 979 1180 ex
1004 1111 1160 1196 α’μβασδν,
1192 1117 1233 1180 ab
1257 1108 1399 1198 ἀναβαί-

306 1219 381 1278 νειν,
406 1197 503 1276 locus,
521 1201 552 1260 in
569 1221 660 1282 quem
679 1201 860 1272 ascenditur.
1025 1219 1035 1236 ·
1109 1217 1115 1230 ·

276 1285 279 1296 '
389 1281 649 1366 c.6.[16‚18.]
689 1279 790 1344 ἐκεῖσε
817 1277 886 1364 ycip
919 1277 957 1347 sci
994 1271 1071 1364 ἅγια
1102 1273 1202 1380 oneris
1236 1277 1397 1344 ἵστανται.

305 1363 353 1427 Ut
378 1363 438 1428 hoc
459 1363 660 1448 intelligatur,
689 1367 886 1448 apponendus
904 1365 990 1428 loeus
1012 1388 1047 1428 ex
1071 1365 1200 1428 Habertt
1218 1363 1396 1461 Ppntificali

306 1469 338 1531 p.
360 1449 449 1511 roh:
475 1447 730 1528 „Advertendum
748 1460 813 1528 est,
840 1451 903 1523 ait,
925 1460 993 1532 post
1012 1452 1178 1531 ingressam
1193 1447 1342 1531 evangelii
1362 1458 1396 1509 et

305 1531 400 1614 ipsius
429 1535 637 1594 recitationem
663 1530 810 1594 celebrari
830 1533 976 1594 maiorem
1004 1531 1187 1615 ingressam,
1215 1525 1274 1610 τήν
1292 1523 1396 1609 μενά·

305 1615 363 1695 tp
391 1607 530 1693 εἴσοδον,
567 1617 600 1677 in
616 1635 676 1699 qua
705 1615 882 1678 Sacerdotes
900 1627 1034 1678 assume
1053 1637 1090 1676 ex
1106 1636 1160 1677 ara
1179 1616 1293 1685 minori
1308 1615 1394 1676 Pro-

305 1696 424 1766 theseos
451 1697 544 1760 dicta·
570 1709 673 1760 sancta
711 1697 816 1778 dona,
839 1721 948 1782 putem
965 1698 1080 1760 scilicet
1096 1708 1128 1760 et
1145 1701 1273 1776 vinum,
1295 1697 1393 1758 bene-

304 1779 388 1842 dicta
416 1781 540 1864 quidem
576 1781 781 1862 orationibus,
799 1783 853 1844 sed
871 1783 1008 1844 nondum
1031 1781 1132 1844 verbis
1150 1780 1262 1842 Christi
1286 1802 1394 1842 conse-

304 1876 413 1944 crata,
452 1865 492 1926 ad
523 1859 617 1928 altare
646 1867 764 1942 maius,
793 1887 848 1928 seu
875 1876 1011 1928 sanctam
1035 1886 1170 1926 mensam
1191 1861 1392 1943 translaturi,

305 1947 458 2032 prodeunt
491 1959 575 2009 extra
596 1949 802 2010 sanctuarium
825 1970 880 2032 per
901 1949 1026 2010 ianuam
1042 1945 1199 2009 lateralem
1222 1949 1255 2009 in
1281 1968 1392 2008 secun-

305 2031 378 2092 dam
411 2029 551 2094 ecclesiae
580 2042 725 2114 partem,
739 2033 793 2114 qui
813 2035 951 2096 virorum
974 2030 1058 2093 locus
1073 2042 1138 2109 est,
1163 2031 1255 2112 idque
1273 2029 1392 2092 solenni

305 2113 438 2196 quadam
471 2133 583 2196 pompa
607 2125 711 2176 sanem
741 2135 868 2178 munera
890 2115 980 2198 capiti
1004 2116 1143 2197 imposita
1162 2123 1319 2190 tenentes,
1345 2135 1393 2174 ce·

305 2195 365 2258 reis
401 2218 437 2257 ac
472 2196 636 2260 thuribulis
667 2198 936 2279 praecedentibus,
975 2198 1104 2259 diacono
1133 2195 1208 2257 thus
1229 2194 1388 2271 adolente,

304 2277 422 2362 hymno
449 2281 572 2340 interim
599 2281 770 2342 Cherubieo
799 2291 991 2364 personante.
1033 2277 1172 2364 Populus
1195 2279 1235 2339 ad
1259 2277 1333 2341 haec
1356 2281 1390 2343 in

304 2357 437 2424 ecelesiis
459 2365 603 2425 Graeciae
623 2363 777 2446 profunda
802 2364 998 2433 inclinatione
1012 2384 1075 2424 sese
1091 2359 1253 2424 demittit.”

392 2467 439 2508 ro.
454 2447 495 2506 D.
510 2450 541 2525 h.
561 2445 629 2530 [17‚
646 2445 693 2529 3.]
717 2441 858 2526 στήθεσι.
899 2447 1007 2509 Graeci
1021 2449 1094 2507 novi
1111 2441 1266 2528 appellant
1287 2443 1393 2528 στήθη

239 2553 246 2570 ⁸
302 2527 349 2610 id,
373 2530 457 2612 quod
474 2530 634 2592 Vitruvius
659 2531 774 2616 pluens
794 2531 890 2610 dixit,
923 2530 1014 2592 hodie
1037 2529 1167 2626 dicimus
1184 2529 1341 2625 δαδισατα,
1368 2551 1389 2591 a

297 2608 606 2760 altstete
627 2603 1390 2775 ...lert

302 2799 361 2852 ve,
387 2801 465 2860 quae
489 2781 579 2842 sudes
601 2783 780 2858 imitentur,
807 2785 1006 2863 compositas,
1040 2790 1072 2840 et
1093 2777 1229 2862 epistello
1250 2800 1384 2860 superne

301 2861 434 2940 iunctas,
458 2863 523 2923 eius
538 2862 716 2936 altitudinis,
737 2874 773 2924 ut
782 2865 822 2924 ad
836 2864 968 2924 hominis
979 2866 1070 2934 erecti
1082 2874 1188 2944 pectus
1200 2864 1388 2944 pertingant.

303 2944 499 3025 Quapropter
515 2939 617 3024 στήθη
635 2956 665 3006 et
681 2935 825 3023 θώρακες
840 2946 984 3008 videntur
997 2945 1088 3008 firtsse
1101 2943 1279 3028 appellatae.
1321 2944 1393 3007 Ele-

302 3037 410 3108 gauter
435 3027 578 3088 describit
601 3027 802 3109 Theophanes
828 3028 990 3090 Cerameus
1015 3029 1048 3090 in
1071 3028 1186 3090 Homil.
1206 3029 1260 3092 55.
1285 3031 1391 3109 (apud

301 3109 353 3170 Du
375 3111 526 3256 (mugga.
540 3103 724 3190 Ka'yttslool:
739 3104 775 3172 τὸ
794 3109 851 3191 τῆς
864 3107 1006 3194 ἄρ’ῥήτσυ
1022 3131 1056 3173 τε
1116 3111 1132 3126 ”
1163 3105 1285 3192 χωρίον
1301 3133 1393 3192 μαρ-

300 3185 1109 3360 senseresensere.
1129 3195 1256 3343 ruz
1268 3275 1391 3358 α

300 3352 362 3440 τήν
379 3349 468 3438 ὄψιν.
507 3355 640 3438 κώλυμα
657 3357 692 3422 δὲ
710 3362 802 3423 ταῦτα
820 3361 902 3440 τῶν,
928 3355 963 3422 εἴ
978 3380 1028 3432 τις
1044 3291 1203 3441 πραπετής
1223 3357 1281 3418 καί
1297 3339 1391 3419 δαῖτ’-

300 3459 357 3582 poc
369 3436 446 3504 εἴσω
465 3440 529 3504 τῶν
546 3438 672 3506 ἀδύτων
691 3439 865 3526 ὑπερβῆναι
882 3447 1062 3524 φιλονεικεῖ,
1100 3440 1208 3529 schol.
1224 3441 1389 3523 Aristoph.

321 3514 499 3604 pripeerot,
526 3517 671 3606 θώρακες
693 3526 831 3604 tebni,
855 3519 1167 3620 rdxdtoppsiypoto,
1195 3513 1277 3606 ήτᾶ
1294 3544 1392 3605 περιχ-

300 3604 501 3684 τειχισματα.
543 3609 696 3671 Dicuntur
713 3632 835 3694 quoque
850 3604 1003 3672 διάσταλα
1023 3611 1034 3689 l
1040 3631 1071 3670 v.
1092 3609 1255 3690 DnCange
1268 3607 1303 3668 h.
1323 3610 1392 3688 v.),

243 3719 248 3731 ·
290 3691 373 3768 ‚quia
402 3685 623 3752 διαστέλλαυσι
649 3714 742 3755 naum
765 3717 785 3755 a
808 3693 943 3755 tribuna.
986 3692 1139 3754 Eusebius
1160 3693 1241 3753 Hist.
1266 3689 1390 3754 Eccles.

298 3771 339 3832 X.
359 3771 392 3848 4.
406 3771 539 3852 appellat
559 3767 601 3834 sd
615 3769 678 3836 cinti
703 3771 798 3851 ξύλου
817 3774 941 3838 δίκτυα.
978 3777 1081 3839 Latini
1097 3776 1189 3836 medii
1210 3775 1277 3835 aevi
1292 3778 1393 3857 pegia

298 3874 356 3936 pro
374 3855 470 3938 podr'a
494 3857 679 3940 (uhumtpre
693 3860 800 3920 eodem
817 3861 909 3921 modo
925 3859 1183 3941 pronuntiabant)
1204 3869 1235 3922 et
1246 3871 1391 3941 ρσαοαα-

298 3937 367 4014 tar,
392 3939 465 4000 item
495 3939 603 4000 loricas
626 3942 838 4022 appellabant,
864 3955 895 4004 et
919 3944 1034 4020 soleas,
1059 3940 1111 4003 vel
1130 3944 1271 4002 solearia.
1316 3942 1389 4000 Ma-

298 4017 406 4082 billon.
431 4021 549 4082 lntmd.
571 4021 610 4082 ad
627 4025 786 4088 Ceremon.
801 4029 905 4088 Rom:
950 4028 1013 4111 Qui
1021 4026 1238 4109 presbyterum
1257 4046 1279 4084 σ
1295 4024 1389 4084 dioro

297 4118 451 4168 maronem
469 4105 650 4167 deterrebant
666 4111 793 4170 cancelli
815 4114 939 4192 pagatim
967 4123 998 4170 es
1020 4109 1185 4192 peuomlia
1198 4107 1389 4168 dioetanmr.

298 4189 341 4252 V.
349 4186 401 4252 Dtt
416 4187 558 4270 Ganges.
568 4190 734 4256 Pectorale.
746 4190 961 4278 *[Θωράαεισν
970 4193 1079 4254 Latine
1088 4193 1233 4272 moereb,
1247 4182 1391 4272 αθσᾶραξ
