2975 4892
102 355 155 424 au
176 355 399 426 corsuum.
415 357 564 424 rouro.
592 353 647 422 nr
666 355 805 424 cunm
834 361 909 426 uu.
931 350 972 424 n.
1036 332 1124 446 659

53 509 178 574 sordibus
203 515 393 574 inservirent.
440 511 522 572 Haec
552 511 694 594 deinceps
716 525 892 591 manserunt
911 513 1051 596 quidem,
1073 515 1127 579 sed

53 596 228 657 solummodo
237 607 271 656 ut
282 595 493 656 ornamentum
505 639 514 672 ,
524 617 596 656 usus
607 606 706 655 autem
724 617 830 657 eorum
843 603 962 659 transiit
976 601 1014 658 ad
1028 603 1125 661 mani-

53 678 139 761 pulos,
155 701 227 761 quos
243 677 382 739 manibus
393 678 545 760 gerebant.
573 677 652 738 Hinc
667 677 815 762 intelligas
826 679 927 742 locum
936 682 1127 764 Tbeopbyla⁴

54 763 88 822 eti
100 763 134 822 ad
144 759 461 844 AetaApostolorum:
480 755 518 822 roi
533 759 592 838 μὲν
607 757 708 822 orodoi
732 780 767 822 tn
778 760 833 824 ἐπὶ
843 763 982 844 κεφαλῆς
996 765 1127 841 ἐπιβάλ-

53 848 141 923 leret,
156 847 299 926 (socialia
307 846 447 925 deinceps
457 843 646 918 dicebantur,
664 839 684 904 b
728 846 756 904 ie
769 846 1039 923 uelbnniaudiunt3
1060 849 1126 910 vid.

55 927 87 986 ad
97 949 124 1008 p.
133 925 200 988 288.
213 929 248 988 Β.
260 927 342 1006 ult.;)
358 923 398 988 τὰ
410 925 446 988 di
460 924 637 1003 σνμικίνθιο
647 923 682 986 ἐν
700 929 772 998 ταῖς
780 928 876 1007 χερσί
893 927 1088 1007 κατέχουσιν,
1096 927 1130 994 οἱ

54 1003 91 1087 μή
105 1007 267 1087 δυνάμενοι
296 1009 417 1092 (quibus
437 1021 499 1069 uon
520 1007 600 1087 licet)
613 1001 738 1088 olpcipro
749 1009 901 1092 φορέσαι,
916 1012 947 1070 id
960 1023 1005 1072 est
1016 1012 1099 1074 loros
1113 1059 1124 1088 ‚

55 1093 169 1174 pretiosa
181 1092 318 1170 collaria,
332 1081 482 1154 οἷοιέἰσιν
494 1086 524 1152 οἱ
538 1091 712 1173 φοροῦντες
721 1085 876 1164 ὖπατικοὶς
886 1090 1011 1168 στολὰς,
1046 1098 1128 1157 rooles

57 1169 219 1252 (δυνάμενοι
243 1171 366 1256 ω’ρὰρια
389 1179 512 1258 φορεῖν,
523 1175 674 1254 Jircnltore
697 1177 801 1236 oraria
814 1176 940 1256 gerendi
959 1199 999 1258 go
1040 1182 1128 1260 enter)

55 1271 111 1318 nuit
134 1260 181 1318 illi
192 1304 200 1330 ,
228 1262 283 1342 qui
299 1259 388 1320 stolus
404 1303 414 1336 ‚
431 1257 553 1318 arnr'ctus
574 1257 739 1316 consulares
766 1271 796 1317 et
812 1259 893 1318 rubria
925 1274 1042 1340 gemant.

125 1339 173 1402 Ab
190 1342 239 1402 his
261 1343 353 1424 igitur
373 1337 576 1420 singularibus
605 1338 677 1400 loris
695 1338 744 1400 vel
764 1341 875 1402 trabeis
895 1342 1076 1415 consulum,
1108 1365 1129 1406 a

56 1421 144 1483 dextro
166 1424 279 1486 femore
299 1423 338 1484 ad
358 1425 513 1484 sinistrum
541 1421 702 1484 humerum
723 1421 985 1500 descendentibus,
1005 1448 1127 1508 proces·

57 1525 113 1565 rum
134 1505 189 1567 fuit
207 1507 329 1568 saeculo
348 1506 387 1572 V.
420 1515 489 1588 post
505 1504 546 1569 u.
573 1525 605 1565 n.
639 1503 678 1565 ad
710 1504 776 1566 lora
796 1511 915 1588 gemina
937 1529 990 1568 seu
1011 1513 1127 1572 taenias

56 1587 112 1668 plus
131 1592 268 1650 minusve
289 1589 384 1667 latas,
412 1589 533 1672 pretiosi
552 1589 669 1670 operis,
702 1609 778 1648 auru
795 1600 826 1651 et
845 1591 941 1650 serico
962 1595 1055 1673 pictas
1076 1603 1123 1666 et,

57 1689 103 1750 pro
135 1676 252 1734 ratione
282 1674 437 1755 gerentis,
478 1671 604 1754 genmis
634 1681 664 1731 et
685 1673 855 1752 margaritis
874 1685 1015 1751 ornatas,
1050 1687 1129 1755 quiae

58 1753 153 1816 scilicet
171 1765 256 1816 retno
278 1754 389 1819 collum
409 1753 494 1816 velut
512 1765 634 1838 torques
653 1753 824 1831 ambirent,
849 1753 889 1815 ab
909 1757 1007 1816 antica
1024 1769 1129 1818 autern

59 1856 133 1918 super
151 1851 273 1920 pectore
301 1859 364 1900 sese
385 1837 590 1900 decussarent.
650 1836 767 1918 Inspice
787 1857 947 1898 nummum
964 1840 1127 1900 Theodosii

60 1917 171 1982 lunioris
186 1920 272 2004 apud
291 1920 342 1982 Du
364 1921 512 2002 Congium
529 1922 560 1980 in
582 1919 719 1982 Familiis
739 1919 912 2002 Byzantinis
932 1943 965 2003 p.
978 1921 1030 1982 65.
1054 1921 1128 1982 ulti·

60 2021 148 2084 num,
180 2007 232 2087 qui
258 2006 374 2086 primus
403 2014 447 2064 est
466 2024 588 2080 eorum,
609 2003 638 2063 iu
659 2002 771 2084 quibus
792 2005 925 2065 orarium
946 2015 1001 2066 eut
1019 2005 1128 2066 stolam

60 2083 227 2148 decussatum
250 2087 364 2148 inveni.
408 2087 604 2148 Luculentius
633 2096 757 2168 apparet
777 2085 830 2148 illa
851 2087 929 2148 stola
949 2090 982 2148 in
1000 2105 1128 2150 nummu

60 2161 269 2248 Valentiniani,
296 2169 394 2252 primo
424 2191 493 2252 pag.
504 2169 556 2253 67.
592 2165 724 2240 ibidem,
755 2178 786 2228 et
814 2190 845 2251 p·
864 2181 915 2252 7'7.
940 2172 971 2230 in
1001 2191 1128 2232 nummo

61 2245 152 2314 Leonis
184 2263 317 2342 quarto,
354 2275 385 2334 p.
405 2272 471 2313 roa.
504 2253 536 2312 iu
557 2253 688 2313 nummis
710 2250 826 2312 Tiberii
855 2265 961 2330 sexto,
997 2266 1128 2334 octavo,

62 2349 128 2394 uono
148 2345 176 2397 et
195 2337 340 2406 decimo,
362 2357 395 2418 p.
417 2355 483 2416 ¹09·
503 2337 534 2394 in
556 2337 688 2396 nummis
702 2333 823 2396 Pbooae
843 2345 926 2396 serto
949 2341 1128 2419 etseptimo,

62 2431 162 2492 prm.
190 2422 222 2481 in
252 2419 387 2480 nummis
424 2415 555 2478 Heraclii
587 2416 708 2478 duobus
734 2417 858 2479 ultimis.
911 2418 965 2480 Ab
985 2420 1038 2479 illo
1057 2421 1130 2481 inde

63 2505 178 2581 tempore
197 2506 247 2564 vix
271 2503 402 2583 reperias
424 2499 488 2562 lora
508 2512 572 2561 tam
592 2499 752 2583 simplicia,
774 2493 941 2579 μονόλοορα
960 2501 1053 2579 dicta,
1076 2503 1129 2565 sed

62 2579 219 2666 plerumque
250 2581 373 2662 δι’λωρσ
407 2595 460 2644 aut
489 2575 683 2663 πολὺλωρσ,
715 2581 856 2656 collaria,
877 2595 924 2661 ut,
941 2585 982 2644 ita
1004 2585 1127 2660 dicam,

65 2667 172 2742 geminis
190 2678 243 2730 aut
263 2669 358 2728 ternis
379 2667 534 2748 quaternis
554 2664 627 2746 loris
647 2669 782 2726 consutis
793 2665 938 2725 conlecta.
980 2667 1132 2728 Processit

64 2765 149 2810 cares
168 2750 251 2827 illuc,
272 2761 307 2810 ut
327 2759 409 2810 totae
428 2759 525 2811 vestes
545 2747 665 2826 liereut,
685 2767 765 2830 quae
784 2750 875 2808 meris
895 2748 968 2809 loris
988 2763 1131 2811 consutae

65 2827 213 2895 videantur.
265 2833 430 2914 Dispositio
463 2834 605 2892 striarum
629 2831 659 2892 in
680 2830 727 2892 his
747 2828 820 2892 loris
840 2829 1016 2910 differebam
1037 2833 1130 2893 modo

64 2914 130 2973 enim
148 2917 236 2978 striae
256 2915 403 2976 adversus
422 2935 486 2976 sese
506 2915 537 2974 iu
555 2918 652 2975 vicem
674 2913 836 2996 vergebant
868 2926 899 2973 et
931 2915 1056 2976 coibant
1076 2937 1133 2976 an-

65 2995 129 3072 gotis
147 3003 258 3073 acutis,
281 2999 373 3059 modo
384 2996 671 3081 perpendiculariter
692 2997 833 3058 deorsum
855 3007 885 3056 et
907 2996 1134 3080 parallelepro-

66 3077 203 3143 cedebant.
255 3081 393 3142 Vestirun
429 3079 535 3142 talium
570 3079 769 3141 multilorium
789 3081 934 3161 imagines
964 3081 1067 3142 ridere
1087 3089 1132 3142 est

67 3161 132 3238 apud
152 3163 201 3225 Du
222 3165 370 3247 Cangium
400 3163 433 3224 in
453 3164 586 3224 nummis
606 3164 827 3246 imperatorum
846 3183 1013 3245 paucorum
1035 3165 1134 3224 Hera-

68 3239 114 3303 clio
129 3247 344 3331 antiquiorum,
359 3246 561 3330 plurimorum
572 3267 609 3307 eo
621 3248 836 3329 posteriorum:
850 3246 913 3306 vid.
925 3269 958 3329 p.
974 3269 1026 3328 9²·
1044 3261 1134 3306 versu

67 3330 140 3388 torio
167 3351 327 3392 nummum
346 3331 490 3404 tertium,
519 3340 549 3390 et
568 3350 656 3390 versu
671 3333 779 3411 quinto
798 3331 921 3390 tertium
942 3332 1077 3410 puriter,
1099 3351 1130 3409 p.

70 3407 472 3558 eluuntur.
488 3413 607 3578 rat
630 3413 859 3556 rituam
877 3415 1135 3576 uuuuu

70 3589 108 3632 me
125 3577 218 3642 cblam
240 3603 255 3642 a
276 3579 390 3642 loratus
410 3589 497 3640 esset.
540 3578 605 3639 snb
629 3599 664 3639 ea
685 3577 784 3640 lormn
804 3599 858 3638 seu
877 3577 1006 3636 tablium
1027 3577 1136 3637 oblon-·

71 3673 151 3736 gum,
172 3673 217 3724 sto
249 3686 266 3725 e
287 3661 467 3723 sacerdotali
486 3659 608 3734 simile,
631 3660 780 3745 dependet
797 3663 876 3720 intel·
895 3659 1085 3742 chlamydem
1106 3671 1137 3720 et

71 3735 215 3806 clitonem.
265 3743 390 3806 Primus
410 3743 460 3806 hic
492 3761 637 3809 nummus
655 3754 701 3805 est
719 3763 847 3818 eorum,
869 3744 921 3824 quii
942 3742 1040 3802 lorum
1062 3745 1136 3803 siui-

73 3828 120 3883 tlra
137 3834 333 3890 sustentatum
367 3827 497 3888 exbibet.
549 3820 653 3888 Solent
673 3847 781 3908 nempe
802 3826 1001 3907 Imperatores
1022 3827 1137 3886 CPtani

72 3905 146 3967 medii
162 3915 227 3971 aeri
248 3911 281 3972 in
302 3913 435 3972 nummis
455 3921 486 3972 et
505 3907 571 3970 aliis
591 3910 773 3994 imaginibus
793 3911 924 3990 conspici
944 3907 1082 3969 laciniam
1098 3907 1140 3967 las

73 3989 141 4066 um,
161 3992 242 4054 velut
257 3993 357 4056 lorum
380 3995 511 4054 adextro
531 3992 644 4053 femore
665 3995 808 4069 veniens,
832 3993 927 4052 ventri
947 4003 1138 4073 praetentum

73 4067 172 4136 sinistra
201 4098 294 4138 mauu
323 4088 458 4159 gestare,
490 4083 520 4138 et
547 4075 587 4136 ab
612 4097 646 4136 ea
666 4077 838 4156 dependens
870 4071 992 4135 babere.
1031 4073 1139 4134 Talem

75 4143 181 4218 lornam
202 4158 271 4221 licet
292 4161 468 4242 conspicere
489 4160 520 4219 in
542 4159 670 4240 imagine
690 4155 848 4220 Michaelis
867 4157 1036 4237 Palaeologi
1058 4155 1140 4235 apud

75 4217 115 4296 lbi
134 4239 275 4326 Congium
297 4241 409 4306 Famil·
432 4243 503 4326 Byr.
523 4263 554 4325 p.
574 4243 646 4304 235.
670 4251 700 4304 ri
721 4241 841 4304 disserta
864 4239 903 4300 de
921 4243 1053 4302 nummis
1074 4245 1138 4296 me·
