2975 4892
317 233 393 323 152
429 339 432 343 ι
523 248 1173 322 10.1tc.1ss1su1100t1t1uumu
1204 272 1208 276 ν

352 402 529 494 Κῆρχηοον
548 407 587 470 vir
608 403 809 488 πολεμήσονν
829 399 886 467 soi
904 398 944 466 vd
968 397 1086 465 σεύοον
1107 403 1152 476 εἰς
1171 392 1322 482 scissim.

185 589 189 604 ,
313 523 400 600 Quae
421 520 498 579 bene
518 519 635 578 Graece
655 516 697 576 sic
722 511 846 574 efferas:

353 620 423 690 Καὶ
449 615 584 706 ἤρχοντο
616 619 669 683 ἵνα
696 615 933 702 πολεμήσωσιν,
966 613 1096 723 ascitiva
1126 617 1264 698 σοβῶσιν
1288 616 1337 696 εἷς
1368 617 1417 680 ui

991 723 1091 781 τειχη.

398 815 434 876 C.
448 814 480 878 6.
494 813 562 897 [60‚
582 812 626 896 r.]
646 803 852 894 οἶσεροὶρχιος.
903 809 971 870 Vox
990 811 1108 885 rarior,
1138 831 1156 872 a
1177 829 1258 872 nova
1282 810 1423 870 Graecia

315 900 466 976 conficta,
502 898 622 958 videtur
652 897 682 956 id
714 895 900 976 significare,
939 893 1022 977 quod
1049 915 1138 975 super
1172 915 1258 953 onere
1292 895 1421 954 vu'dum

317 985 448 1078 positum
467 994 529 1058 est,
554 980 638 1062 quod
660 979 747 1038 initio
768 987 870 1053 caret,
901 987 937 1036 ut
955 997 1046 1057 supra
1065 975 1112 1036 bis
1134 976 1295 1036 habuimus
1312 970 1424 1037 συνά-

316 1084 451 1148 νορχος,
480 1079 658 1124 coaeterruu.
700 1061 776 1121 Nam
796 1054 937 1143 ἄναρχος
970 1080 1052 1122 novo
1076 1059 1244 1142 significatu
1264 1059 1308 1120 ibi
1324 1069 1425 1120 notet

318 1163 481 1217 aetemrun.

403 1227 638 1312 D.1.[60‚6.]
671 1229 874 1307 θεολογεΐται.
929 1224 980 1287 Ad
1005 1225 1135 1288 verbum
1157 1225 1268 1285 dicitis·
1294 1228 1422 1286 aindas

321 1314 406 1378 Deus
427 1312 699 1386 contestantibus,
726 1311 759 1371 id
781 1322 845 1387 est,
874 1307 1045 1371 celebratur
1061 1312 1182 1370 trinitas
1202 1309 1419 1389 sermonibus,

322 1397 375 1479 qui
402 1406 593 1473 asseverant,
625 1406 686 1456 tres
710 1415 853 1476 personas
883 1395 1028 1455 trinitatis
1058 1414 1155 1474 aeqm
1181 1391 1298 1456 divinas
1321 1403 1424 1476 atquo

322 1477 591 1540 consubstantiales
612 1499 685 1539 esse.
731 1475 896 1556 Θεολογεῖν
915 1486 961 1537 est
987 1477 1026 1536 de
1045 1477 1115 1537 Deo
1136 1497 1282 1536 semones
1289 1477 1420 1554 farere.

326 1560 509 1644 Theophan.
532 1584 563 1643 p.
581 1559 599 1622 5
624 1605 632 1621 .
651 1563 687 1622 B.
713 1581 740 1622 r.
762 1583 813 1644 77.
835 1561 871 1620 C.
893 1581 942 1622 ro.
960 1560 1031 1622 550.
1051 1560 1087 1619 Β.
1109 1570 1188 1621 rtet
1202 1558 1422 1621 Combelis.ed

327 1643 413 1705 illius
432 1665 464 1726 p.
482 1644 534 1728 59.
577 1646 604 1704 Τ
646 1641 740 1727 ologis
759 1647 792 1704 in
810 1644 910 1725 specie
930 1664 1029 1703 sermo
1049 1653 1079 1704 ot
1098 1643 1261 1724 disputatio
1279 1643 1317 1703 de
1333 1643 1421 1704 divi-

325 1748 367 1792 na
387 1727 499 1792 Christi
516 1738 626 1788 natura
647 1739 692 1789 est
713 1727 872 1806 θεολογία.
914 1726 989 1787 Vid.
1012 1725 1115 1787 Vales.
1137 1724 1176 1785 ad
1192 1725 1306 1786 Euseb.
1327 1747 1361 1809 p.
1383 1725 1421 1788 5.

289 1821 293 1830 '
323 1813 379 1871 sic
406 1813 595 1889 κονολογεῑν
611 1811 650 1871 de
669 1811 751 1871 Srirb
775 1831 921 1872 sernrones
930 1811 1042 1890 faeere
1070 1810 1150 1893 apud
1170 1808 1363 1871 Athenaeum
1388 1809 1422 1869 l.

325 1913 359 1976 p.
379 1893 431 1956 23.
449 1893 501 1968 A„
522 1892 576 1953 ubi
594 1892 658 1953 vid.
680 1892 854 1954 Casaubon.

372 1973 652 2059 37.B.4.[61‚3.]
680 1971 830 2056 τριλὲξιο.
870 1975 1101 2057 Nonrepern,
1139 1975 1193 2058 qui
1211 1993 1319 2034 vocem
1336 1971 1427 2036 bane

328 2059 508 2138 exposuerit.
552 2057 684 2118 Videtur
692 2080 821 2118 carmen
841 2071 967 2134 notare,
994 2058 1078 2140 quod
1096 2070 1151 2117 aut
1166 2068 1213 2118 ter
1232 2056 1424 2134 iterabatur,

331 2151 386 2204 aut
403 2141 508 2223 potius¹
523 2159 542 2199 a
560 2140 658 2201 tribus
679 2141 854 2202 cantoribus
875 2141 964 2203 simul
986 2140 1190 2215 recitabatur,
1220 2149 1256 2200 ut
1271 2133 1427 2222 τετρᾶλο-

331 2243 413 2302 οιτον,
434 2242 512 2306 quae
529 2235 691 2306 aquatuor
706 2226 881 2285 cantoribus
893 2226 1109 2289 recitabantur.
1154 2221 1227 2285 Vid.
1248 2221 1316 2286 165.
1330 2224 1371 2282 C.
1387 2245 1424 2306 7.

415 2306 497 2389 B.7.
513 2304 581 2388 [61,
598 2305 648 2389 5.]
682 2304 810 2381 ’ξιοίσεο
850 2309 925 2369 Post
945 2308 1025 2368 hanc
1041 2329 1148 2368 vocem
1165 2306 1273 2371 deesse.
1288 2305 1423 2387 aliquid,

330 2388 524 2452 manifestum
543 2401 598 2450 est.
643 2391 718 2450 Nam
747 2390 876 2451 debebat
896 2391 996 2452 saltim
1016 2387 1103 2468 ὑμᾶς
1126 2388 1172 2460 εἷς
1189 2383 1327 2471 χρόνους
1345 2382 1427 2450 ἔνοι-

331 2465 389 2531 τὸν
410 2467 467 2552 τὴν
490 2465 579 2546 ὑμῶν
604 2469 722 2533 διέπειν
744 2474 921 2552 πολιτειοιν,
949 2485 984 2533 ut
997 2496 1029 2555 p.
1048 2475 1100 2535 30.
1120 2473 1158 2534 C.
1174 2495 1226 2555 7.,
1250 2471 1302 2533 sed
1320 2473 1424 2534 multo

334 2551 431 2636 plura,
448 2554 549 2617 deesse
568 2555 792 2638 deprehendet,
821 2559 874 2640 qui
898 2559 1144 2639 sequentiarum
1173 2554 1427 2617 antecedentibus

335 2648 449 2700 attente
469 2638 614 2702 conserat.
657 2640 733 2700 Nam
750 2663 812 2700 non
832 2642 1015 2724 respondent
1034 2640 1240 2720 inscriptioni,
1260 2638 1313 2699 sed
1333 2637 1427 2700 aliud

335 2731 478 2781 tractant.
521 2723 676 2784 Promittis
697 2725 873 2806 inscriptio,
898 2735 929 2784 et
953 2725 1082 2784 instituit
1104 2724 1226 2784 initium
1246 2723 1319 2781 noui
1337 2723 1429 2802 capi-

335 2804 397 2879 tis,
428 2809 649 2868 enarrationem
678 2806 829 2867 Actorum
858 2807 923 2868 sesti
954 2807 1156 2867 Pentecosten.
1199 2806 1263 2866 Pro
1292 2806 1429 2868 maxima

335 2903 410 2944 vero
425 2897 511 2966 parte
527 2889 603 2947 ritus
615 2892 811 2970 processionis
828 2889 978 2971 paschalis
997 2891 1118 2972 exponit
1131 2888 1189 2949 hoc
1209 2897 1317 2970 capnt,
1336 2887 1431 2970 quod

337 2966 477 3048 deinceps
506 2965 675 3032 luculenter
698 2974 844 3034 evincam.
888 2973 997 3055 In'cipit
1023 2974 1098 3034 haec
1117 2973 1287 3055 argumenti
1308 2970 1430 3032 discre-

337 3051 441 3132 pantia
462 3071 479 3110 a
498 3049 525 3132 S.
541 3052 571 3112 3.
594 3065 624 3114 et
648 3074 723 3115 voce
743 3047 852 3132 ἔνθενς
887 3057 936 3116 cui
962 3058 1151 3138 praecessisse
1177 3056 1268 3117 etiarn
1297 3052 1429 3136 eliqua,

338 3133 530 3192 manifestum
544 3155 579 3195 ex
599 3157 636 3198 eo
656 3149 720 3215 est,
740 3139 822 3219 quod
838 3143 935 3200 oratio
949 3139 1024 3201 hiat.
1067 3138 1180 3200 Saltem
1195 3139 1325 3200 verbum
1335 3137 1431 3198 ἕποι’-

339 3233 451 3294 ροοσιν
472 3228 526 3279 aut
546 3212 700 3299 σύρουσιν
719 3221 770 3281 vel
786 3221 883 3283 simile
903 3223 1101 3285 desideratur.
1145 3223 1205 3283 Sed
1224 3220 1323 3282 multo
1334 3219 1433 3302 plura

340 3299 451 3360 desunt
469 3299 508 3362 dc
523 3305 710 3382 processione
727 3325 886 3387 procerum
908 3327 961 3366 seu
980 3318 1132 3368 conventu
1148 3306 1181 3368 in
1198 3305 1299 3366 aulam
1312 3304 1353 3365 ad
1368 3304 1434 3365 Im.

339 3391 509 3464 peratorem
528 3386 560 3443 in
579 3385 861 3469 Chrysotriclinum.
905 3388 995 3450 Clara
1021 3390 1146 3450 tandem
1170 3411 1219 3450 res
1240 3399 1285 3448 cst
1304 3408 1340 3447 ex
1363 3408 1431 3466 eo,

340 3465 423 3545 quod
442 3468 552 3548 pagina
573 3489 677 3532 aversa
696 3469 746 3530 vel
766 3472 914 3554 posterior
933 3471 1055 3552 soliidr.
1075 3474 1107 3532 in
1126 3493 1202 3533 voce
1225 3465 1356 3544 ἀξιώσει
1371 3470 1432 3530 de-

341 3547 477 3625 sinebat,
508 3558 539 3608 et
559 3553 666 3634 pagina
692 3553 820 3615 adversa
845 3553 908 3615 folii
931 3555 982 3633 42.
1004 3576 1022 3620 a
1043 3575 1126 3616 voce·
1142 3549 1232 3614 tren
1250 3552 1434 3636 incipiebat.

341 3627 482 3690 Debebat
507 3651 578 3712 ergo
607 3635 712 3697 folium
736 3657 853 3712 unum,
882 3649 936 3697 aut
962 3639 1062 3720 potius
1089 3636 1186 3698 multo
1208 3636 1320 3718 plura,
1346 3637 1432 3698 forte

340 3711 456 3793 integer
480 3717 655 3795 quaternio,
684 3739 737 3780 seu
751 3721 855 3781 decem
868 3720 959 3796 folia,
985 3723 1119 3803 periisse.
1162 3720 1251 3781 Patet
1271 3741 1306 3780 ex
1319 3738 1434 3780 uume-

339 3813 377 3858 το
393 3797 526 3875 capitum
539 3843 547 3868 ‚
560 3801 625 3880 'qui
639 3800 679 3860 ab
702 3802 760 3862 hoc
780 3806 877 3885 capite
900 3804 971 3865 inde
992 3805 1142 3886 discrepat
1162 3815 1296 3864 anostra
1316 3802 1433 3862 editio-

341 3894 404 3938 ne.
435 3879 511 3939 Num
528 3883 609 3962 quod
624 3883 695 3946 huic
713 3887 837 3946 editioni
853 3898 943 3969 caput
958 3888 1109 3950 decimum
1123 3898 1189 3961 est,
1217 3887 1248 3946 id
1266 3898 1311 3947 est
1325 3887 1358 3945 in
1371 3885 1432 3946 Co·

342 3959 409 4020 dice
429 3965 533 4043 capitis
555 3965 638 4027 XlX.
659 3989 729 4049 pars
749 3971 901 4048 secunda,
928 3971 1013 4052 quod
1035 3970 1086 4030 hic
1106 3979 1151 4030 est
1173 3969 1231 4032 XI.
1256 3978 1367 4052 eaput,
1394 3969 1433 4028 id

341 4055 387 4103 est
405 4047 499 4107 codici
515 4049 715 4130 vigesimum,
743 4052 793 4112 hic
810 4055 886 4113 ΧΠ.
909 4055 940 4114 iu
961 4053 1073 4115 Codice
1091 4053 1176 4114 XXI.
1198 4063 1228 4113 et
1246 4053 1289 4119 sio
1308 4068 1434 4132 smper

267 4197 269 4206 ⁴
341 4147 433 4216 porro
461 4129 595 4196 decurrit
618 4133 668 4194 hic
692 4133 769 4195 ordo
797 4158 853 4218 per
878 4148 977 4198 totum
1004 4136 1116 4202 librum
1140 4135 1290 4219 priorum,
1321 4135 1367 4199 sic
1393 4138 1432 4196 ut
