<?xml version="1.0" encoding="UTF-8"?>
<!DOCTYPE html PUBLIC "-//W3C//DTD XHTML 1.0 Transitional//EN"
    "http://www.w3.org/TR/xhtml1/DTD/xhtml1-transitional.dtd">
<html xmlns="http://www.w3.org/1999/xhtml" xml:lang="en" lang="en">
 <head>
  <title>
</title>
<meta http-equiv="Content-Type" content="text/html;charset=utf-8" />
  <meta name='ocr-system' content='tesseract 3.04.00' />
  <meta name='ocr-capabilities' content='ocr_page ocr_carea ocr_par ocr_line ocrx_word'/>
</head>
<body>
  <div class='ocr_page' id='page_1' title='image "./corpusscriptoru45theogoog/corpusscriptoru45theogoog_0612.png"; bbox 0 0 2975 4892; ppageno 0'>
   <div class='ocr_carea' id='block_1_1' title="bbox 317 248 1182 343">
    <p class='ocr_par' dir='ltr' id='par_1_1' title="bbox 317 248 1182 343">
     <span class='ocr_line' id='line_1_1' title="bbox 317 248 1182 343; baseline 0.005 -7"><span class='ocrx_word' id='word_1_1' title='bbox 317 248 403 336; x_wconf 88' lang='lat'>608</span> <span class='ocrx_word' id='word_1_2' title='bbox 529 277 584 342; x_wconf 89' lang='grc' dir='ltr'>ιο.</span> <span class='ocrx_word' id='word_1_3' title='bbox 617 275 695 343; x_wconf 82' lang='lat' dir='ltr'>nc</span> <span class='ocrx_word' id='word_1_4' title='bbox 726 277 872 340; x_wconf 83' lang='lat' dir='ltr'>nnsnr</span> <span class='ocrx_word' id='word_1_5' title='bbox 901 275 1182 342; x_wconf 78' lang='lat' dir='ltr'>conuaurrnu</span> 
     </span>
    </p>
   </div>
   <div class='ocr_carea' id='block_1_2' title="bbox 283 425 1451 4241">
    <p class='ocr_par' dir='ltr' id='par_1_2' title="bbox 283 425 1451 4241">
     <span class='ocr_line' id='line_1_2' title="bbox 316 425 1363 515; baseline -0.005 -20"><span class='ocrx_word' id='word_1_6' title='bbox 316 429 499 508; x_wconf 70' lang='grc' dir='ltr'>ἱκέτευσαν,</span> <span class='ocrx_word' id='word_1_7' title='bbox 520 454 582 495; x_wconf 90' lang='lat' dir='ltr'>non</span> <span class='ocrx_word' id='word_1_8' title='bbox 608 433 713 515; x_wconf 85' lang='lat' dir='ltr'>liquet.</span> <span class='ocrx_word' id='word_1_9' title='bbox 754 432 831 494; x_wconf 85' lang='lat' dir='ltr'>Erat</span> <span class='ocrx_word' id='word_1_10' title='bbox 852 442 954 492; x_wconf 69' lang='lat' dir='ltr'>umen</span> <span class='ocrx_word' id='word_1_11' title='bbox 974 431 1126 494; x_wconf 87' lang='lat' dir='ltr'>veteribus</span> <span class='ocrx_word' id='word_1_12' title='bbox 1146 435 1177 492; x_wconf 90' lang='lat' dir='ltr'>in</span> <span class='ocrx_word' id='word_1_13' title='bbox 1199 451 1274 494; x_wconf 86' lang='lat' dir='ltr'>more</span> <span class='ocrx_word' id='word_1_14' title='bbox 1288 425 1363 514; x_wconf 80' lang='lat' dir='ltr'>potia·</span> 
     </span>
     <span class='ocr_line' id='line_1_3' title="bbox 317 509 1451 597; baseline -0.003 -21"><span class='ocrx_word' id='word_1_15' title='bbox 317 519 429 576; x_wconf 89' lang='lat' dir='ltr'>simum</span> <span class='ocrx_word' id='word_1_16' title='bbox 445 519 600 597; x_wconf 76' lang='lat' dir='ltr'>positum,</span> <span class='ocrx_word' id='word_1_17' title='bbox 619 518 645 576; x_wconf 91' lang='lat' dir='ltr'>si</span> <span class='ocrx_word' id='word_1_18' title='bbox 666 515 895 578; x_wconf 80' lang='lat' dir='ltr'>submissionem</span> <span class='ocrx_word' id='word_1_19' title='bbox 925 535 1029 592; x_wconf 87' lang='lat' dir='ltr'>suam,</span> <span class='ocrx_word' id='word_1_20' title='bbox 1050 516 1236 588; x_wconf 82' lang='lat' dir='ltr'>servitutem,</span> <span class='ocrx_word' id='word_1_21' title='bbox 1256 509 1364 575; x_wconf 85' lang='lat' dir='ltr'>inbecd-</span> <span class='ocrx_word' id='word_1_22' title='bbox 1450 591 1451 594; x_wconf 7' lang='grc' dir='ltr'><strong>Ἴ</strong></span> 
     </span>
     <span class='ocr_line' id='line_1_4' title="bbox 316 597 1451 680; baseline -0.004 -22"><span class='ocrx_word' id='word_1_23' title='bbox 316 597 433 659; x_wconf 84' lang='lat' dir='ltr'>litatem</span> <span class='ocrx_word' id='word_1_24' title='bbox 453 620 557 676; x_wconf 88' lang='lat' dir='ltr'>suam,</span> <span class='ocrx_word' id='word_1_25' title='bbox 579 598 665 660; x_wconf 79' lang='lat' dir='ltr'>atteri</span> <span class='ocrx_word' id='word_1_26' title='bbox 686 599 792 660; x_wconf 89' lang='lat' dir='ltr'>testari</span> <span class='ocrx_word' id='word_1_27' title='bbox 821 597 957 677; x_wconf 84' lang='lat' dir='ltr'>veilent,</span> <span class='ocrx_word' id='word_1_28' title='bbox 976 608 1029 658; x_wconf 88' lang='lat' dir='ltr'>aut</span> <span class='ocrx_word' id='word_1_29' title='bbox 1050 600 1106 680; x_wconf 85' lang='lat' dir='ltr'>ipsi</span> <span class='ocrx_word' id='word_1_30' title='bbox 1125 597 1298 680; x_wconf 84' lang='lat' dir='ltr'>supplicari,</span> <span class='ocrx_word' id='word_1_31' title='bbox 1315 615 1366 656; x_wconf 88' lang='lat' dir='ltr'>ma·</span> <span class='ocrx_word' id='word_1_32' title='bbox 1449 603 1451 664; x_wconf 66' lang='lat' dir='ltr'>j</span> 
     </span>
     <span class='ocr_line' id='line_1_5' title="bbox 316 679 1448 765; baseline -0.006 -23"><span class='ocrx_word' id='word_1_33' title='bbox 316 701 376 742; x_wconf 91' lang='lat' dir='ltr'>nus</span> <span class='ocrx_word' id='word_1_34' title='bbox 395 693 448 741; x_wconf 89' lang='lat' dir='ltr'>aut</span> <span class='ocrx_word' id='word_1_35' title='bbox 468 702 559 764; x_wconf 89' lang='lat' dir='ltr'>snper</span> <span class='ocrx_word' id='word_1_36' title='bbox 577 693 706 763; x_wconf 82' lang='lat' dir='ltr'>pectore,</span> <span class='ocrx_word' id='word_1_37' title='bbox 732 683 826 742; x_wconf 85' lang='lat' dir='ltr'>autin</span> <span class='ocrx_word' id='word_1_38' title='bbox 846 681 936 742; x_wconf 89' lang='lat' dir='ltr'>dorso</span> <span class='ocrx_word' id='word_1_39' title='bbox 953 679 1131 742; x_wconf 88' lang='lat' dir='ltr'>decussatim</span> <span class='ocrx_word' id='word_1_40' title='bbox 1146 701 1322 762; x_wconf 87' lang='lat' dir='ltr'>componere,</span> <span class='ocrx_word' id='word_1_41' title='bbox 1340 686 1366 735; x_wconf 87' lang='lat' dir='ltr'>nt</span> <span class='ocrx_word' id='word_1_42' title='bbox 1447 738 1448 765; x_wconf 22' lang='grc' dir='ltr'>ἶ</span> 
     </span>
     <span class='ocr_line' id='line_1_6' title="bbox 316 753 1451 846; baseline -0.006 -22"><span class='ocrx_word' id='word_1_43' title='bbox 316 763 355 825; x_wconf 88' lang='lat' dir='ltr'>de</span> <span class='ocrx_word' id='word_1_44' title='bbox 382 763 527 826; x_wconf 82' lang='lat' dir='ltr'>alterutro</span> <span class='ocrx_word' id='word_1_45' title='bbox 557 765 647 825; x_wconf 93' lang='lat' dir='ltr'>modo</span> <span class='ocrx_word' id='word_1_46' title='bbox 673 764 878 846; x_wconf 89' lang='lat' dir='ltr'>accipiendum</span> <span class='ocrx_word' id='word_1_47' title='bbox 912 783 975 824; x_wconf 87' lang='lat' dir='ltr'>csse</span> <span class='ocrx_word' id='word_1_48' title='bbox 1003 764 1111 825; x_wconf 88' lang='lat' dir='ltr'>Dionis</span> <span class='ocrx_word' id='word_1_49' title='bbox 1146 763 1301 825; x_wconf 77' lang='grc' dir='ltr'><strong><em>συνάπτειν</em></strong></span> <span class='ocrx_word' id='word_1_50' title='bbox 1323 753 1367 829; x_wconf 85' lang='grc' dir='ltr'>τάς</span> <span class='ocrx_word' id='word_1_51' title='bbox 1450 809 1451 812; x_wconf 64' lang='grc'>,</span> 
     </span>
     <span class='ocr_line' id='line_1_7' title="bbox 314 841 1366 927; baseline -0.005 -21"><span class='ocrx_word' id='word_1_52' title='bbox 314 851 429 927; x_wconf 76' lang='grc' dir='ltr'><strong><em>χεῖρας</em></strong></span> <span class='ocrx_word' id='word_1_53' title='bbox 448 849 480 908; x_wconf 88' lang='lat' dir='ltr'>in</span> <span class='ocrx_word' id='word_1_54' title='bbox 500 848 551 909; x_wconf 88' lang='lat' dir='ltr'>illo</span> <span class='ocrx_word' id='word_1_55' title='bbox 572 847 662 908; x_wconf 93' lang='lat' dir='ltr'>modo</span> <span class='ocrx_word' id='word_1_56' title='bbox 683 845 775 908; x_wconf 83' lang='lat' dir='ltr'>allato</span> <span class='ocrx_word' id='word_1_57' title='bbox 794 847 860 908; x_wconf 90' lang='lat' dir='ltr'>loco</span> <span class='ocrx_word' id='word_1_58' title='bbox 887 846 1037 908; x_wconf 87' lang='lat' dir='ltr'>videatur.</span> <span class='ocrx_word' id='word_1_59' title='bbox 1081 847 1169 908; x_wconf 85' lang='lat' dir='ltr'><strong>Facit</strong></span> <span class='ocrx_word' id='word_1_60' title='bbox 1190 858 1284 906; x_wconf 90' lang='lat' dir='ltr'>tamen</span> <span class='ocrx_word' id='word_1_61' title='bbox 1301 841 1366 904; x_wconf 87' lang='lat' dir='ltr'>addi·</span> 
     </span>
     <span class='ocr_line' id='line_1_8' title="bbox 315 924 1366 1009; baseline -0.002 -19"><span class='ocrx_word' id='word_1_62' title='bbox 315 939 382 990; x_wconf 89' lang='lat' dir='ltr'>tum</span> <span class='ocrx_word' id='word_1_63' title='bbox 402 928 437 990; x_wconf 77' lang='grc' dir='ltr'>ἐν</span> <span class='ocrx_word' id='word_1_64' title='bbox 456 924 666 1008; x_wconf 75' lang='grc' dir='ltr'><strong><em>αἰχμαλώτων</em></strong></span> <span class='ocrx_word' id='word_1_65' title='bbox 693 924 834 1008; x_wconf 75' lang='grc' dir='ltr'><strong><em>σχήματι</em></strong></span> <span class='ocrx_word' id='word_1_66' title='bbox 854 941 885 990; x_wconf 87' lang='lat' dir='ltr'>et</span> <span class='ocrx_word' id='word_1_67' title='bbox 912 930 1119 990; x_wconf 86' lang='lat' dir='ltr'>testimonium</span> <span class='ocrx_word' id='word_1_68' title='bbox 1140 931 1222 991; x_wconf 90' lang='lat' dir='ltr'>Petri</span> <span class='ocrx_word' id='word_1_69' title='bbox 1242 924 1366 1009; x_wconf 75' lang='lat' dir='ltr'>Magistri,</span> 
     </span>
     <span class='ocr_line' id='line_1_9' title="bbox 317 1011 1368 1095; baseline -0.003 -24"><span class='ocrx_word' id='word_1_70' title='bbox 317 1023 353 1072; x_wconf 89' lang='lat' dir='ltr'>ut</span> <span class='ocrx_word' id='word_1_71' title='bbox 374 1011 455 1074; x_wconf 92' lang='lat' dir='ltr'>bunc</span> <span class='ocrx_word' id='word_1_72' title='bbox 481 1013 602 1095; x_wconf 88' lang='lat' dir='ltr'>quidem</span> <span class='ocrx_word' id='word_1_73' title='bbox 624 1011 725 1073; x_wconf 92' lang='lat' dir='ltr'>locum</span> <span class='ocrx_word' id='word_1_74' title='bbox 748 1011 785 1072; x_wconf 88' lang='lat' dir='ltr'>dc</span> <span class='ocrx_word' id='word_1_75' title='bbox 803 1014 920 1072; x_wconf 87' lang='lat' dir='ltr'>reiectis</span> <span class='ocrx_word' id='word_1_76' title='bbox 948 1013 979 1072; x_wconf 92' lang='lat' dir='ltr'>in</span> <span class='ocrx_word' id='word_1_77' title='bbox 1000 1012 1123 1073; x_wconf 81' lang='lat' dir='ltr'>dorsum</span> <span class='ocrx_word' id='word_1_78' title='bbox 1146 1011 1279 1073; x_wconf 90' lang='lat' dir='ltr'>manibus</span> <span class='ocrx_word' id='word_1_79' title='bbox 1296 1013 1368 1068; x_wconf 90' lang='lat' dir='ltr'>inter·</span> 
     </span>
     <span class='ocr_line' id='line_1_10' title="bbox 315 1091 1369 1178; baseline -0.003 -22"><span class='ocrx_word' id='word_1_80' title='bbox 315 1105 478 1177; x_wconf 80' lang='lat' dir='ltr'>pretcmur.</span> <span class='ocrx_word' id='word_1_81' title='bbox 522 1094 626 1157; x_wconf 81' lang='lat' dir='ltr'><strong>Solent</strong></span> <span class='ocrx_word' id='word_1_82' title='bbox 657 1097 738 1155; x_wconf 90' lang='lat' dir='ltr'>enim</span> <span class='ocrx_word' id='word_1_83' title='bbox 756 1095 882 1176; x_wconf 84' lang='lat' dir='ltr'>captivis</span> <span class='ocrx_word' id='word_1_84' title='bbox 913 1115 1020 1156; x_wconf 86' lang='lat' dir='ltr'>manua</span> <span class='ocrx_word' id='word_1_85' title='bbox 1046 1107 1114 1177; x_wconf 91' lang='lat' dir='ltr'>post</span> <span class='ocrx_word' id='word_1_86' title='bbox 1132 1107 1249 1178; x_wconf 79' lang='lat' dir='ltr'>tergum</span> <span class='ocrx_word' id='word_1_87' title='bbox 1267 1091 1369 1174; x_wconf 76' lang='lat' dir='ltr'>revinci·</span> 
     </span>
     <span class='ocr_line' id='line_1_11' title="bbox 314 1173 1371 1282; baseline -0.006 -44"><span class='ocrx_word' id='word_1_88' title='bbox 314 1180 353 1239; x_wconf 88' lang='lat' dir='ltr'>ri.</span> <span class='ocrx_word' id='word_1_89' title='bbox 392 1177 476 1237; x_wconf 86' lang='lat' dir='ltr'>Petn&#39;</span> <span class='ocrx_word' id='word_1_90' title='bbox 496 1175 577 1239; x_wconf 85' lang='lat' dir='ltr'>locus</span> <span class='ocrx_word' id='word_1_91' title='bbox 594 1177 643 1238; x_wconf 85' lang='lat' dir='ltr'>bic</span> <span class='ocrx_word' id='word_1_92' title='bbox 669 1188 715 1238; x_wconf 90' lang='lat' dir='ltr'>est</span> <span class='ocrx_word' id='word_1_93' title='bbox 733 1199 766 1258; x_wconf 92' lang='lat' dir='ltr'>p.</span> <span class='ocrx_word' id='word_1_94' title='bbox 788 1177 835 1240; x_wconf 82' lang='lat'>15.</span> <span class='ocrx_word' id='word_1_95' title='bbox 857 1178 999 1260; x_wconf 84' lang='lat' dir='ltr'>Excerpt.</span> <span class='ocrx_word' id='word_1_96' title='bbox 1021 1177 1125 1282; x_wconf 48' lang='lat' dir='ltr'>ch‘at.</span> <span class='ocrx_word' id='word_1_97' title='bbox 1151 1173 1371 1242; x_wconf 82' lang='lat' dir='ltr'>Hoeschel.=rc·</span> 
     </span>
     <span class='ocr_line' id='line_1_12' title="bbox 313 1253 1370 1341; baseline -0.006 -21"><span class='ocrx_word' id='word_1_98' title='bbox 313 1261 429 1320; x_wconf 85' lang='lat' dir='ltr'>nientes</span> <span class='ocrx_word' id='word_1_99' title='bbox 449 1258 493 1320; x_wconf 86' lang='lat' dir='ltr'>itti</span> <span class='ocrx_word' id='word_1_100' title='bbox 514 1260 554 1321; x_wconf 88' lang='lat' dir='ltr'>ad</span> <span class='ocrx_word' id='word_1_101' title='bbox 573 1259 739 1321; x_wconf 84' lang='lat' dir='ltr'>Traianum</span> <span class='ocrx_word' id='word_1_102' title='bbox 777 1253 916 1341; x_wconf 75' lang='grc' dir='ltr'><strong><em>ἔμ’ῥιιμάν</em></strong></span> <span class='ocrx_word' id='word_1_103' title='bbox 935 1279 969 1320; x_wconf 85' lang='grc' dir='ltr'>τε</span> <span class='ocrx_word' id='word_1_104' title='bbox 998 1253 1038 1320; x_wconf 87' lang='grc' dir='ltr'>τά</span> <span class='ocrx_word' id='word_1_105' title='bbox 1071 1263 1152 1322; x_wconf 78' lang='grc' dir='ltr'><strong><em>οπλα</em></strong></span> <span class='ocrx_word' id='word_1_106' title='bbox 1183 1259 1237 1321; x_wconf 76' lang='grc' dir='ltr'>κατ’</span> <span class='ocrx_word' id='word_1_107' title='bbox 1254 1253 1304 1330; x_wconf 88' lang='grc' dir='ltr'>τάς</span> <span class='ocrx_word' id='word_1_108' title='bbox 1320 1257 1370 1334; x_wconf 79' lang='grc' dir='ltr'><strong><em>χει·-</em></strong></span> 
     </span>
     <span class='ocr_line' id='line_1_13' title="bbox 315 1331 1371 1423; baseline -0.003 -21"><span class='ocrx_word' id='word_1_109' title='bbox 315 1362 376 1420; x_wconf 79' lang='grc' dir='ltr'>ρας</span> <span class='ocrx_word' id='word_1_110' title='bbox 396 1331 528 1404; x_wconf 76' lang='grc' dir='ltr'><strong><em>ὄπισθεν</em></strong></span> <span class='ocrx_word' id='word_1_111' title='bbox 548 1339 708 1423; x_wconf 72' lang='grc' dir='ltr'><strong><em>δήσαντες.</em></strong></span> <span class='ocrx_word' id='word_1_112' title='bbox 761 1343 818 1404; x_wconf 90' lang='lat' dir='ltr'>Est</span> <span class='ocrx_word' id='word_1_113' title='bbox 838 1340 886 1402; x_wconf 90' lang='lat' dir='ltr'>hic</span> <span class='ocrx_word' id='word_1_114' title='bbox 908 1340 967 1402; x_wconf 90' lang='lat' dir='ltr'>loci</span> <span class='ocrx_word' id='word_1_115' title='bbox 988 1335 1137 1422; x_wconf 71' lang='grc' dir='ltr'><strong><em>δήσαντες</em></strong></span> <span class='ocrx_word' id='word_1_116' title='bbox 1158 1363 1219 1404; x_wconf 90' lang='lat' dir='ltr'>non</span> <span class='ocrx_word' id='word_1_117' title='bbox 1241 1341 1371 1403; x_wconf 70' lang='lat' dir='ltr'>virricum</span> 
     </span>
     <span class='ocr_line' id='line_1_14' title="bbox 314 1421 1372 1506; baseline -0.005 -20"><span class='ocrx_word' id='word_1_118' title='bbox 314 1425 406 1500; x_wconf 77' lang='lat' dir='ltr'>toris,</span> <span class='ocrx_word' id='word_1_119' title='bbox 428 1423 480 1486; x_wconf 84' lang='lat' dir='ltr'>aed</span> <span class='ocrx_word' id='word_1_120' title='bbox 507 1436 721 1506; x_wconf 77' lang='lat' dir='ltr'><strong>componentes</strong></span> <span class='ocrx_word' id='word_1_121' title='bbox 751 1427 783 1486; x_wconf 89' lang='lat' dir='ltr'>in</span> <span class='ocrx_word' id='word_1_122' title='bbox 806 1423 934 1484; x_wconf 85' lang='lat' dir='ltr'>formam</span> <span class='ocrx_word' id='word_1_123' title='bbox 958 1427 1056 1487; x_wconf 89' lang='lat' dir='ltr'>crucis</span> <span class='ocrx_word' id='word_1_124' title='bbox 1077 1426 1257 1486; x_wconf 79' lang='lat' dir='ltr'><strong>decussatae.</strong></span> <span class='ocrx_word' id='word_1_125' title='bbox 1307 1421 1372 1481; x_wconf 84' lang='lat' dir='ltr'>idem</span> 
     </span>
     <span class='ocr_line' id='line_1_15' title="bbox 314 1500 1372 1590; baseline -0.003 -23"><span class='ocrx_word' id='word_1_126' title='bbox 314 1528 347 1588; x_wconf 87' lang='lat' dir='ltr'>p.</span> <span class='ocrx_word' id='word_1_127' title='bbox 362 1526 433 1567; x_wconf 71' lang='lat' dir='ltr'>aa:</span> <span class='ocrx_word' id='word_1_128' title='bbox 465 1505 520 1568; x_wconf 85' lang='grc' dir='ltr'><strong><em>καί</em></strong></span> <span class='ocrx_word' id='word_1_129' title='bbox 539 1507 596 1568; x_wconf 83' lang='grc' dir='ltr'>νῦν</span> <span class='ocrx_word' id='word_1_130' title='bbox 624 1507 655 1569; x_wconf 82' lang='grc' dir='ltr'>εἰ</span> <span class='ocrx_word' id='word_1_131' title='bbox 682 1502 832 1586; x_wconf 76' lang='grc' dir='ltr'><strong><em>βούλεται</em></strong></span> <span class='ocrx_word' id='word_1_132' title='bbox 859 1503 1073 1590; x_wconf 73' lang='grc' dir='ltr'><strong><em>ἐλαφροτέρας</em></strong></span> <span class='ocrx_word' id='word_1_133' title='bbox 1092 1500 1249 1580; x_wconf 78' lang='grc' dir='ltr'><strong><em>κολάσεως</em></strong></span> <span class='ocrx_word' id='word_1_134' title='bbox 1266 1507 1372 1584; x_wconf 76' lang='grc' dir='ltr'><strong><em>τυχεῖν,</em></strong></span> 
     </span>
     <span class='ocr_line' id='line_1_16' title="bbox 316 1582 1373 1671; baseline -0.004 -23"><span class='ocrx_word' id='word_1_135' title='bbox 316 1582 493 1660; x_wconf 68' lang='lat' dir='ltr'>durbonis</span> <span class='ocrx_word' id='word_1_136' title='bbox 512 1595 624 1671; x_wconf 80' lang='grc' dir='ltr'><strong><em>χεῖρας</em></strong></span> <span class='ocrx_word' id='word_1_137' title='bbox 644 1585 743 1671; x_wconf 74' lang='grc' dir='ltr'><strong><em>δήσας</em></strong></span> <span class='ocrx_word' id='word_1_138' title='bbox 765 1589 977 1670; x_wconf 81' lang='grc' dir='ltr'><strong><em>προσπεσέτω.</em></strong></span> <span class='ocrx_word' id='word_1_139' title='bbox 1020 1589 1078 1652; x_wconf 90' lang='lat' dir='ltr'>Sed</span> <span class='ocrx_word' id='word_1_140' title='bbox 1091 1591 1169 1652; x_wconf 84' lang='lat' dir='ltr'>forte</span> <span class='ocrx_word' id='word_1_141' title='bbox 1188 1611 1253 1652; x_wconf 86' lang='lat' dir='ltr'>mos</span> <span class='ocrx_word' id='word_1_142' title='bbox 1270 1585 1373 1667; x_wconf 88' lang='lat' dir='ltr'>bicsup</span> 
     </span>
     <span class='ocr_line' id='line_1_17' title="bbox 314 1667 1372 1756; baseline -0.003 -25"><span class='ocrx_word' id='word_1_143' title='bbox 314 1671 447 1754; x_wconf 82' lang='lat' dir='ltr'>plicandi</span> <span class='ocrx_word' id='word_1_144' title='bbox 468 1672 621 1733; x_wconf 89' lang='lat' dir='ltr'>Dacorum</span> <span class='ocrx_word' id='word_1_145' title='bbox 645 1676 785 1756; x_wconf 89' lang='lat' dir='ltr'>proprius</span> <span class='ocrx_word' id='word_1_146' title='bbox 813 1682 897 1747; x_wconf 90' lang='lat' dir='ltr'>erat,</span> <span class='ocrx_word' id='word_1_147' title='bbox 921 1671 1027 1734; x_wconf 80' lang='lat' dir='ltr'>Parthi</span> <span class='ocrx_word' id='word_1_148' title='bbox 1049 1684 1079 1734; x_wconf 90' lang='lat' dir='ltr'>et</span> <span class='ocrx_word' id='word_1_149' title='bbox 1111 1672 1269 1735; x_wconf 76' lang='lat' dir='ltr'>orientales</span> <span class='ocrx_word' id='word_1_150' title='bbox 1294 1667 1372 1730; x_wconf 87' lang='lat' dir='ltr'>aliter.</span> 
     </span>
     <span class='ocr_line' id='line_1_18' title="bbox 313 1749 1374 1840; baseline 0.004 -24"><span class='ocrx_word' id='word_1_151' title='bbox 313 1753 404 1816; x_wconf 86' lang='lat' dir='ltr'>Certe</span> <span class='ocrx_word' id='word_1_152' title='bbox 424 1766 527 1816; x_wconf 85' lang='lat' dir='ltr'>utrum</span> <span class='ocrx_word' id='word_1_153' title='bbox 545 1755 609 1817; x_wconf 89' lang='lat' dir='ltr'>desi</span> <span class='ocrx_word' id='word_1_154' title='bbox 650 1768 682 1817; x_wconf 90' lang='lat' dir='ltr'>et</span> <span class='ocrx_word' id='word_1_155' title='bbox 701 1755 762 1816; x_wconf 90' lang='lat' dir='ltr'>Dio</span> <span class='ocrx_word' id='word_1_156' title='bbox 783 1753 901 1816; x_wconf 81' lang='lat' dir='ltr'>Cassius</span> <span class='ocrx_word' id='word_1_157' title='bbox 922 1765 953 1816; x_wconf 87' lang='lat' dir='ltr'>ct</span> <span class='ocrx_word' id='word_1_158' title='bbox 975 1757 1006 1815; x_wconf 94' lang='lat' dir='ltr'>in</span> <span class='ocrx_word' id='word_1_159' title='bbox 1033 1753 1092 1818; x_wconf 88' lang='lat' dir='ltr'>hoc</span> <span class='ocrx_word' id='word_1_160' title='bbox 1112 1779 1144 1840; x_wconf 90' lang='lat' dir='ltr'>p.</span> <span class='ocrx_word' id='word_1_161' title='bbox 1162 1755 1248 1818; x_wconf 79' lang='lat'>1028.</span> <span class='ocrx_word' id='word_1_162' title='bbox 1261 1755 1322 1816; x_wconf 68' lang='lat' dir='ltr'>do:</span> <span class='ocrx_word' id='word_1_163' title='bbox 1340 1749 1374 1820; x_wconf 67' lang='grc' dir='ltr'>εἷς</span> 
     </span>
     <span class='ocr_line' id='line_1_19' title="bbox 310 1830 1373 1980; baseline 0.004 -82"><span class='ocrx_word' id='word_1_164' title='bbox 310 1837 373 1918; x_wconf 65' lang='grc' dir='ltr'>φῆν</span> <span class='ocrx_word' id='word_1_165' title='bbox 392 1830 428 1897; x_wconf 87' lang='grc' dir='ltr'>τδ</span> <span class='ocrx_word' id='word_1_166' title='bbox 448 1832 530 1917; x_wconf 74' lang='grc' dir='ltr'><strong><em>γόνυ,</em></strong></span> <span class='ocrx_word' id='word_1_167' title='bbox 559 1859 601 1898; x_wconf 85' lang='grc' dir='ltr'>να</span> <span class='ocrx_word' id='word_1_168' title='bbox 625 1834 670 1910; x_wconf 82' lang='grc' dir='ltr'>εἰς</span> <span class='ocrx_word' id='word_1_169' title='bbox 688 1835 888 1980; x_wconf 33' lang='grc' dir='ltr'>ῙἕΤίτίιὶιιεειι]</span> <span class='ocrx_word' id='word_1_170' title='bbox 921 1835 976 1898; x_wconf 83' lang='grc' dir='ltr'><strong><em>καί</em></strong></span> <span class='ocrx_word' id='word_1_171' title='bbox 994 1833 1053 1910; x_wconf 85' lang='grc' dir='ltr'>τάς</span> <span class='ocrx_word' id='word_1_172' title='bbox 1071 1844 1184 1922; x_wconf 73' lang='grc' dir='ltr'><strong><em>χεῖρας</em></strong></span> <span class='ocrx_word' id='word_1_173' title='bbox 1203 1831 1373 1908; x_wconf 61' lang='lat' dir='ltr'>tuenda,</span> 
     </span>
     <span class='ocr_line' id='line_1_20' title="bbox 313 1911 1374 2005; baseline -0.006 -25"><span class='ocrx_word' id='word_1_174' title='bbox 313 1911 463 2002; x_wconf 70' lang='grc' dir='ltr'><strong><em>δεσπάτην</em></strong></span> <span class='ocrx_word' id='word_1_175' title='bbox 483 1939 518 1980; x_wconf 83' lang='grc' dir='ltr'>τε</span> <span class='ocrx_word' id='word_1_176' title='bbox 549 1913 649 1982; x_wconf 79' lang='grc' dir='ltr'><strong><em>σάτόν</em></strong></span> <span class='ocrx_word' id='word_1_177' title='bbox 677 1921 689 2005; x_wconf 88' lang='grc'>[</span> <span class='ocrx_word' id='word_1_178' title='bbox 714 1917 852 2002; x_wconf 77' lang='lat' dir='ltr'>etonem]</span> <span class='ocrx_word' id='word_1_179' title='bbox 879 1911 1027 1999; x_wconf 76' lang='grc' dir='ltr'>ὀνομάζει</span> <span class='ocrx_word' id='word_1_180' title='bbox 1054 1919 1111 1982; x_wconf 81' lang='grc' dir='ltr'><strong><em>καί</em></strong></span> <span class='ocrx_word' id='word_1_181' title='bbox 1131 1923 1304 2002; x_wconf 79' lang='grc' dir='ltr'><strong><em>προσκσνιῖ,</em></strong></span> <span class='ocrx_word' id='word_1_182' title='bbox 1326 1935 1374 1976; x_wconf 90' lang='lat' dir='ltr'>non</span> 
     </span>
     <span class='ocr_line' id='line_1_21' title="bbox 311 1997 1374 2101; baseline -0.004 -38"><span class='ocrx_word' id='word_1_183' title='bbox 311 1997 420 2083; x_wconf 78' lang='lat' dir='ltr'>liquet.</span> <span class='ocrx_word' id='word_1_184' title='bbox 462 2001 600 2064; x_wconf 88' lang='lat' dir='ltr'>Dubium</span> <span class='ocrx_word' id='word_1_185' title='bbox 619 2024 742 2101; x_wconf 67' lang='lat' dir='ltr'>quoquc</span> <span class='ocrx_word' id='word_1_186' title='bbox 773 1997 975 2064; x_wconf 77' lang='grc' dir='ltr'>ἐπαλλάττειν</span> <span class='ocrx_word' id='word_1_187' title='bbox 1005 1997 1062 2076; x_wconf 89' lang='grc' dir='ltr'>τάς</span> <span class='ocrx_word' id='word_1_188' title='bbox 1092 2009 1208 2083; x_wconf 79' lang='grc' dir='ltr'><strong><em>χεῖρας</em></strong></span> <span class='ocrx_word' id='word_1_189' title='bbox 1240 1997 1374 2063; x_wconf 78' lang='lat' dir='ltr'>Plutarchi</span> 
     </span>
     <span class='ocr_line' id='line_1_22' title="bbox 312 2081 1449 2168; baseline -0.003 -24"><span class='ocrx_word' id='word_1_190' title='bbox 312 2083 353 2146; x_wconf 86' lang='lat' dir='ltr'>de</span> <span class='ocrx_word' id='word_1_191' title='bbox 374 2084 513 2147; x_wconf 90' lang='lat' dir='ltr'>manibus</span> <span class='ocrx_word' id='word_1_192' title='bbox 545 2087 663 2146; x_wconf 87' lang='lat' dir='ltr'>reiectis</span> <span class='ocrx_word' id='word_1_193' title='bbox 692 2107 725 2146; x_wconf 90' lang='lat' dir='ltr'>m</span> <span class='ocrx_word' id='word_1_194' title='bbox 746 2083 889 2164; x_wconf 83' lang='lat' dir='ltr'>dorsum,</span> <span class='ocrx_word' id='word_1_195' title='bbox 910 2106 949 2144; x_wconf 90' lang='lat' dir='ltr'>an</span> <span class='ocrx_word' id='word_1_196' title='bbox 971 2105 1073 2146; x_wconf 91' lang='lat' dir='ltr'>coram</span> <span class='ocrx_word' id='word_1_197' title='bbox 1093 2091 1217 2168; x_wconf 74' lang='lat' dir='ltr'>pectore</span> <span class='ocrx_word' id='word_1_198' title='bbox 1238 2081 1375 2146; x_wconf 72' lang='lat' dir='ltr'>dmussatis</span> <span class='ocrx_word' id='word_1_199' title='bbox 1448 2085 1449 2088; x_wconf 73' lang='grc'>’</span> 
     </span>
     <span class='ocr_line' id='line_1_23' title="bbox 311 2163 1375 2252; baseline -0.003 -24"><span class='ocrx_word' id='word_1_200' title='bbox 311 2169 407 2249; x_wconf 88' lang='lat' dir='ltr'>accipi</span> <span class='ocrx_word' id='word_1_201' title='bbox 426 2167 555 2245; x_wconf 86' lang='lat' dir='ltr'>debeat,</span> <span class='ocrx_word' id='word_1_202' title='bbox 576 2170 609 2229; x_wconf 91' lang='lat' dir='ltr'>in</span> <span class='ocrx_word' id='word_1_203' title='bbox 630 2167 684 2228; x_wconf 84' lang='lat' dir='ltr'>illo</span> <span class='ocrx_word' id='word_1_204' title='bbox 702 2190 734 2250; x_wconf 91' lang='lat' dir='ltr'>p.</span> <span class='ocrx_word' id='word_1_205' title='bbox 750 2167 823 2252; x_wconf 75' lang='lat'>9²3·</span> <span class='ocrx_word' id='word_1_206' title='bbox 860 2187 904 2250; x_wconf 78' lang='lat'>¹9.</span> <span class='ocrx_word' id='word_1_207' title='bbox 928 2166 1090 2246; x_wconf 87' lang='lat' dir='ltr'>Vitarum,</span> <span class='ocrx_word' id='word_1_208' title='bbox 1124 2169 1179 2229; x_wconf 92' lang='lat' dir='ltr'>nbi</span> <span class='ocrx_word' id='word_1_209' title='bbox 1201 2169 1243 2229; x_wconf 92' lang='lat' dir='ltr'>ait</span> <span class='ocrx_word' id='word_1_210' title='bbox 1272 2163 1375 2246; x_wconf 80' lang='lat' dir='ltr'>Tigrani</span> 
     </span>
     <span class='ocr_line' id='line_1_24' title="bbox 311 2247 1375 2330; baseline 0 -20"><span class='ocrx_word' id='word_1_211' title='bbox 311 2247 455 2328; x_wconf 72' lang='grc' dir='ltr'><strong><em>ναδημέν</em></strong></span> <span class='ocrx_word' id='word_1_212' title='bbox 499 2248 556 2308; x_wconf 72' lang='grc' dir='ltr'>κατ’</span> <span class='ocrx_word' id='word_1_213' title='bbox 572 2250 800 2330; x_wconf 75' lang='grc' dir='ltr'><strong><em>χρηματίζοντι</em></strong></span> <span class='ocrx_word' id='word_1_214' title='bbox 831 2251 1058 2312; x_wconf 86' lang='lat' dir='ltr'>circumstetisse</span> <span class='ocrx_word' id='word_1_215' title='bbox 1082 2251 1237 2313; x_wconf 89' lang='lat' dir='ltr'>ministros</span> <span class='ocrx_word' id='word_1_216' title='bbox 1264 2247 1375 2327; x_wconf 68' lang='grc' dir='ltr'><strong><em>ἐπηλλα-</em></strong></span> 
     </span>
     <span class='ocr_line' id='line_1_25' title="bbox 310 2270 1377 2415; baseline -0.003 -23"><span class='ocrx_word' id='word_1_217' title='bbox 310 2331 441 2411; x_wconf 67' lang='grc' dir='ltr'><strong><em>γμέναις</em></strong></span> <span class='ocrx_word' id='word_1_218' title='bbox 455 2270 500 2392; x_wconf 65' lang='grc' dir='ltr'>δι’</span> <span class='ocrx_word' id='word_1_219' title='bbox 520 2321 665 2414; x_wconf 61' lang='lat' dir='ltr'>tusam</span> <span class='ocrx_word' id='word_1_220' title='bbox 684 2337 755 2406; x_wconf 73' lang='grc' dir='ltr'><strong><em>ταῖς</em></strong></span> <span class='ocrx_word' id='word_1_221' title='bbox 775 2331 903 2412; x_wconf 79' lang='grc' dir='ltr'><strong><em>χερσῖν,</em></strong></span> <span class='ocrx_word' id='word_1_222' title='bbox 926 2331 1011 2415; x_wconf 81' lang='lat' dir='ltr'>[puto</span> <span class='ocrx_word' id='word_1_223' title='bbox 1033 2327 1202 2404; x_wconf 87' lang='grc' dir='ltr'><strong><em>δακτάλοις</em></strong></span> <span class='ocrx_word' id='word_1_224' title='bbox 1223 2328 1377 2404; x_wconf 66' lang='lat' dir='ltr'>dimano*</span> 
     </span>
     <span class='ocr_line' id='line_1_26' title="bbox 309 2407 1376 2499; baseline -0.006 -25"><span class='ocrx_word' id='word_1_225' title='bbox 309 2425 465 2476; x_wconf 82' lang='lat' dir='ltr'>consertos</span> <span class='ocrx_word' id='word_1_226' title='bbox 494 2412 604 2496; x_wconf 80' lang='lat' dir='ltr'>digitos</span> <span class='ocrx_word' id='word_1_227' title='bbox 631 2415 775 2477; x_wconf 78' lang='lat' dir='ltr'>voluisset</span> <span class='ocrx_word' id='word_1_228' title='bbox 802 2413 1003 2499; x_wconf 60' lang='lat' dir='ltr'>significem]</span> <span class='ocrx_word' id='word_1_229' title='bbox 1039 2407 1116 2497; x_wconf 82' lang='grc' dir='ltr'><strong><em>άπερ</em></strong></span> <span class='ocrx_word' id='word_1_230' title='bbox 1137 2409 1244 2478; x_wconf 79' lang='grc' dir='ltr'><strong><em>ἐδόκει</em></strong></span> <span class='ocrx_word' id='word_1_231' title='bbox 1261 2409 1376 2492; x_wconf 82' lang='grc' dir='ltr'><strong><em>μάλιστα</em></strong></span> 
     </span>
     <span class='ocr_line' id='line_1_27' title="bbox 305 2487 1376 2578; baseline -0.005 -20"><span class='ocrx_word' id='word_1_232' title='bbox 305 2495 374 2558; x_wconf 70' lang='grc' dir='ltr'>τάν</span> <span class='ocrx_word' id='word_1_233' title='bbox 401 2489 572 2578; x_wconf 73' lang='grc' dir='ltr'>σχημάτων</span> <span class='ocrx_word' id='word_1_234' title='bbox 599 2491 820 2578; x_wconf 63' lang='grc' dir='ltr'><strong><em>ἐξομολόγησις</em></strong></span> <span class='ocrx_word' id='word_1_235' title='bbox 849 2487 930 2557; x_wconf 81' lang='grc' dir='ltr'><strong><em>εἶναι</em></strong></span> <span class='ocrx_word' id='word_1_236' title='bbox 958 2494 1112 2569; x_wconf 78' lang='grc' dir='ltr'><strong><em>δουλείας.</em></strong></span> <span class='ocrx_word' id='word_1_237' title='bbox 1172 2500 1277 2577; x_wconf 90' lang='lat' dir='ltr'>Quum</span> <span class='ocrx_word' id='word_1_238' title='bbox 1294 2507 1376 2556; x_wconf 82' lang='lat' dir='ltr'>tamen</span> 
     </span>
     <span class='ocr_line' id='line_1_28' title="bbox 311 2574 1376 2665; baseline -0.006 -25"><span class='ocrx_word' id='word_1_239' title='bbox 311 2591 442 2660; x_wconf 85' lang='lat' dir='ltr'>constet,</span> <span class='ocrx_word' id='word_1_240' title='bbox 464 2581 596 2644; x_wconf 85' lang='lat' dir='ltr'>Graecos</span> <span class='ocrx_word' id='word_1_241' title='bbox 623 2582 826 2665; x_wconf 81' lang='lat' dir='ltr'>Imperatores</span> <span class='ocrx_word' id='word_1_242' title='bbox 853 2581 969 2641; x_wconf 89' lang='lat' dir='ltr'>rituum</span> <span class='ocrx_word' id='word_1_243' title='bbox 997 2579 1108 2642; x_wconf 83' lang='lat' dir='ltr'>multos</span> <span class='ocrx_word' id='word_1_244' title='bbox 1129 2602 1166 2642; x_wconf 85' lang='lat' dir='ltr'>ex</span> <span class='ocrx_word' id='word_1_245' title='bbox 1188 2583 1306 2662; x_wconf 86' lang='lat' dir='ltr'>antiqua</span> <span class='ocrx_word' id='word_1_246' title='bbox 1322 2574 1376 2636; x_wconf 85' lang='lat' dir='ltr'>aula</span> 
     </span>
     <span class='ocr_line' id='line_1_29' title="bbox 310 2660 1377 2745; baseline -0.005 -22"><span class='ocrx_word' id='word_1_247' title='bbox 310 2661 432 2724; x_wconf 88' lang='lat' dir='ltr'>Persica</span> <span class='ocrx_word' id='word_1_248' title='bbox 461 2664 643 2742; x_wconf 87' lang='lat' dir='ltr'>adscivisse,</span> <span class='ocrx_word' id='word_1_249' title='bbox 677 2674 708 2725; x_wconf 88' lang='lat' dir='ltr'>et</span> <span class='ocrx_word' id='word_1_250' title='bbox 726 2663 832 2724; x_wconf 89' lang='lat' dir='ltr'>Graeci</span> <span class='ocrx_word' id='word_1_251' title='bbox 854 2683 992 2745; x_wconf 82' lang='lat' dir='ltr'>proceres</span> <span class='ocrx_word' id='word_1_252' title='bbox 1015 2663 1139 2724; x_wconf 92' lang='lat' dir='ltr'>domino</span> <span class='ocrx_word' id='word_1_253' title='bbox 1163 2685 1220 2726; x_wconf 92' lang='lat' dir='ltr'>suo</span> <span class='ocrx_word' id='word_1_254' title='bbox 1240 2683 1300 2724; x_wconf 93' lang='lat' dir='ltr'>non</span> <span class='ocrx_word' id='word_1_255' title='bbox 1316 2660 1377 2721; x_wconf 86' lang='lat' dir='ltr'>reie-</span> 
     </span>
     <span class='ocr_line' id='line_1_30' title="bbox 310 2741 1378 2828; baseline -0.006 -22"><span class='ocrx_word' id='word_1_256' title='bbox 310 2748 367 2806; x_wconf 86' lang='lat' dir='ltr'>ctis</span> <span class='ocrx_word' id='word_1_257' title='bbox 387 2747 419 2807; x_wconf 91' lang='lat' dir='ltr'>in</span> <span class='ocrx_word' id='word_1_258' title='bbox 439 2745 563 2808; x_wconf 89' lang='lat' dir='ltr'>dorsum</span> <span class='ocrx_word' id='word_1_259' title='bbox 591 2745 753 2821; x_wconf 89' lang='lat' dir='ltr'>manibus,</span> <span class='ocrx_word' id='word_1_260' title='bbox 784 2743 837 2808; x_wconf 87' lang='lat' dir='ltr'>sed</span> <span class='ocrx_word' id='word_1_261' title='bbox 858 2767 960 2807; x_wconf 87' lang='lat' dir='ltr'>coram</span> <span class='ocrx_word' id='word_1_262' title='bbox 978 2757 1099 2828; x_wconf 87' lang='lat' dir='ltr'>pectore</span> <span class='ocrx_word' id='word_1_263' title='bbox 1118 2747 1283 2809; x_wconf 81' lang='lat' dir='ltr'>decussatis</span> <span class='ocrx_word' id='word_1_264' title='bbox 1301 2741 1378 2804; x_wconf 88' lang='lat' dir='ltr'>adsti-</span> 
     </span>
     <span class='ocr_line' id='line_1_31' title="bbox 310 2823 1377 2906; baseline -0.003 -18"><span class='ocrx_word' id='word_1_265' title='bbox 310 2830 430 2906; x_wconf 86' lang='lat' dir='ltr'>terint,</span> <span class='ocrx_word' id='word_1_266' title='bbox 458 2832 616 2890; x_wconf 87' lang='lat' dir='ltr'>utstatim</span> <span class='ocrx_word' id='word_1_267' title='bbox 644 2828 918 2900; x_wconf 87' lang='lat' dir='ltr'>demonstrabitur,</span> <span class='ocrx_word' id='word_1_268' title='bbox 944 2839 974 2889; x_wconf 93' lang='lat' dir='ltr'>et</span> <span class='ocrx_word' id='word_1_269' title='bbox 994 2851 1013 2890; x_wconf 87' lang='lat' dir='ltr'>a</span> <span class='ocrx_word' id='word_1_270' title='bbox 1034 2831 1158 2891; x_wconf 87' lang='lat' dir='ltr'>Graecis</span> <span class='ocrx_word' id='word_1_271' title='bbox 1181 2850 1294 2891; x_wconf 89' lang='lat' dir='ltr'>morem</span> <span class='ocrx_word' id='word_1_272' title='bbox 1311 2823 1377 2886; x_wconf 82' lang='lat' dir='ltr'>bunc</span> 
     </span>
     <span class='ocr_line' id='line_1_32' title="bbox 309 2907 1379 2997; baseline 0.001 -27"><span class='ocrx_word' id='word_1_273' title='bbox 309 2913 444 2992; x_wconf 90' lang='lat' dir='ltr'>primum</span> <span class='ocrx_word' id='word_1_274' title='bbox 464 2909 678 2994; x_wconf 77' lang='lat' dir='ltr'>Langobardi,</span> <span class='ocrx_word' id='word_1_275' title='bbox 708 2911 817 2974; x_wconf 91' lang='lat' dir='ltr'>deinde</span> <span class='ocrx_word' id='word_1_276' title='bbox 879 2929 957 2994; x_wconf 86' lang='lat' dir='ltr'>oque</span> <span class='ocrx_word' id='word_1_277' title='bbox 988 2911 1107 2974; x_wconf 85' lang='lat' dir='ltr'>Turcae</span> <span class='ocrx_word' id='word_1_278' title='bbox 1126 2915 1318 2997; x_wconf 90' lang='lat' dir='ltr'>acceperint,</span> <span class='ocrx_word' id='word_1_279' title='bbox 1336 2907 1379 2987; x_wconf 72' lang='lat' dir='ltr'>qui</span> 
     </span>
     <span class='ocr_line' id='line_1_33' title="bbox 310 2989 1378 3078; baseline -0.001 -25"><span class='ocrx_word' id='word_1_280' title='bbox 310 3014 348 3053; x_wconf 86' lang='lat' dir='ltr'>eo</span> <span class='ocrx_word' id='word_1_281' title='bbox 367 2995 541 3054; x_wconf 85' lang='lat' dir='ltr'>adhucdum</span> <span class='ocrx_word' id='word_1_282' title='bbox 558 3005 711 3074; x_wconf 87' lang='lat' dir='ltr'>utuntur,</span> <span class='ocrx_word' id='word_1_283' title='bbox 732 2993 876 3056; x_wconf 85' lang='lat' dir='ltr'>credibie</span> <span class='ocrx_word' id='word_1_284' title='bbox 897 3004 958 3069; x_wconf 87' lang='lat' dir='ltr'>cst,</span> <span class='ocrx_word' id='word_1_285' title='bbox 977 2997 1101 3056; x_wconf 87' lang='lat' dir='ltr'>vetustis</span> <span class='ocrx_word' id='word_1_286' title='bbox 1121 3017 1247 3078; x_wconf 87' lang='lat' dir='ltr'>quoque</span> <span class='ocrx_word' id='word_1_287' title='bbox 1267 2989 1378 3055; x_wconf 83' lang='lat' dir='ltr'>Partho·</span> 
     </span>
     <span class='ocr_line' id='line_1_34' title="bbox 310 3071 1380 3156; baseline -0.001 -20"><span class='ocrx_word' id='word_1_288' title='bbox 310 3095 381 3136; x_wconf 91' lang='lat' dir='ltr'>rum</span> <span class='ocrx_word' id='word_1_289' title='bbox 400 3088 430 3137; x_wconf 88' lang='lat' dir='ltr'>ct</span> <span class='ocrx_word' id='word_1_290' title='bbox 450 3079 610 3138; x_wconf 85' lang='lat' dir='ltr'>Persarum</span> <span class='ocrx_word' id='word_1_291' title='bbox 638 3075 716 3138; x_wconf 87' lang='lat' dir='ltr'>aulis</span> <span class='ocrx_word' id='word_1_292' title='bbox 741 3097 812 3138; x_wconf 90' lang='lat' dir='ltr'>eum</span> <span class='ocrx_word' id='word_1_293' title='bbox 840 3075 1008 3138; x_wconf 88' lang='lat' dir='ltr'>obtinuisse</span> <span class='ocrx_word' id='word_1_294' title='bbox 1039 3099 1180 3156; x_wconf 86' lang='lat' dir='ltr'>morem,</span> <span class='ocrx_word' id='word_1_295' title='bbox 1213 3090 1250 3140; x_wconf 91' lang='lat' dir='ltr'>ut</span> <span class='ocrx_word' id='word_1_296' title='bbox 1269 3071 1380 3138; x_wconf 81' lang='lat' dir='ltr'>ministri</span> 
     </span>
     <span class='ocr_line' id='line_1_35' title="bbox 306 3152 1378 3241; baseline 0.004 -24"><span class='ocrx_word' id='word_1_297' title='bbox 306 3178 413 3218; x_wconf 90' lang='lat' dir='ltr'>ooram</span> <span class='ocrx_word' id='word_1_298' title='bbox 434 3159 555 3241; x_wconf 77' lang='lat' dir='ltr'>regibus</span> <span class='ocrx_word' id='word_1_299' title='bbox 578 3159 731 3220; x_wconf 81' lang='lat' dir='ltr'>adstarent</span> <span class='ocrx_word' id='word_1_300' title='bbox 752 3157 892 3220; x_wconf 89' lang='lat' dir='ltr'>manibus</span> <span class='ocrx_word' id='word_1_301' title='bbox 914 3159 944 3218; x_wconf 91' lang='lat' dir='ltr'>in</span> <span class='ocrx_word' id='word_1_302' title='bbox 1005 3171 1088 3222; x_wconf 90' lang='lat' dir='ltr'>ctore</span> <span class='ocrx_word' id='word_1_303' title='bbox 1109 3159 1292 3237; x_wconf 56' lang='lat' dir='ltr'>decussatim</span> <span class='ocrx_word' id='word_1_304' title='bbox 1311 3152 1378 3215; x_wconf 67' lang='lat' dir='ltr'>uude</span> 
     </span>
     <span class='ocr_line' id='line_1_36' title="bbox 308 3239 1380 3322; baseline 0.002 -23"><span class='ocrx_word' id='word_1_305' title='bbox 308 3243 465 3322; x_wconf 80' lang='lat' dir='ltr'>sequitur,</span> <span class='ocrx_word' id='word_1_306' title='bbox 500 3241 663 3302; x_wconf 87' lang='lat' dir='ltr'>dictionem</span> <span class='ocrx_word' id='word_1_307' title='bbox 683 3239 866 3318; x_wconf 77' lang='grc' dir='ltr'><strong><em>δεδεμέναις</em></strong></span> <span class='ocrx_word' id='word_1_308' title='bbox 882 3261 977 3322; x_wconf 82' lang='grc' dir='ltr'><strong><em>χερσι</em></strong></span> <span class='ocrx_word' id='word_1_309' title='bbox 997 3264 1062 3304; x_wconf 87' lang='lat' dir='ltr'>esse</span> <span class='ocrx_word' id='word_1_310' title='bbox 1082 3243 1228 3310; x_wconf 87' lang='lat' dir='ltr'>manibus</span> <span class='ocrx_word' id='word_1_311' title='bbox 1249 3245 1279 3305; x_wconf 90' lang='lat' dir='ltr'>in</span> <span class='ocrx_word' id='word_1_312' title='bbox 1299 3239 1380 3301; x_wconf 65' lang='lat' dir='ltr'>crocu</span> 
     </span>
     <span class='ocr_line' id='line_1_37' title="bbox 307 3323 1379 3408; baseline -0.001 -25"><span class='ocrx_word' id='word_1_313' title='bbox 307 3323 488 3385; x_wconf 84' lang='lat' dir='ltr'>Andreanae</span> <span class='ocrx_word' id='word_1_314' title='bbox 507 3323 636 3386; x_wconf 85' lang='lat' dir='ltr'>formam</span> <span class='ocrx_word' id='word_1_315' title='bbox 671 3324 843 3406; x_wconf 89' lang='lat' dir='ltr'>compositis</span> <span class='ocrx_word' id='word_1_316' title='bbox 874 3345 966 3405; x_wconf 87' lang='lat' dir='ltr'>super</span> <span class='ocrx_word' id='word_1_317' title='bbox 986 3337 1106 3408; x_wconf 87' lang='lat' dir='ltr'>pectore</span> <span class='ocrx_word' id='word_1_318' title='bbox 1127 3337 1222 3388; x_wconf 87' lang='lat' dir='ltr'>stare.</span> <span class='ocrx_word' id='word_1_319' title='bbox 1266 3325 1379 3386; x_wconf 74' lang='lat' dir='ltr'>Graecos</span> 
     </span>
     <span class='ocr_line' id='line_1_38' title="bbox 308 3407 1378 3490; baseline 0.008 -25"><span class='ocrx_word' id='word_1_320' title='bbox 308 3419 411 3468; x_wconf 88' lang='lat' dir='ltr'>autem</span> <span class='ocrx_word' id='word_1_321' title='bbox 429 3427 567 3488; x_wconf 81' lang='lat' dir='ltr'>proceres</span> <span class='ocrx_word' id='word_1_322' title='bbox 598 3428 701 3468; x_wconf 85' lang='lat' dir='ltr'>coram</span> <span class='ocrx_word' id='word_1_323' title='bbox 721 3408 783 3468; x_wconf 85' lang='lat' dir='ltr'>suis</span> <span class='ocrx_word' id='word_1_324' title='bbox 802 3407 1038 3490; x_wconf 85' lang='lat' dir='ltr'>Imperatoribus</span> <span class='ocrx_word' id='word_1_325' title='bbox 1064 3408 1123 3470; x_wconf 90' lang='lat' dir='ltr'>hoc</span> <span class='ocrx_word' id='word_1_326' title='bbox 1144 3409 1239 3472; x_wconf 90' lang='lat' dir='ltr'>modo</span> <span class='ocrx_word' id='word_1_327' title='bbox 1260 3407 1378 3474; x_wconf 67' lang='lat' dir='ltr'>stetissu</span> 
     </span>
     <span class='ocr_line' id='line_1_39' title="bbox 307 3487 1378 3574; baseline 0 -26"><span class='ocrx_word' id='word_1_328' title='bbox 307 3487 403 3569; x_wconf 87' lang='lat' dir='ltr'>liquet</span> <span class='ocrx_word' id='word_1_329' title='bbox 422 3511 457 3550; x_wconf 80' lang='lat' dir='ltr'>cx</span> <span class='ocrx_word' id='word_1_330' title='bbox 477 3491 605 3572; x_wconf 79' lang='lat' dir='ltr'>imagine</span> <span class='ocrx_word' id='word_1_331' title='bbox 626 3489 824 3551; x_wconf 89' lang='lat' dir='ltr'>Ceremoniali</span> <span class='ocrx_word' id='word_1_332' title='bbox 846 3501 948 3551; x_wconf 88' lang='lat' dir='ltr'>nostro</span> <span class='ocrx_word' id='word_1_333' title='bbox 971 3491 1111 3574; x_wconf 81' lang='lat' dir='ltr'>praefixa,</span> <span class='ocrx_word' id='word_1_334' title='bbox 1133 3493 1219 3553; x_wconf 90' lang='lat' dir='ltr'>unde</span> <span class='ocrx_word' id='word_1_335' title='bbox 1239 3488 1378 3568; x_wconf 78' lang='lat' dir='ltr'>intelligas,</span> 
     </span>
     <span class='ocr_line' id='line_1_40' title="bbox 306 3567 1378 3654; baseline -0.002 -23"><span class='ocrx_word' id='word_1_336' title='bbox 306 3573 381 3652; x_wconf 91' lang='lat' dir='ltr'>quid</span> <span class='ocrx_word' id='word_1_337' title='bbox 408 3573 465 3632; x_wconf 92' lang='lat' dir='ltr'>sibi</span> <span class='ocrx_word' id='word_1_338' title='bbox 495 3571 569 3634; x_wconf 86' lang='lat' dir='ltr'>velit</span> <span class='ocrx_word' id='word_1_339' title='bbox 594 3573 699 3634; x_wconf 83' lang='lat' dir='ltr'>fictum</span> <span class='ocrx_word' id='word_1_340' title='bbox 727 3594 746 3633; x_wconf 89' lang='lat' dir='ltr'>a</span> <span class='ocrx_word' id='word_1_341' title='bbox 774 3571 880 3634; x_wconf 85' lang='lat' dir='ltr'>Niceta</span> <span class='ocrx_word' id='word_1_342' title='bbox 909 3573 1092 3634; x_wconf 90' lang='lat' dir='ltr'>adiectivum</span> <span class='ocrx_word' id='word_1_343' title='bbox 1113 3569 1283 3654; x_wconf 81' lang='grc' dir='ltr'><strong><em>δεσμάχειρ</em></strong></span> <span class='ocrx_word' id='word_1_344' title='bbox 1300 3567 1378 3630; x_wconf 84' lang='lat' dir='ltr'>Isaaci</span> 
     </span>
     <span class='ocr_line' id='line_1_41' title="bbox 306 3643 1380 3738; baseline 0.005 -25"><span class='ocrx_word' id='word_1_345' title='bbox 306 3653 417 3734; x_wconf 78' lang='lat' dir='ltr'>Angeli</span> <span class='ocrx_word' id='word_1_346' title='bbox 448 3656 484 3720; x_wconf 88' lang='lat' dir='ltr'>L.</span> <span class='ocrx_word' id='word_1_347' title='bbox 500 3655 527 3714; x_wconf 91' lang='grc' dir='ltr'>Ι.</span> <span class='ocrx_word' id='word_1_348' title='bbox 549 3677 582 3738; x_wconf 84' lang='lat' dir='ltr'>p.</span> <span class='ocrx_word' id='word_1_349' title='bbox 597 3677 668 3716; x_wconf 70' lang='grc' dir='ltr'>σοι.</span> <span class='ocrx_word' id='word_1_350' title='bbox 700 3657 735 3720; x_wconf 87' lang='grc' dir='ltr'>Β.</span> <span class='ocrx_word' id='word_1_351' title='bbox 760 3666 900 3738; x_wconf 90' lang='lat' dir='ltr'>antepen.</span> <span class='ocrx_word' id='word_1_352' title='bbox 938 3656 985 3717; x_wconf 90' lang='lat' dir='ltr'>cd.</span> <span class='ocrx_word' id='word_1_353' title='bbox 1014 3657 1150 3718; x_wconf 90' lang='lat' dir='ltr'>Venet.:</span> <span class='ocrx_word' id='word_1_354' title='bbox 1191 3652 1227 3719; x_wconf 82' lang='grc' dir='ltr'>ὃν</span> <span class='ocrx_word' id='word_1_355' title='bbox 1252 3653 1327 3735; x_wconf 74' lang='grc' dir='ltr'>χθὲς</span> <span class='ocrx_word' id='word_1_356' title='bbox 1344 3643 1380 3718; x_wconf 66' lang='lat' dir='ltr'>tit</span> 
     </span>
     <span class='ocr_line' id='line_1_42' title="bbox 306 3731 1379 3834; baseline 0.007 -39"><span class='ocrx_word' id='word_1_357' title='bbox 306 3731 684 3834; x_wconf 39' lang='lat' dir='ltr'>daondrqr&#39;dsopdxsrpsg</span> <span class='ocrx_word' id='word_1_358' title='bbox 704 3731 897 3820; x_wconf 75' lang='grc' dir='ltr'><strong><em>ἐθεράπευον</em></strong></span> <span class='ocrx_word' id='word_1_359' title='bbox 913 3781 922 3814; x_wconf 90' lang='grc'><em>,</em></span> <span class='ocrx_word' id='word_1_360' title='bbox 944 3739 1055 3800; x_wconf 80' lang='grc' dir='ltr'><strong><em>τοῦτον</em></strong></span> <span class='ocrx_word' id='word_1_361' title='bbox 1075 3733 1230 3802; x_wconf 73' lang='grc' dir='ltr'><strong><em>α’θετσῦσι</em></strong></span> <span class='ocrx_word' id='word_1_362' title='bbox 1249 3731 1379 3828; x_wconf 55' lang='lat' dir='ltr'>rintorp</span> 
     </span>
     <span class='ocr_line' id='line_1_43' title="bbox 306 3815 1379 3984; baseline -0.004 -24"><span class='ocrx_word' id='word_1_363' title='bbox 306 3819 478 3960; x_wconf 58' lang='lat' dir='ltr'>iiima&#39;i‘s&#39;ss&#39;.</span> <span class='ocrx_word' id='word_1_364' title='bbox 501 3820 803 3982; x_wconf 55' lang='lat' dir='ltr'>“b&#39;&#39;{iiiffl</span> <span class='ocrx_word' id='word_1_365' title='bbox 824 3820 981 3984; x_wconf 59' lang='lat' dir='ltr'>{iffi</span> <span class='ocrx_word' id='word_1_366' title='bbox 1001 3821 1164 3966; x_wconf 55' lang='lat' dir='ltr'>&amp;titt</span> <span class='ocrx_word' id='word_1_367' title='bbox 1187 3815 1379 3964; x_wconf 61' lang='lat' dir='ltr'>&#39;iffii</span> 
     </span>
     <span class='ocr_line' id='line_1_44' title="bbox 283 3977 1376 4069; baseline 0 -27"><span class='ocrx_word' id='word_1_368' title='bbox 283 3977 386 4043; x_wconf 72' lang='lat' dir='ltr'>&#39;notit</span> <span class='ocrx_word' id='word_1_369' title='bbox 415 3982 453 4042; x_wconf 89' lang='lat' dir='ltr'>ad</span> <span class='ocrx_word' id='word_1_370' title='bbox 474 3981 606 4044; x_wconf 85' lang='lat' dir='ltr'>Paulum</span> <span class='ocrx_word' id='word_1_371' title='bbox 624 3983 858 4046; x_wconf 79' lang='lat' dir='ltr'>warnefridum</span> <span class='ocrx_word' id='word_1_372' title='bbox 894 3985 941 4066; x_wconf 83' lang='grc' dir='ltr'>(Τ.</span> <span class='ocrx_word' id='word_1_373' title='bbox 966 3987 994 4047; x_wconf 90' lang='grc' dir='ltr'>Ι.</span> <span class='ocrx_word' id='word_1_374' title='bbox 1025 3987 1137 4069; x_wconf 85' lang='lat' dir='ltr'>Script.</span> <span class='ocrx_word' id='word_1_375' title='bbox 1161 3987 1236 4048; x_wconf 83' lang='lat' dir='ltr'>Rer.</span> <span class='ocrx_word' id='word_1_376' title='bbox 1258 3977 1376 4063; x_wconf 76' lang='lat' dir='ltr'>Italic),</span> 
     </span>
     <span class='ocr_line' id='line_1_45' title="bbox 305 4067 1378 4150; baseline -0.002 -26"><span class='ocrx_word' id='word_1_377' title='bbox 305 4085 385 4146; x_wconf 89' lang='lat' dir='ltr'>quae</span> <span class='ocrx_word' id='word_1_378' title='bbox 404 4067 630 4127; x_wconf 88' lang='lat' dir='ltr'>coronationem</span> <span class='ocrx_word' id='word_1_379' title='bbox 651 4088 757 4149; x_wconf 85' lang='lat' dir='ltr'>regum</span> <span class='ocrx_word' id='word_1_380' title='bbox 779 4067 1075 4150; x_wconf 82' lang='lat' dir='ltr'>Langobardicorum</span> <span class='ocrx_word' id='word_1_381' title='bbox 1096 4069 1171 4131; x_wconf 83' lang='lat' dir='ltr'>dare</span> <span class='ocrx_word' id='word_1_382' title='bbox 1192 4069 1302 4130; x_wconf 89' lang='lat' dir='ltr'>dicitur</span> <span class='ocrx_word' id='word_1_383' title='bbox 1319 4073 1378 4124; x_wconf 87' lang='lat' dir='ltr'>eta·</span> 
     </span>
     <span class='ocr_line' id='line_1_46' title="bbox 304 4145 1378 4241; baseline 0.002 -33"><span class='ocrx_word' id='word_1_384' title='bbox 304 4145 378 4208; x_wconf 85' lang='lat' dir='ltr'>bula</span> <span class='ocrx_word' id='word_1_385' title='bbox 397 4168 566 4210; x_wconf 86' lang='lat' dir='ltr'>marmorea</span> <span class='ocrx_word' id='word_1_386' title='bbox 584 4147 729 4213; x_wconf 74' lang='lat' dir='ltr'>Basilicas</span> <span class='ocrx_word' id='word_1_387' title='bbox 749 4149 984 4241; x_wconf 63' lang='lat' dir='ltr'>Modobticdsis,</span> <span class='ocrx_word' id='word_1_388' title='bbox 1007 4153 1098 4216; x_wconf 91' lang='lat' dir='ltr'>modo</span> <span class='ocrx_word' id='word_1_389' title='bbox 1117 4173 1162 4232; x_wconf 64' lang='lat' dir='ltr'>ea,</span> <span class='ocrx_word' id='word_1_390' title='bbox 1174 4155 1248 4216; x_wconf 84' lang='lat' dir='ltr'>satis</span> <span class='ocrx_word' id='word_1_391' title='bbox 1268 4149 1378 4230; x_wconf 72' lang='lat' dir='ltr'>antiqua</span> 
     </span>
    </p>
   </div>
   <div class='ocr_carea' id='block_1_3' title="bbox 0 0 1497 4892">
    <p class='ocr_par' dir='ltr' id='par_1_3' title="bbox 0 0 1497 4892">
     <span class='ocr_line' id='line_1_47' title="bbox 0 0 1497 4892; baseline 0 0"><span class='ocrx_word' id='word_1_392' title='bbox 0 0 1497 4892; x_wconf 95' lang='lat' dir='ltr'> </span> 
     </span>
    </p>
   </div>
  </div>
 </body>
</html>
