2975 4892
359 327 438 415 7¹²
560 325 615 392 ιο.
646 323 725 394 tic.
761 325 908 390 REtsKn
936 325 1217 390 conmmanit

358 501 423 542 rem
444 499 514 540 cum
535 479 692 542 Saracenis
706 478 899 540 Cretensibus
918 477 1018 538 fnisse.
1060 479 1130 538 Non
1145 490 1241 538 tamen
1253 477 1401 538 ubstatten

359 585 470 647 porum
494 565 581 637 ratio,
602 581 812 644 quemcunque
831 561 952 622 tandem
975 562 1116 624 Basiliam
1138 573 1223 643 putes
1242 561 1293 619 bac
1309 561 1401 620 dedim-

357 651 441 707 tione
461 645 647 728 compellari,
669 647 829 728 quominus
849 655 953 705 auctor
974 648 1040 705 eius
1067 665 1335 726 paracoemomenus
1347 644 1403 701 Con

360 731 482 791 stantini
510 727 790 870 Porphprogenneti
812 727 914 804 fuerit,
934 737 970 787 ut
989 727 1082 788 finisse
1101 749 1119 788 a
1140 728 1276 788 Naudaeo
1293 725 1403 807 pebibe·

358 822 419 872 tur.
462 812 536 872 Nam
562 814 585 872 si
637 811 720 872 asilio
740 811 901 872 Macedoni
931 813 1049 870 iuvenis
1080 809 1280 872 Naumachioe
1307 830 1350 869 sua
1370 810 1404 866 in·

361 897 514 978 scripserit
531 891 655 954 Basilius
681 895 730 954 hic
752 897 917 976 patricius,
940 894 1040 974 potuit
1060 898 1160 954 senior
1180 894 1275 953 factrrs
1290 892 1404 951 Condan-

359 980 435 1055 tino,
454 979 562 1038 Leonis
583 977 665 1054 filio,
690 977 846 1038 accubitor
868 977 968 1036 finisse.
991 977 1107 1054 Quodsi
1129 987 1231 1037 autem
1252 971 1404 1035 Rasilioliul

361 1071 524 1142 ganoctono
548 1059 661 1120 librum
682 1081 772 1120 suum
792 1059 995 1136 dedicaverit,
1015 1065 1115 1141 potuit
1135 1060 1215 1141 apud
1236 1057 1347 1117 fratrem
1362 1058 1406 1115 e‘us

360 1143 592 1204 Constantinum
623 1140 805 1203 accubitoris
824 1141 925 1202 officio
946 1144 1065 1202 structus
1095 1143 1195 1203 luxisse.
1238 1140 1355 1200 Videtur
1374 1149 1405 1197 ta·

360 1247 441 1300 rnen,
467 1226 490 1284 si
512 1228 659 1306 posterius
678 1235 848 1304 statuatur,
871 1226 1068 1285 Constantino
1089 1226 1200 1286 iuniori
1218 1224 1321 1305 potius,
1341 1241 1405 1303 quan

361 1309 445 1368 fratri
467 1309 530 1367 eius
554 1329 628 1390 opus
652 1329 740 1369 suurn
762 1306 959 1390 inscripturus
979 1307 1078 1368 fuisse.
1120 1310 1311 1390 Quapropter
1333 1305 1406 1364 lectio

357 1407 427 1451 nem
448 1390 580 1450 Fabricii
600 1385 692 1451 ἔνθεν
714 1389 753 1471 δὴ
774 1386 934 1462 Βασιλεῦς
952 1389 1070 1456 πεδίον,
1098 1413 1189 1473 quam
1209 1388 1358 1472 aliquando
1374 1385 1406 1444 de

359 1473 521 1550 mnabam,
544 1473 695 1554 praeferre
711 1476 935 1534 Muratorianae
955 1493 1036 1533 nunc
1056 1495 1117 1537 non
1146 1474 1273 1548 dubito,
1293 1481 1320 1530 et
1336 1468 1406 1529 Basili

357 1555 447 1616 titulo
469 1558 700 1617 Constantinum
722 1557 872 1698 Porpbpr.
899 1558 990 1637 Imp,
1015 1557 1125 1616 Leonis
1147 1555 1267 1635 lilium,
1288 1550 1405 1635 appellari

362 1637 453 1715 Quod
477 1639 654 1700 confirmare
675 1639 796 1700 videtur
818 1638 869 1698 ila
890 1639 919 1699 in
940 1637 1126 1721 praefatione
1141 1637 1244 1698 Basilii
1265 1631 1406 1720 patriciird

359 1720 557 1782 fortissimum
571 1723 678 1783 ducem
688 1722 841 1796 allocutio,
852 1742 942 1804 quem
955 1722 1092 1803 quamvis
1105 1723 1267 1782 uberrimis
1277 1731 1305 1780 et
1317 1717 1406 1778 numnis

360 1803 533 1886 quibusque
554 1803 693 1866 laudibus
714 1804 835 1878 efferat,
861 1817 963 1864 tamen
984 1826 1045 1864 non
1063 1807 1246 1865 nominavit.
1288 1805 1345 1885 Ego
1358 1819 1405 1858 vem

360 1885 564 1968 Nicephorum
587 1889 722 1949 Phocum
754 1888 844 1948 fuisse
871 1885 975 1948 nullus
1002 1886 1120 1948 dubus.
1164 1887 1226 1947 Sed
1256 1886 1310 1945 bac
1333 1884 1364 1942 de
1385 1899 1406 1938 re

358 1969 492 2030 viderint
512 1969 574 2030 alii.
617 1972 753 2032 Ausones
775 1991 832 2052 pro
851 1971 975 2030 Graecis
991 1971 1082 2030 etiam
1104 1970 1179 2029 dixit
1198 1970 1352 2029 Nicetasin
1368 1964 1407 2022 ine

360 2053 465 2116 L.1V.
495 2073 597 2113 rcmm
628 2052 776 2114 Manuelis
808 2053 955 2113 Comneni
987 2065 1017 2113 et
1050 2055 1083 2113 in
1104 2051 1290 2132 Antbologia
1324 2051 1404 2108 Graeci

361 2133 403 2194 H.
421 2133 525 2215 Stepb.
543 2157 579 2236 p.
598 2135 668 2198 360.
689 2135 870 2218 Anonymus
900 2134 1072 2196 describens
1099 2129 1157 2214 τὴν
1186 2126 1349 2229 βασιλικρν
1366 2127 1407 2186 ult

357 2213 589 2295 natdrvrqpaemv
618 2216 652 2278 ἐν
679 2217 863 2302 Βυζαντίῳ,
889 2221 956 2295 ait,
982 2219 1025 2278 ibi
1046 2217 1159 2278 cibandi
1179 2212 1284 2296 πηγὴν
1303 2213 1407 2294 apim

357 2294 528 2358 Adoovrbov
546 2298 695 2377 νομίμων.
735 2301 855 2360 Scilicet
874 2303 945 2362 novi
962 2303 1071 2362 Graeci
1082 2313 1118 2361 ut
1131 2301 1273 2374 Romam,
1292 2298 1331 2359 sic
1345 2295 1407 2355 etiem

273 2409 280 2424 =
356 2379 488 2440 Ausones
510 2379 689 2442 affectabant
710 2403 747 2463 ap
770 2381 865 2443 ellari.

439 2462 475 2522 C.
496 2462 554 2524 ult.
580 2465 666 2548 [sou
692 2465 738 2525 18.
781 2465 812 2526 ei
821 2465 868 2544 μί
894 2468 1001 2536 siloae.
1044 2467 1089 2527 ltu
1117 2465 1325 2539 mennbranae,
1350 2476 1408 2522 nure

354 2564 432 2623 suo,
453 2566 509 2627 pro
530 2543 702 2626 ἡμιθέους,
724 2548 807 2630 quod
828 2553 859 2608 in
880 2551 996 2609 Latinis
1015 2546 1146 2609 reddidi.

439 2629 510 2691 351.
534 2629 576 2689 A.
602 2629 632 2709 4.
659 2630 747 2714 [5072
762 2629 810 2714 5.]
832 2627 978 2693 dentati.
1023 2633 1069 2691 lta
1090 2632 1296 2692 membranae.
1317 2623 1408 2687 Mallo!

355 2721 408 2770 aut
430 2706 592 2788 διπλωτᾶ,
614 2725 667 2772 aut
688 2716 787 2794 potius
814 2711 962 2790 daniticos,
983 2715 1124 2799 depilata,
1155 2727 1287 2776 retracto
1308 2717 1408 2772 acetum

438 2795 479 2854 A.
503 2795 532 2856 5.
557 2794 643 2878 [cop
664 2795 706 2879 7.]
728 2795 866 2874 χασδώυ
888 2794 1054 2877 βηλαρίου.
1097 2797 1291 2858 Vocabulum
1308 2788 1409 2873 Zmiris

353 2885 440 2936 notat
456 2877 542 2937 novis
552 2879 673 2939 Graecis
695 2893 836 2940 sacreum
851 2881 1008 2954 vellonam,
1032 2879 1118 2940 nobis
1129 2880 1275 2958 Summet,
1295 2875 1338 2939 rel
1345 2873 1409 2932 aaa

353 2957 475 3035 Plisclr,
497 2960 630 3022 deterius
644 2961 764 3026 examiti
778 2983 884 3043 genus,
896 2983 926 3022 v.
942 2965 1037 3023 Goar.
1050 2964 1088 3022 ad
1100 2964 1213 3023 Codin.
1231 2987 1259 3046 p.
1272 2963 1319 3023 60.
1339 2954 1407 3016 115⁰·

354 3041 403 3098 Du
421 3041 521 3124 Gange
537 3041 635 3104 Gloss.
648 3045 703 3104 Gr.
719 3045 753 3104 h.
769 3065 802 3104 v.
822 3045 967 3106 Occurrit
980 3047 1097 3127 saepius
1107 3048 1139 3105 in
1156 3047 1288 3118 Arsenii,
1303 3033 1409 3122 prtttt¹i

352 3121 515 3196 Elassonis,
538 3126 641 3186 ltincr.
666 3129 697 3187 in
720 3129 925 3200 Moseoviam,
947 3129 1029 3210 qrrnd
1050 3150 1147 3210 nuper
1168 3131 1281 3210 prodiit
1299 3129 1327 3186 in
1346 3121 1410 3178 Cal&-

351 3203 420 3286 logo
441 3211 714 3290 manuscriptorum
732 3209 829 3270 codd.
855 3210 935 3298 Bibl.
958 3213 1069 3292 Regiae
1087 3213 1292 3275 Taurinensis.
1311 3204 1409 3266 Videtur

349 3303 498 3368 Arabicae
519 3319 572 3368 aut
582 3308 721 3369 Persicae
743 3310 869 3390 originis
887 3329 961 3372 esse.
1010 3308 1090 3370 Sane
1115 3306 1181 3398 35,
1205 3313 1319 3379 Clausa,
1337 3315 1361 3364 et
1370 3313 1409 3386 ji,

351 3387 441 3468 Cazz,
453 3402 498 3452 est
510 3379 637 3452 siricum
650 3391 788 3452 nondum
801 3391 982 3465 laboratum,
998 3398 1176 3474 praesertim
1187 3395 1330 3476 grossius·
1340 3399 1410 3462 ‘²¹1⁰‘

349 3488 407 3529 vox
430 3494 526 3554 neque
539 3475 655 3534 Latinis
672 3475 763 3534 medii
789 3478 857 3536 aevi
877 3476 991 3558 ignota3
1006 3497 1038 3535 v.
1057 3477 1108 3537 Du
1127 3478 1230 3560 Gange
1250 3498 1282 3537 v.
1295 3472 1407 3534 Ateius

348 3550 401 3610 ubi
423 3573 440 3613 e
459 3555 564 3616 charta
584 3569 686 3618 vetere
708 3557 873 3639 Hispanica
895 3561 969 3618 citat
998 3557 1120 3634 locum,
1147 3562 1182 3620 in
1203 3580 1264 3643 quo
1281 3555 1408 3617 nnuman·
1448 3634 1449 3637 Ἴ

305 3637 316 3658 ’
350 3641 401 3692 tur
425 3637 603 3717 ignorabiles
623 3638 736 3700 multae
766 3643 878 3721 species
908 3661 1101 3723 pannorum,
1134 3643 1165 3702 in
1191 3641 1298 3725 quibus
1313 3645 1407 3719 ’μῦθός
1448 3646 1450 3713 Ι

347 3735 496 3796 agnosco,
523 3731 553 3786 et
572 3721 718 3784 hasdans
738 3715 834 3804 paene
856 3723 954 3806 solas,
976 3725 1137 3807 Barrugan
1154 3737 1186 3786 et
1201 3715 1408 3810 planewfflll·
1448 3726 1450 3801 l

346 3832 403 3886 'leis
437 3817 524 3879 Prius
546 3833 592 3882 est
608 3844 666 3884 vox
681 3821 813 3889 Arabica
832 3807 922 3910 obst,
947 3825 1118 3906 significans
1132 3845 1265 3906 pannum
1286 3817 1408 3882 rancum
1448 3832 1450 3895 ᾗ

345 3894 499 3989 colonum,
528 3899 741 3978 ἅλλᾰσσοντα,
772 3909 826 3987 qui
856 3929 913 3988 pro
941 3909 1028 3967 vario
1048 3910 1108 3969 situ
1126 3909 1228 3968 varios
1248 3902 1357 3967 luminis
1371 3914 1408 3953 m·
1448 3912 1450 3955 t

344 3975 411 4038 dios
428 3980 522 4043 oculis
540 3972 660 4068 ingerit:
676 4000 830 4050 momento
837 3990 1008 4050 mutabiles.
1032 3991 1177 4052 Plaroetae
1193 4001 1289 4050 autem
1306 3983 1407 4045 wobms
1448 4008 1449 4037 ³

345 4089 416 4174 suut
437 4087 514 4141 rosei
537 4087 653 4162 colons,
671 4087 710 4148 ab
727 4089 785 4148 wal
801 4088 850 4148 vel
869 4089 930 4150 ord
945 4101 974 4151 et
990 4091 1068 4153 orod
1085 4099 1137 4174 ὑ),
1159 4111 1237 4155 rusa.
1258 4088 1330 4146 Hinc
1343 4072 1406 4138 intel
1448 4050 1450 4135 l

343 4159 438 4242 llgfls,
469 4165 611 4246 quidsint
631 4173 748 4257 aquilae
769 4174 948 4255 episcopales
970 4173 1012 4234 do
1029 4176 1177 4262 orodonas
1192 4167 1271 4255 apud
1287 4168 1332 4228 Du
1347 4161 1407 4220 car
1448 4208 1449 4211 ,

341 4281 424 4340 grum
436 4284 465 4324 v.
476 4264 628 4326 Orodoua.
640 4269 1042 4354 Suntnempemseicolorzi.
1057 4257 1197 4356 Maraycc
1209 4269 1321 4331 videon
1330 4257 1405 4338 vll-5⁴
1448 4332 1449 4345 t
