2975 4892
317 301 404 418 478
488 265 618 395 corna.
636 269 693 394 an
721 327 862 396 oonsr.
872 326 1023 396 ronan
1036 331 1092 396 nn
1114 329 1297 397 emur.

316 483 436 630 Explere
454 485 798 644 termtipationerpdvoeir
816 483 908 545 huius
935 505 1005 628 pap¹
1019 482 1274 629 opmpendiumoip
1283 505 1369 630 Ἣ-

317 567 999 734 tidiiiliieiiimndriinidipmtfflwviodgneai,
1007 589 1073 711 usled
1093 588 1167 712 idid
1179 590 1320 733 pqdiitudd,
1338 673 1370 712 ne

316 736 442 796 omnino
456 695 533 795 nihil
553 735 701 806 dicerem,
732 755 771 794 ne
790 732 930 794 lacunam
949 696 1160 817 relinquerem
1201 735 1305 796 Sensus
1321 733 1370 795 lori

317 818 478 881 videbatur
498 818 530 878 id
550 817 649 878 saltim
670 779 766 896 fei-re,
788 819 889 876 sinon
908 813 1055 900 flagitare
1088 817 1297 898 compendium
1307 815 1370 877 iilud

317 903 372 984 qui
394 903 588 983 exprimeret,
612 911 720 984 typum
741 861 900 960 sianueurn
920 902 951 960 in
970 899 1079 961 forulis
1098 899 1248 961 habebant
1265 897 1367 961 nullum

317 983 698 1129 ἓῖἷῗιῗέῗῗῑῗῖιῖῗί
711 981 1282 1144 ,ιῗῗὲᾝιῖιΡῖΐιοῗᾉὶῗΕἱῗῗἭ
1296 991 1371 1145 ,tt

317 1151 450 1210 astaret
470 1169 490 1209 r
505 1151 623 1231 ‚eique
642 1149 855 1232 adiungeretur·
874 1147 949 1208 iliud
974 1151 1140 1247 scripturae
1158 1147 1370 1248 compendium,

317 1231 401 1313 quod
421 1230 494 1292 alias
505 1193 647 1293 librariis
655 1231 777 1292 Graecis
796 1234 1038 1292 terminationem
1058 1226 1129 1307 κὸς,
1152 1225 1211 1312 κῆ,
1231 1225 1298 1307 κᾶν,
1311 1222 1371 1300 eoi:

318 1324 376 1376 eto.
398 1314 461 1374 desi
503 1335 555 1376 are
575 1313 668 1388 solet,
692 1325 723 1374 et
741 1314 781 1374 ad
800 1315 926 1396 figuram
946 1313 1063 1375 litterae
1083 1317 1101 1390 ξ
1121 1318 1250 1397 proxime
1263 1311 1369 1373 aceedit.

316 1396 450 1457 Eadem
443 1335 551 1458 diflert
558 1398 666 1479 figura
678 1396 719 1457 ob
742 1418 834 1478 quam
854 1419 915 1457 nou
928 1409 1100 1479 perceptam
1113 1400 1145 1458 in
1161 1395 1284 1478 epistolis
1298 1397 1371 1476 igna-

318 1479 354 1538 tii
378 1479 529 1540 Thomam
552 1481 703 1541 Smithum
734 1479 860 1541 Iacobus
890 1481 1064 1541 Gronovius
1091 1482 1178 1540 initio
1203 1478 1372 1563 praefationis

318 1561 358 1621 ad
380 1561 569 1628 Herodotum
591 1583 648 1645 pro
670 1581 755 1623 more
768 1584 823 1623 suo
844 1566 941 1624 saevis
959 1563 1086 1624 modis
1077 1574 1223 1644 rncrepat.
1261 1557 1373 1620 Multum

318 1663 426 1726 nempe
446 1646 605 1728 ignorabat
633 1656 664 1707 et
694 1647 786 1708 idiota
810 1655 894 1723 erat,
916 1647 980 1744 qui
1011 1667 1073 1706 non
1100 1646 1277 1707 meminisset
1295 1661 1373 1702 πνευ-

316 1728 414 1804 μαιιξ
433 1729 514 1790 idem
535 1739 707 1812 essentque
735 1721 952 1804 πνευματικός.
993 1730 1059 1790 iam
1079 1728 1211 1791 viderint
1229 1726 1373 1800 doctiores,

317 1809 393 1890 quid
414 1829 448 1870 ex
470 1801 583 1886 ἇιιελτξ
602 1812 741 1873 efficiant.
785 1811 850 1892 Ego
871 1813 994 1894 quidem
1015 1811 1093 1873 nihil
1110 1833 1233 1893 prorsus
1251 1805 1372 1881 ertrrndo,

319 1892 474 1975 aliquanto
495 1893 617 1956 meliore
637 1897 759 1958 fortuna
779 1915 852 1953 usus
932 1915 1003 1955 oar.
1033 1895 1074 1956 D
1099 1895 1130 1956 5.
1142 1894 1225 1974 ,ubi
1243 1889 1373 1952 membra·

318 1994 377 2035 nae
400 1997 522 2080 quoque
544 1981 575 2038 in
595 1999 669 2039 voce
690 1973 847 2060 ἀνθρακιᾷ
867 1915 988 2037 iane
980 1979 1075 2082 ipsam
1095 1941 1221 2055 figdram
1248 1971 1374 2057 praeiere·

319 2054 395 2118 bant
414 2057 554 2138 ἄνθραξ,
577 2060 659 2142 quod
679 2057 762 2121 aliud
782 2078 844 2120 ease
863 2070 955 2143 atque
976 2058 1159 2145 ανθρακνξ,
1180 2059 1253 2121 mihi
1265 2069 1374 2137 nonpo-

319 2149 417 2202 teram
436 2143 625 2224 persuadere.
