2975 4892
223 326 281 394 sn
309 324 534 394 emmam.
562 323 710 397 ronan.
739 326 795 391 ns
822 326 961 394 cmm.
990 328 1064 394 nn
1092 332 1119 394 r.
1160 302 1247 407 413

159 484 306 566 rpsebnnt,
338 506 375 557 eo
395 462 456 545 dne
467 529 478 561 ,
501 504 559 565 ne,
579 482 653 545 dum
673 482 850 547 indueretur
869 483 1004 547 vestibus
1024 486 1240 569 imperialibus,

161 566 267 629 nudos
282 569 517 650 conspiceretur,
537 578 602 628 erat
623 570 760 650 gemina3
787 588 850 628 una
877 588 969 649 supra
982 567 1245 651 caputsublevotis

162 653 268 726 scutis,
301 650 395 711 altera
415 652 495 711 circa
514 672 623 733 corpus
644 654 676 711 in
710 651 816 711 orbem
836 652 945 712 dumis.
985 652 1058 712 Vid.
1074 650 1183 713 ·Vales.
1205 654 1246 714 ad

158 734 272 794 dmm.
293 730 484 817 Mareell.'p.
511 733 575 817 ¹59·
595 734 638 795 A.
658 732 728 793 fine.
771 735 819 794 De
846 735 1011 817 posteriore
1030 734 1080 794 hic
1100 734 1160 796 loci
1181 757 1246 796 ser-

161 836 216 879 mo
236 828 293 878 est.
313 816 386 877 Vid.
409 838 441 897 p.
463 814 535 899 249.
558 816 598 877 A.
611 838 652 899 ,9.
692 816 850 878 Formavit
878 816 985 877 Noster
1002 810 1105 896 χελών
1116 864 1126 894 ,
1144 817 1246 896 χελῶ-

160 918 239 1044 gpgl,
258 918 316 983 pro
334 892 467 1042 x⁸a²dm’
487 890 628 1042 χεέόνὸς.
672 898 800 963 Talibus
821 910 915 961 scatet
933 919 1032 962 novus
1039 900 1244 961 Graecismus.

231 1026 239 1045 .
483 1002 553 1045 aa.
606 1022 615 1041 .
660 1022 669 1043 .

195 1004 205 1042 ι
247 1002 355 1128 digri..
373 1062 407 1207 gd
416 1004 462 1143 111),
480 1061 543 1151 ¹5d
559 998 697 1147 popddaq
716 1060 753 1126 τὸ
784 1062 936 1146 διάδημα.
975 1061 1084 1125 Unum
1104 1062 1246 1147 idemque

163 1167 228 1209 esse
246 1142 282 1209 τὰ
319 1138 371 1209 διά
393 1167 457 1227 ημα
486 1156 517 1207 et
545 1140 601 1207 τὸν
622 1144 777 1231 στέφανον
801 1159 884 1209 extra
902 1144 1031 1208 dubium
1050 1158 1105 1208 est.
1126 1146 1244 1227 Φορεῑν

165 1230 274 1293 Graeci
294 1232 367 1291 novi
387 1250 443 1312 pro
463 1230 583 1290 induere
599 1227 656 1289 sibi
674 1241 842 1312 usurpant,
874 1241 910 1291 ut
929 1230 989 1291 alio
1007 1229 1075 1291 loco
1094 1242 1245 1292 monstra-

165 1313 210 1373 vi.
252 1313 364 1396 Liquet
381 1314 530 1397 igiturex
550 1310 703 1393 hocloco,
722 1314 921 1394 Imperatores
941 1314 1008 1374 illos
1028 1326 1143 1375 veteres
1164 1316 1245 1395 ipsos

165 1395 223 1456 sibi
250 1399 313 1457 suis
340 1396 479 1457 manibus
509 1414 651 1456 coronam
679 1394 866 1479 imperialem
899 1398 1084 1479 imposuisse.
1136 1396 1245 1479 quue

162 1476 338 1540 confirmari
357 1478 534 1540 rideaturo
556 1478 617 1539 inio
638 1476 758 1540 Seldeni
778 1478 874 1539 Titui.
896 1478 1014 1539 lionor.
1035 1500 1068 1561 p.
1097 1477 1165 1561 ¹74·
1189 1500 1245 1540 ne-

162 1564 263 1643 gantis
284 1572 356 1622 ente
374 1562 522 1621 lustinum
570 1564 686 1622 inorem
711 1564 931 1643 lmperatorum
953 1582 1042 1644 quem
1084 1582 1134 1622 arn
1154 1582 1243 1623 coro-

162 1664 235 1704 nam
256 1664 274 1705 a
295 1644 466 1727 patriarche
483 1644 542 1707 sibi
568 1646 738 1726 impositam
763 1645 935 1725 accepisse:
963 1644 1016 1706 sed
1036 1644 1124 1705 caris
1144 1646 1245 1707 verbis

162 1725 274 1788 refellit
281 1726 464 1789 Seldenums
525 1746 576 1789 ens
592 1731 688 1788 nostri
708 1727 777 1789 libri
795 1737 897 1807 caput,
911 1747 973 1809 quo
990 1725 1146 1787 coronatio
1158 1726 1244 1787 Ane-

163 1810 246 1870 stasii
267 1802 371 1872 Drdori
398 1748 589 1887 desciidiitur,
616 1821 646 1869 et
661 1831 693 1893 p.
714 1809 787 1891 245.
813 1809 855 1869 D.
880 1809 911 1876 8.
932 1810 1043 1870 dicitur
1071 1808 1243 1891 patriarcba

163 1893 229 1973 ipse
264 1893 454 1978 chlamydem
484 1891 668 1974 imperialem
706 1904 736 1955 et
773 1912 918 1953 coronam
949 1895 1135 1974 imposuisse.
1165 1890 1241 1953 vid.

162 1974 286 2057 loseph.
305 1976 441 2038 Catulan.
463 1976 503 2037 ad
525 1977 685 2060 Augustini
705 1976 832 2050 Parieti
863 1975 1016 2037 Cerimon.
1037 1973 1153 2038 Eccles-
1179 1974 1243 2035 Ro-

161 2058 713 2227 man.Bp.br?p¹.1,mmmm
756 2142 882 2236 brutum
901 2140 1243 2225 etbestainsignielm-
1297 2186 1300 2191 -

161 2236 347 2307 pecatorum.
390 2226 470 2286 Hinc
491 2227 522 2285 in
543 2228 673 2309 antiquis
692 2230 826 2289 nummis
839 2226 898 2287 boc
919 2226 1025 2286 habitu
1038 2246 1156 2307 semper
1168 2244 1243 2285 eon-

160 2310 341 2389 spicinntur.
382 2309 430 2370 lta
450 2309 784 2392 qnoqueLongobnrdi,
804 2331 839 2370 ex
861 2309 1026 2369 imitatione
1044 2310 1156 2370 veteris
1176 2328 1243 2368 mo-

160 2394 229 2468 ris,
254 2392 414 2453 Alhcinum
438 2412 534 2473 regem
554 2394 664 2455 Italrire
679 2395 764 2454 laetis
785 2394 1043 2479 occlonmtionibro
1057 2394 1241 2469 salutamen,

159 2476 245 2558 eiqroe
268 2478 407 2549 hastam,
436 2476 547 2556 insigne
570 2479 699 2557 rugium,
726 2487 946 2619 porrexerint,
977 2484 1100 2534 auctore
1118 2474 1244 2556 Sigonio

161 2554 200 2617 de
225 2578 320 2639 ,reguo
349 2557 416 2620 Ital.
447 2579 477 2639 p.
503 2556 546 2620 8.·
585 2559 676 2641 Apud
697 2560 724 2620 T
747 2560 897 2622 emistium
926 2567 1004 2617 orat.
1025 2556 1119 2618 th.:
1142 2550 1242 2632 ἐπόμ-

160 2657 256 2703 πευεν
289 2640 325 2703 ἐκ
344 2640 510 2717 βαλανείου
541 2638 575 2703 ἓν
596 2640 707 2703 ἀσπίδι
727 2638 783 2703 καί
801 2636 946 2723 δορατίῳ.
987 2639 1105 2720 inspice
1123 2650 1243 2700 veteres

160 2722 431 2784 nummosillorum
439 2734 619 2805 temporum,
635 2736 664 2785 et
673 2724 773 2807 plures
786 2734 876 2784 testes
887 2741 948 2781 non
959 2720 1154 2801 desiderubis3
1166 2742 1243 2803 quos

160 2804 187 2864 si
206 2816 307 2867 tamen
329 2806 497 2879 desideres,
529 2808 578 2867 edi
600 2812 641 2869 sis
661 2808 706 2867 P.·
718 2806 840 2867 Pithoei
854 2804 1017 2866 Adversas.
1037 2805 1074 2870 L.
1095 2805 1137 2865 11.
1157 2824 1185 2864 c.
1206 2804 1240 2866 6.

158 2906 192 2969 Ρ.
206 2888 278 2951 285.
301 2888 384 2950 edit.v
398 2890 519 2949 Gruteri
540 2890 580 2951 Τ.
603 2892 640 2951 ll.
663 2886 824 2975 Lampmdis
845 2888 984 2954 Griticee.

244 2972 429 3056 B.2.[l,11,
457 2964 721 3055 17.]εὗφημὴθη.
765 2972 927 3050 Quomodo
956 2971 988 3031 id
1008 2971 1141 3039 fectum?
1180 2967 1244 3030 Tot

158 3074 288 3117 numero
318 3054 478 3128 formulas,
514 3066 576 3115 tarn
611 3057 730 3141 longam
760 3056 928 3117 orationem
958 3053 1111 3137 quomodo
1130 3054 1243 3134 paritor

159 3158 265 3200 omnes
284 3138 410 3199 recitare
434 3148 608 3219 potuerunt,
632 3150 666 3199 ut
691 3128 949 3220 intelligerentur,
971 3134 1124 3221 quomodo
1139 3138 1172 3196 in
1191 3154 1243 3195 ea-

159 3220 230 3282 dem
250 3222 343 3283 verbe
364 3224 562 3303 conspirare?
603 3222 809 3283 Proculdubio
828 3223 884 3284 suit
904 3233 940 3283 ut
960 3222 991 3283 in
1011 3221 1134 3282 ecclesia
1159 3226 1189 3277 et
1210 3217 1243 3279 in

159 3308 260 3383 circo,
292 3307 335 3365 ita
357 3306 389 3363 in
410 3324 517 3386 campo
545 3326 665 3388 quoque
685 3315 885 3388 praecentor,
927 3309 979 3387 qui
995 3321 1243 3384 unamquamque

159 3387 283 3450 seorsim
306 3385 466 3448 formulam
488 3391 629 3449 exercitui
650 3391 780 3471 praeiret
802 3398 832 3449 et
855 3387 1033 3461 subiiceret,
1056 3404 1148 3467 qnam
1168 3382 1244 3444 reli-

157 3474 212 3553 qui
233 3472 372 3552 deinceps
401 3482 608 3551 sequerentur.
657 3470 706 3532 At‘
733 3491 877 3532 omnesne
898 3470 1029 3552 legiones
1048 3465 1158 3540 simul,
1201 3486 1242 3529 an

156 3552 298 3637 singulae
306 3553 435 3620 ‚seorsim
461 3576 522 3615 una
542 3566 610 3638 post
631 3554 756 3615 alteram
777 3554 881 3615 laudes
910 3571 994 3613 novo
1014 3551 1088 3610 dixit
1109 3549 1245 3633 lmpera·

156 3640 241 3698 tori?
282 3636 363 3697 Putb
385 3635 519 3717 quidem,
541 3658 645 3699 omnes
666 3637 756 3699 simul
776 3638 808 3697 id
828 3637 932 3697 fluisse
951 3634 1082 3717 legiones
1100 3654 1164 3695 uno
1183 3632 1244 3695 vel-

156 3732 192 3781 ut
220 3740 293 3797 ore,
330 3720 468 3781 simodo
499 3730 545 3781 tot
578 3722 704 3783 catervis
733 3734 843 3805 praeco
873 3738 953 3784 unns
975 3716 1110 3779 sufficere
1129 3718 1240 3801 potuit.

143 3802 309 3864 ¹¹Dissimus
328 3814 429 3863 tamen
451 3824 468 3864 e
489 3804 591 3865 Niceta
606 3806 834 3865 Comnenorum
854 3813 996 3885 temprme
1013 3800 1104 3866 luisse
1126 3803 1156 3863 in
1176 3821 1243 3872 mo-¹

157 3890 360 3968 repositum,
381 3896 416 3945 ut
440 3887 573 3969 singulae
589 3888 720 3969 legiones
741 3908 810 3952 sues
831 3888 955 3951 seorsim
974 3884 1076 3947 laudes
1095 3884 1243 3948 dicerent.

158 3968 236 4029 Nem
254 3972 298 4029 vilr
325 3971 384 4029 fine
405 3972 485 4031 vitoe
508 3970 796 4031 loannis-Comneiri
829 3991 859 4051 p.
891 3971 943 4031 25.
966 3970 1006 4031 A.
1033 3989 1084 4030 ι..
1117 3965 1244 4027 tissime

59 4113 70 4139 ι
157 4048 212 4113 τὸν
234 4042 405 4129 titulavit,
426 4040 557 4115 ixdoro'o
578 4054 640 4113 τῶν
658 4048 854 4138 ρργιστάνων
877 4046 958 4129 μετὰ
976 4050 1032 4132 τῆς
1053 4048 1169 4123 οἰκείοις
1187 4044 1246 4110 τά·

158 4134 232 4207 §sog
249 4131 417 4219 ,διακριδὸν
438 4134 651 4219 ἐφισταμένου
672 4137 728 4196 καί
741 4135 986 4213 clamassem
1005 4127 1060 4217 τὴν
1082 4130 1244 4213 εὕφημίαν

157 4213 199 4299 τῷ
218 4213 279 4303 νέῳ
300 4208 424 4281 ἄνακτι.
446 4238 447 4243 ’
469 4218 649 4287 Huelaudes
669 4230 758 4302 emet
776 4219 972 4302 prneombulo
993 4219 1184 4293 sacramenti,
1204 4212 1244 4275 ad

755 4517 774 4556 Ὶι
