2975 4892
157 340 213 405 sn
246 336 470 403 consular.
489 326 637 397 ronan.
666 332 721 395 na
748 330 885 396 ceam.
914 335 990 397 arn.
1023 336 1062 396 n.
1093 301 1180 419 873

98 496 239 557 CPtanac
259 494 347 553 Musa
368 493 482 573 egisse,
511 500 565 551 aut
596 490 695 572 potius
713 500 924 571 argumentum
945 489 1023 567 hoc,
1051 490 1092 553 dc
1120 511 1182 575 quo

97 598 259 663 perparum
285 578 447 645 novimus,
478 576 619 657 attigisse.
663 572 817 633 laliectarn
837 594 905 633 eam
925 574 1013 634 fuisse
1039 588 1071 635 ct
1091 594 1183 659 napu-

98 664 158 723 issc
174 664 239 721 aevi
260 662 306 719 sui
327 679 379 718 rus
400 668 490 739 snpra
510 678 616 738 nugas,
631 655 787 737 probabile
807 666 862 716 eat.
900 656 1075 736 Spectacula
1094 658 1184 720 thea-
1229 724 1234 731 ¹

96 744 187 809 tralia
208 743 336 803 edidisse
358 750 472 801 veteres
491 742 590 821 impp.
612 739 764 799 Romanos
784 740 863 799 inter
883 738 987 820 epulas
1006 761 1087 817 anas,
1109 763 1185 803 osn-

97 838 198 889 atate
225 825 375 905 Spartiani
413 824 566 883 Hadriano
592 844 622 903 p.
651 820 749 883 arn:
785 824 818 883 in
837 825 974 883 conviari)
1000 824 1183 903 tragoedias,

99 910 286 981 comoedias,
318 906 493 983 Atellanae,
515 906 684 978 sarabaras,
710 906 849 978 breona,
865 908 970 988 poetas
980 926 1040 989 pru
1058 928 1090 965 ae
1109 929 1188 968 rena·

93 1015 158 1079 per
172 992 316 1053 extribur't.
356 989 536 1052 secutorum
557 989 776 1068 Imperatorum
795 986 954 1071 plerosque
973 1009 1037 1049 non
1056 992 1188 1051 arcuisse

99 1076 164 1137 auis
189 1096 207 1134 a
235 1074 380 1135 conviviis
418 1072 549 1133 scenicas
575 1070 766 1151 voluptates,
794 1069 947 1155 colligitur
974 1094 992 1133 e
1021 1072 1189 1154 Lampridii

101 1156 277 1219 Alexandro
299 1154 433 1232 Severo,
464 1155 503 1215 de
533 1176 595 1237 quo
614 1151 666 1216 ille
693 1164 839 1236 tanquam
865 1153 1017 1237 peculiare
1044 1156 1118 1237 quid
1139 1176 1189 1217 re·

102 1240 182 1315 fert,
217 1238 299 1323 quod
324 1238 489 1323 aobrptates
522 1238 650 1298 scenicas
670 1239 702 1297 in
725 1239 865 1299 conniveo
891 1260 1040 1323 mmqrmm
1065 1239 1186 1315 lanu,

104 1324 159 1385 sed
175 1321 356 1384 mamilli
371 1322 615 1402 oblectntmfiu't,
640 1332 672 1380 ut
685 1321 779 1380 cearli
797 1341 864 1381 nnn
878 1323 1020 1405 porcellr's
1035 1322 1189 1401 luderent,

103 1420 158 1467 arat
170 1404 306 1492 perdices
329 1406 406 1465 nater
425 1426 456 1464 se
471 1416 648 1489 pugnarent.
688 1402 764 1464 Late
783 1414 864 1485 patet
883 1424 941 1465 vox
963 1404 1087 1485 θνμέλη
1107 1402 1190 1486 apud

105 1510 202 1551 novos
223 1489 365 1549 Graecos.
408 1488 476 1549 Non
496 1486 595 1549 solum
611 1485 783 1547 comoedias
801 1496 832 1547 et
850 1486 1019 1569 tragoedias
1030 1488 1190 1571 signifieat,

105 1576 191 1656 (quas
212 1573 237 1633 si
259 1592 277 1631 a
306 1568 407 1631 medio
433 1592 510 1632 aevo
530 1570 629 1631 saltim
650 1568 822 1631 tolerabiles
843 1573 1022 1653 requirimus
1042 1581 1073 1631 ct
1088 1591 1191 1654 axspac-

110 1670 237 1729 ctamus,
261 1652 401 1714 videmur
414 1654 555 1714 iniuriam
576 1651 619 1714 illi
640 1651 769 1731 facem)
790 1653 842 1714 aed
857 1656 958 1728 etiam,
978 1654 1070 1734 idque
1082 1674 1131 1713 rna
1153 1655 1190 1735 'a,

108 1740 222 1811 omnia,
245 1757 324 1820 quae
344 1735 449 1797 auditu
471 1746 666 1819 spectaturque
687 1734 837 1797 delectare
851 1746 1005 1818 poterant,
1025 1746 1061 1797 ut
1073 1676 1192 1797 Atella

106 1842 162 1883 nas
201 1842 253 1883 seu
284 1830 424 1881 centones
444 1840 462 1881 a
484 1819 659 1881 scurrilibus
679 1817 768 1879 dietis
801 1830 831 1880 at
851 1820 1013 1889 conviciis,
1045 1822 1192 1880 musicam

107 1902 245 1965 vocalem
271 1902 494 1964 instrumentali
522 1906 676 1977 iunctam,
706 1905 962 1984 petauristarum,
994 1900 1194 1963 limambulo·

107 2010 177 2049 rum
198 1986 387 2067 aliorumque
406 1998 581 2067 agyrtarum
599 1976 779 2063 θαύματα,
841 1985 900 2046 alia
919 1988 949 2045 in
971 1986 1073 2068 qsrrlaa
1092 1984 1194 2045 medio

109 2091 184 2133 aevo
205 2069 294 2131 sarissa
313 2068 486 2130 introducta
506 2080 537 2129 et
557 2090 574 2129 c
592 2088 687 2129 coena
707 2007 960 2145 Trimdbbionim
995 2090 1074 2151 quae
1092 2070 1193 2151 aequi·

109 2155 171 2216 oris
194 2154 261 2214 aevi
281 2152 396 2215 fruetus
416 2163 483 2231 est,
507 2164 537 2213 et
558 2174 574 2213 e
596 2150 669 2211 ludo
691 2150 844 2229 Gothico,
873 2154 913 2211 de
932 2172 995 2232 quo
1023 2152 1133 2212 Noster
1159 2172 1193 2233 p.

110 2256 183 2297 aaa.
202 2245 325 2312 narrat,
348 2246 474 2297 constat.
515 2236 557 2295 Et
578 2234 617 2295 de
637 2234 684 2295 bis
701 2234 814 2297 talibus
831 2234 920 2316 nugis
937 2235 1038 2316 potius
1057 2234 1108 2296 bic
1133 2231 1195 2295 loci

108 2330 184 2400 pata
198 2320 359 2379 dictionem
379 2310 551 2391 θυμελικόν
570 2338 602 2377 τι
625 2318 757 2397 πρᾶγμα
771 2319 976 2401 accipiendum
998 2340 1081 2393 ease,
1102 2338 1195 2399 quam

108 2400 149 2463 de
169 2400 354 2463 dramatibus
375 2402 514 2482 poitieis,
535 2422 658 2483 prorsus
679 2412 714 2461 ut
735 2398 884 2481 α’κρόαμα
904 2412 949 2463 eat
968 2422 1058 2463 omne
1077 2412 1197 2484 specta-

109 2483 213 2545 culum
235 2484 421 2555 exhilarans,
444 2494 478 2545 ut
498 2484 627 2545 Casaub.
646 2482 685 2545 ad
707 2484 823 2550 Athen.
846 2487 975 2545 monuit.

171 2569 210 2643 43
219 2590 245 2627 ι.
259 2568 298 2629 Α.
314 2589 383 2649 pen.
395 2566 484 2651 [744
498 2568 549 2649 p]¹
563 2572 628 2637 τοῖς
648 2563 848 2648 §apolicam
865 2565 1054 2644 βαυκαλίοις.
1074 2566 1196 2645 Quam-

109 2648 157 2710 vis
184 2653 256 2711 novi
285 2651 393 2711 Graeci
420 2650 574 2711 Romanas
603 2668 635 2711 se
665 2648 819 2730 appellent
855 2660 886 2710 et
914 2670 1025 2710 nomen
1041 2642 1197 2730 Ἑλλήνων

111 2743 148 2793 ut
171 2734 282 2794 insama
301 2733 450 2809 devitent,
475 2734 556 2813 (nam
575 2733 630 2813 qui
644 2724 776 2812 Ἕλληνα
798 2731 950 2815 quendam
969 2753 1074 2792 carrara
1090 2730 1198 2813 appel·

110 2812 211 2892 leret,
232 2819 257 2877 is
278 2816 360 2877 haud
382 2817 530 2877 minorem
552 2815 610 2875 sibi
632 2814 743 2875 saetam
762 2815 898 2877 crederet
911 2816 1080 2891 iniuriam,
1103 2836 1197 2896 quarn

110 2899 137 2957 ai
156 2898 336 2977 idololatra,
362 2900 491 2979 impius,
514 2898 601 2959 sacril
641 2918 675 2957 us
695 2897 798 2959 fuisset
817 2899 917 2959 dictus
930 2902 950 2977 ,J
975 2909 1108 2959 attamen
1133 2919 1198 2959 aer-

109 2998 231 3043 monem
251 3004 341 3042 suum
358 2976 533 3062 Ἑλληνικὸν
550 3002 626 3063 appe
649 2990 719 3054 ant,
736 2974 896 3059 Ῥωμαῖον
912 2993 1013 3042 autem
1031 2981 1195 3058 Latinum,

109 3074 141 3124 et
163 3057 337 3145 ῥωμαΐζειν
357 3064 463 3127 dicunt
482 3065 590 3125 Latine
610 3063 778 3146 loquentes.
818 3064 866 3125 lta
886 3065 1016 3126 Photius
1037 3067 1069 3123 in
1083 3064 1199 3125 Errar-

133 3150 171 3207 tis
192 3149 273 3209 vitae
293 3148 431 3229 Gregorii
451 3146 498 3209 M.
520 3169 553 3229 p.
569 3146 638 3230 760.
659 3148 718 3208 fine
737 3146 872 3229 dialogos
892 3148 955 3208 eius
975 3149 1017 3207 ait
1037 3149 1196 3221 Romana,

107 3166 171 3291 boa
200 3241 245 3290 est
264 3231 386 3309 Latina,
413 3228 515 3311 lingua
535 3229 568 3291 in
588 3250 779 3291 communem
796 3252 886 3291 usum
905 3229 1045 3291 ecclesiae
1066 3231 1199 3290 Graecae

107 3332 271 3374 conversos
301 3313 412 3374 luisse:
442 3310 610 3392 Ζαχαρίας
638 3344 679 3359 ··-
709 3308 768 3395 τὴν
795 3311 831 3375 ἐν
857 3312 898 3396 τῇ
926 3310 1088 3395 Ῥωμαϊκῇ
1115 3308 1225 3397 μόνῃ·

107 3392 351 3476 συγκλειομένην
371 3392 484 3474 γνῶσιν
503 3396 557 3455 καί
576 3390 735 3476 ὠφέλειαν
754 3392 800 3468 εἷς
819 3390 878 3475 τὴν
897 3392 1031 3455 Ἑλλάδα
1050 3396 1199 3473 γλῶσσαν

108 3469 296 3551 discalciant
325 3475 430 3538 κοινὸν
460 3472 496 3539 τὸ
525 3476 635 3555 κέρδος
664 3478 703 3559 τῇ
724 3475 888 3559 αἰκουμέιςα
910 3476 996 3561 πάσῃ
1018 3472 1199 3557 ἐποιήσατο.

108 3560 242 3640 Vigebat
260 3560 334 3620 alirn
356 3561 483 3621 Latinus
508 3582 606 3620 sermo
625 3562 656 3619 in
680 3558 751 3619 aula
770 3561 934 3643 Byzantina
959 3572 1095 3641 ternpore
1115 3560 1201 3621 Gon-

109 3644 236 3703 atantini
258 3644 316 3720 M,
336 3642 445 3705 deinde
465 3646 574 3703 sensim
595 3643 810 3720 desuescebat,
838 3642 1018 3725 quibusdam
1036 3644 1201 3725 imperato-

108 3726 216 3799 ribus,
241 3736 275 3785 ut
295 3724 435 3804 iuliano,
469 3728 587 3787 Graeco
611 3729 741 3788 ammoni
761 3729 877 3807 magia,
912 3746 1005 3807 quam
1025 3727 1134 3787 Latino
1154 3726 1201 3787 sa·

108 3808 274 3886 ventibus,
295 3813 435 3891 quamvis
455 3807 505 3869 alii
530 3818 646 3880 essent,
680 3811 732 3890 qui
753 3812 905 3869 Graecum
925 3830 1048 3889 prorsus
1071 3832 1134 3871 non
1152 3813 1202 3871 in·

107 3890 302 3973 telligerent‚
324 3902 359 3952 ut
379 3891 560 3952 Valerianus
583 3902 612 3953 et
632 3892 765 3965 Valens,
788 3892 872 3973 quod
892 3913 927 3951 cx
940 3893 1107 3955 Themistio
1127 3913 1202 3953 con·

109 3984 183 4035 stat.
227 3974 316 4035 brevi
336 3996 458 4055 prorsus
479 3975 664 4035 exolescebat
682 3976 828 4046 Latinus,
865 3986 900 4035 ut
921 3996 1040 4037 necesse
1061 3987 1137 4037 essct
1158 3975 1202 4036 le·

107 4078 182 4155 ges,
216 4078 295 4140 quae
324 4079 358 4117 cs
380 4061 506 4138 antiquo
527 4080 611 4118 inore
643 4058 868 4119 conservandae
898 4060 1045 4118 maiestati
1075 4058 1203 4118 Romani

111 4141 231 4221 imperii
255 4140 381 4201 Latinae
405 4142 671 4223 proponebantur,
704 4140 794 4202 simul
814 4160 936 4223 quoque
956 4144 1069 4203 Graece
1093 4162 1204 4221 propo·

110 4224 166 4300 ni,
189 4233 220 4285 et
240 4225 412 4306 eradonas,
435 4245 513 4309 quac
534 4224 573 4285 ad
593 4224 703 4289 milites
723 4235 753 4287 et
772 4236 910 4287 sennam
930 4247 949 4286 a
969 4246 1051 4287 novo
1071 4225 1204 4307 impera·
