2975 4892
163 346 222 411 lo
254 338 480 412 conserus.
511 340 660 407 romu.
690 342 747 405 ua
775 338 912 405 ceam
941 338 1015 405 ua.
1044 342 1071 405 r.
1106 306 1191 427 437

98 514 208 587 specto
235 512 383 579 tantum,
408 498 510 583 digitis
530 509 750 573 enuntiante,
786 510 841 561 aut
867 498 959 559 etiam
985 518 1076 583 super
1102 511 1195 584 eaput

96 590 226 672 posito,
247 586 313 647 vid.
332 586 384 644 Du
399 583 502 667 Gange
522 581 620 644 Gloss.
641 584 744 644 Latin.
766 604 799 645 v.
821 584 938 646 [mm.

164 684 238 765 ο44.
251 680 293 745 Α.
312 680 464 825 rugiae,
483 677 550 767 rr.]
572 674 652 743 καλοὶ
674 676 794 761 πάσχα.
836 684 918 760 Quia
938 680 1050 744 festum
1059 683 1194 747 Pascha·

98 772 143 831 tis
158 781 279 851 tempus
301 786 361 849 apu
402 765 593 845 Graecos‘in
611 774 675 825 toto
691 786 771 825 anno
792 763 1010 826 hilarissimum
1031 779 1096 842 est,
1122 780 1196 831 tune

96 855 183 915 enim
211 862 281 935 post
312 848 434 933 longam
461 870 480 908 a
508 848 608 909 earnis
632 868 684 909 esu
703 849 917 911 abstinentiam
949 862 1095 913 revocant
1126 874 1196 913 car·

98 958 178 1013 nes;
201 934 278 995 adeo
297 943 333 992 ut
353 935 444 993 etiam
466 932 576 993 festum
594 930 672 992 illud
710 954 755 1007 er
776 931 983 993 excellentiam
1002 926 1062 1015 τὴν
1081 926 1195 1017 ἑορτὴν

96 1030 130 1081 et
150 1011 211 1099 τὴν
231 1013 354 1097 ἡμέραν
374 1014 548 1099 appellent:
571 1014 636 1075 vid.
666 954 832 1077 Alimann.
851 1016 890 1075 ad
911 1016 1043 1097 Procop.
1067 1040 1097 1099 p.
1117 1018 1193 1094 db:

98 1100 175 1163 hinc
197 1101 311 1161 factum
334 1108 395 1173 est,
418 1108 454 1159 ut
473 1097 601 1158 hilarem
625 1120 836 1182 quemcunque
856 1100 938 1160 diem
950 1095 1069 1161 Pascha
1089 1100 1194 1183 appel-

98 1182 223 1259 tarent,
246 1193 276 1242 et
295 1176 492 1259 πασχοὶζειν,
513 1183 545 1241 in
564 1182 680 1241 hilariir
700 1204 771 1241 esse.
813 1182 888 1242 Vid.
910 1185 1004 1243 Goar.
1020 1183 1059 1243 ad
1081 1181 1191 1246 Codin.

95 1268 196 1351 p.95.
210 1286 243 1326 n.
259 1287 290 1348 9.
306 1264 381 1325 Peri
401 1264 493 1324 modo
504 1266 607 1324 Latini
621 1264 779 1325 Paschatis
799 1266 923 1325 nomine
942 1265 1007 1327 dies
1027 1266 1193 1330 dominicas

100 1360 136 1412 et
164 1348 238 1409 alios
263 1348 441 1430 praecipuos
468 1347 561 1407 sestos
590 1349 662 1406 anni
684 1347 858 1429 appellant,
892 1358 923 1408 et
943 1349 1116 1411 indumenta
1131 1373 1194 1435 pa-

97 1434 237 1503 seholr'a,
259 1430 464 1515 quaediebus
485 1430 567 1491 festis
588 1440 678 1511 atquc
699 1431 860 1491 dominicis
880 1430 1035 1510 iuduunt3
1057 1434 1119 1495 vid.
1142 1435 1193 1495 Du

96 1516 203 1599 Gange
225 1514 326 1575 Gloss.
349 1514 419 1575 Lat.
439 1535 471 1575 v.
495 1510 623 1575 Pascha.
664 1512 764 1574 Paulo
783 1526 853 1595 post
881 1514 940 1597 legi
960 1513 1071 1578 debere
1091 1512 1193 1598 εὐθή-

100 1618 203 1677 νειον,
224 1598 275 1659 vix
294 1616 405 1679 operae
422 1598 553 1679 pretium
574 1606 620 1657 est
638 1606 755 1659 notare.

186 1695 229 1757 A.
247 1692 475 1779 15.[420,13.]
495 1688 558 1773 ἔξω
586 1690 667 1775 βάλε
686 1688 741 1756 riv
762 1693 904 1776 κλέπτην.
947 1697 1031 1757 luter
1054 1696 1194 1763 solennes

163 1779 208 1845 uli
237 1776 437 1860 flagitationes
463 1776 575 1839 talibus
604 1778 814 1841 occasionibus
835 1789 865 1838 et
886 1777 960 1839 alias
978 1781 1012 1840 in
1034 1782 1115 1839 circo
1134 1804 1194 1862 pu·

123 1864 183 1923 lice
203 1862 384 1944 significatas
404 1872 471 1922 erat
492 1862 584 1923 etiam
606 1860 706 1939 baec,
727 1873 764 1923 ut
784 1860 954 1941 delatores,
982 1872 1019 1923 ut
1037 1863 1193 1943 peculato-

99 1939 169 2023 res,
192 1946 255 2006 fisci
276 1948 488 2029 sanguisugae,
507 1958 543 2005 ut
563 1948 714 2022 extranei,
736 1945 943 2027 alienigenae,
965 1948 1018 2027 qui
1034 1946 1193 2027 dignitates

99 2028 738 2194 dbffltrtltlssttt‘tl‘ttfflt’
761 2026 1195 2195 {tttltiit‘ltgt‘tsstt

98 2194 314 2276 Lampridium
333 2196 373 2255 Τ.
387 2194 412 2254 Ι.
424 2153 536 2275 Seripi.
554 2194 634 2255 llist.
651 2216 719 2276 pag.
737 2194 810 2257 525.
832 2205 906 2256 est:
928 2197 1044 2256 eaeaudi
1064 2198 1194 2278 Caesar,

97 2279 246 2339 delatoria
256 2278 301 2337 ud
312 2278 427 2339 leonem
432 2296 445 2352 ,⁶
464 2275 595 2359 pesas
610 2278 788 2338 delatoribus
807 2292 928 2355 maim,
940 2292 973 2339 ut
982 2282 1077 2339 securi
1089 2283 1189 2354 sturm,

98 2362 282 2424 dalmatas
303 2374 421 2425 menan.
440 2360 682 2423 declamationes
703 2363 735 2420 in
755 2362 894 2422 Concilio
913 2360 1097 2423 Chalcedon.
1119 2365 1194 2425 Act.

100 2446 129 2505 l.
152 2440 205 2506 sir
225 2437 397 2524 ὀρθόδοξον
410 2440 450 2526 τῇ
469 2438 592 2527 συνόδῳ
614 2444 738 2523 (seilicet
753 2444 864 2503 ‘datum
874 2448 1011 2525 cupimus
1030 2458 1085 2506 aut
1103 2449 1191 2507 resti-

98 2526 226 2603 turum),
249 2522 325 2599 τούς
346 2522 532 2597 οἷνοοενστας
553 2526 652 2601 (tubas
675 2538 708 2587 et
729 2527 809 2588 faces
829 2528 1028 2605 tumultuum)
1049 2522 1111 2605 ἔξω
1131 2525 1194 2609 βά

101 2612 162 2688 le,
196 2604 270 2681 τούς
300 2607 416 2691 φονέας
447 2600 507 2682 ἔξω
528 2604 617 2687 βάλε.
647 2610 767 2670 Passim
793 2622 960 2673 occurrunt
983 2611 1139 2693 exempla,
1166 2614 1195 2673 si

100 2694 182 2756 beoe
208 2694 357 2769 marrini,
387 2692 423 2754 in
447 2692 644 2773 scriptoribus
663 2692 807 2755 historiae
829 2693 995 2775 Augustae

186 2774 227 2837 A.
240 2776 297 2835 ult.
316 2774 405 2859 [4οο,
425 2772 489 2857 ra]
510 2779 546 2859 τῇ
569 2770 670 2837 πόλει.
709 2776 820 2837 Prodit
838 2775 898 2837 hoc
910 2778 1112 2838 Latinismum
1131 2768 1195 2851 ἔξω

101 2854 184 2937 βάλε
202 2858 239 2943 τῇ
260 2851 370 2937 πόλει,
398 2860 470 2919 εἰὶσε
508 2860 595 2933 urbe,
626 2879 684 2940 pro
702 2859 759 2938 τῆς
777 2853 930 2937 πόλεως,
972 2871 1007 2919 ut
1030 2861 1121 2921 etiam
1140 2881 1193 2921 ae-

101 2942 298 3006 clamationes
322 2940 378 3001 bas
400 2942 508 3003 Latine
528 2941 647 3021 dictas,
681 2953 712 3003 et
734 2964 754 3002 a
773 2942 868 3004 Petro
890 2942 1032 3025 deinceps
1051 2944 1192 3005 verbote-

99 3045 162 3089 nus
193 3038 224 3086 et
258 3044 359 3107 presse
379 3026 410 3084 in
435 3025 585 3086 Graecum
609 3046 781 3086 sermonem
801 3046 906 3089 versas
925 3026 1015 3089 luisse
1035 3026 1194 3109 probabile

102 3110 145 3169 sit
174 3108 310 3173 credere.
355 3103 462 3169 Saltim
491 3108 592 3169 adbuc
618 3120 686 3169 tum
715 3112 860 3191 temporis
890 3109 965 3171 CPli
995 3112 1027 3171 in
1053 3132 1193 3175 sermone

100 3192 220 3253 Graeco
239 3190 334 3253 multa
356 3202 532 3273 supererant
550 3193 675 3273 vestigia
700 3191 837 3253 coloniae
857 3194 986 3255 Latinae
1009 3193 1141 3255 militum
1160 3205 1192 3255 et

101 3276 233 3338 aliorum
255 3296 278 3420 ἒ
298 3276 496 3417 iomtantino
525 3275 572 3336 M.
596 3275 694 3336 Roma
716 3276 750 3336 in
768 3276 934 3339 Thraciam
954 3279 1133 3357 traductae3
1156 3296 1189 3339 v.

100 3358 144 3421 ad
163 3354 274 3501 pilai.-
290 3378 550 3524 [brihtwio.
591 3438 637 3503 Ut
656 3438 769 3514 τοῦπος
789 3462 848 3524 pro
868 3428 959 3514 οὗτος
979 3442 1132 3514 dicebant,
1146 3441 1187 3520 (v.

101 3522 228 3602 Malui,
250 3520 331 3606 apud
350 3546 444 3607 quem
463 3525 604 3585 omnibus
623 3544 718 3607 paene
739 3527 856 3608 paginis
877 3525 1010 3588 occurrit
1021 3526 1042 3603 ‚)
1061 3524 1104 3585 ita
1113 3521 1192 3586 rori-

101 3630 142 3689 τη
162 3628 285 3690 quoque
302 3629 361 3689 pro
381 3596 487 3687 αὕτης
507 3608 612 3669 τοῦτον
634 3628 756 3689 quoque
776 3630 832 3693 pro
852 3595 940 3667 siros
959 3607 1026 3689 lego
1047 3607 1129 3689 apud
1144 3606 1190 3669 A·

101 3692 267 3753 demeum
286 3712 320 3774 p.
334 3688 408 3771 458.
427 3702 541 3773 antep.‚
565 3690 648 3778 quod
668 3694 768 3775 ipsine
784 3692 915 3771 auctori,
936 3710 977 3755 an
998 3690 1122 3753 librario
1137 3691 1190 3753 de-

100 3774 231 3850 beatur,
253 3775 286 3835 iu
307 3770 403 3836 dubio
418 3774 571 3857 relinquo.

165 3872 472 3959 σ44.(1.οΙῒ.[4οι,
501 3872 564 3961 rm]
595 3874 814 3947 συναινέσεως.
858 3874 1028 3937 Camenam.
1069 3874 1346 3941 Eurus-Edbrlss

101 3961 167 4020 νεῖν
184 3957 278 4019 babet
297 3978 421 4041 quoque
437 3960 530 4041 Diog.
545 3960 647 4019 Lae'rt.
663 3981 695 4041 p.
715 3980 762 4020 ro.
771 3980 865 4042 segm.
883 3960 935 4021 52.
956 3958 1014 4019 ult.
1111 4006 1115 4011 .

182 4056 224 4119 D.
235 4078 267 4117 a.
283 4054 371 4141 4421,
389 4058 448 4143 rh]
470 4050 577 4141 ἁγνόν.
610 4046 641 4121 Ἀ
655 4060 737 4121 vitriis
747 4080 876 4143 paruas,
897 4072 1026 4134 οσοοοο,
1048 4060 1187 4122 sobnam.

100 4138 137 4201 ld
179 4142 293 4201 refecto
311 4152 398 4203 notat
417 4142 612 4205 vocabulum.
651 4142 711 4205 Sed
731 4146 890 4226 praecipue
911 4141 989 4205 solet
1008 4144 1187 4224 significare,

100 4231 132 4287 et
155 4160 206 4287 liic
227 4243 348 4309 quoque
370 4225 430 4299 lori
447 4237 558 4311 notat,
580 4226 620 4291 ab
640 4229 793 4311 avaritia,
817 4225 977 4311 sordibus,
997 4227 1111 4310 rapinis
1130 4248 1188 4309 pu·
