2975 4892
152 347 210 424 aa
238 344 461 412 consranr.
480 344 628 410 ronan.
655 343 709 407 nn
736 342 873 411 cmm
902 344 979 408 nm.
1007 344 1049 407 n.
1080 312 1170 429 903
1270 445 1274 455 .

644 515 661 553 τ

177 571 214 633 Β.
228 570 260 635 8.
276 570 364 658 [806‚
380 564 443 654 an]
463 566 628 653 aetatulae
638 588 670 634 a.
692 567 729 631 Id
743 578 788 632 est
804 556 915 641 οὕτως.
936 566 973 630 ln
993 565 1043 629 hia
1057 566 1176 633 denne-

89 654 149 717 bat
161 656 279 737 pagina.
320 654 425 715 Palam
440 664 500 727 eat,
522 664 623 716 secuta
643 652 717 715 olim
737 651 827 714 fuisse
906 650 1009 729 dem,
1025 673 1104 733 quae
1122 665 1177 718 out

93 758 254 819 nunquam
270 734 288 799 a
307 734 431 798 librario
448 748 566 798 exarata
593 735 725 812 fuerunt,
740 746 793 797 aut
864 755 884 795 o
903 754 974 796 casu
984 732 1176 816 oblaterant,

92 831 149 879 out
172 841 326 903 nunquam
354 818 467 902 illigata
491 818 563 881 huic
590 820 697 881 codici.
739 818 806 902 Ego
833 837 905 879 eane
927 816 1001 877 dum
1029 817 1178 883 desiderio

93 901 231 985 plurium
249 914 333 963 tento
349 902 487 963 ultimam
511 902 739 981 membranam,
760 902 845 963 cuiue
859 900 959 963 antiae
971 920 1042 982 para
1061 902 1177 966 munda

95 996 179 1060 arat,
214 988 334 1047 invenio
357 986 389 1045 in
422 987 556 1068 postico,
585 985 685 1067 ligneo
707 984 866 1046 involucro
884 981 1090 1067 agglutinata,
1112 984 1176 1047 sm·
1276 1017 1281 1026 ¹

94 1078 251 1149 ginantum
267 1067 347 1145 hoc,
362 1070 481 1129 initium
499 1068 640 1151 elegantis
657 1067 794 1150 opusculi
814 1077 845 1129 et
866 1066 968 1149 magni
985 1065 1126 1143 faciendi,
1150 1067 1178 1129 ei

95 1162 198 1211 totum
223 1161 370 1231 exstaret3
414 1151 491 1229 uod,
516 1150 647 1234 nequid
669 1152 760 1213 huius
785 1152 885 1234 operis
907 1170 962 1235 per
981 1170 1032 1211 me
1052 1152 1176 1233 periret,

97 1232 188 1316 quale
214 1236 343 1313 inveni,
362 1174 579 1295 aniiciendum
595 1234 711 1296 curavi.

178 1317 219 1377 D.
240 1339 268 1378 1.
281 1316 369 1401 [807,
388 1316 448 1399 13.]
466 1312 582 1399 Ἰωσήφ
605 1304 787 1398 innuentia.
830 1314 978 1395 Quianam
995 1315 1035 1377 rit
1052 1312 1105 1377 ilie
1122 1312 1178 1378 Io·

97 1398 173 1481 seph
196 1403 400 1481 praepositus,
427 1399 480 1481 qui
504 1399 553 1461 hic
576 1409 849 1475 commemoratur,
873 1400 1003 1480 quirent
1018 1399 1071 1483 qui
1093 1398 1180 1461 dixe·

96 1485 162 1543 rit?
203 1484 296 1545 Forte
313 1496 357 1545 est
371 1482 631 1567 IosepIrBringaa‚
643 1482 753 1563 dequo
767 1479 829 1541 vid.
846 1480 884 1541 L.
896 1482 924 1541 l.
936 1502 1005 1564 cap.
1019 1482 1074 1566 96
1114 1482 1177 1545 Sed

98 1566 210 1626 debent
232 1567 337 1627 eodem
356 1575 490 1648 tempore
517 1564 579 1625 duo
607 1564 738 1626 eunuchi
761 1562 881 1645 iosephi
896 1567 1019 1625 nomine
1050 1568 1085 1625 in
1106 1564 1179 1628 aula

98 1648 263 1730 Byzantina
286 1650 396 1725 fuisse,
425 1648 547 1731 dequo
575 1648 750 1708 videndum.
774 1647 807 1706 Si
836 1667 909 1707 vera
935 1657 981 1707 est
1006 1650 1180 1712 coniectura

99 1752 185 1805 mee,
215 1731 305 1792 debet
333 1732 425 1792 codex
455 1730 505 1791 hic
528 1730 732 1791 ceremonialis
756 1727 886 1789 multum
905 1739 1002 1790 aetate
1027 1730 1180 1791 constan·

97 1816 155 1873 tini
177 1814 458 1897 Porphyrogenneti
485 1814 610 1874 senioris
637 1824 668 1873 et
691 1813 854 1893 Nicephori
889 1810 1010 1873 Phocoe
1032 1814 1182 1895 posterior

98 1918 172 1957 esee.
213 1898 288 1958 Nam
329 1896 521 1979 reprehendit
556 1894 714 1957 mollitiem
740 1906 772 1956 et

95 1979 195 2043 anaim
221 1977 458 2065 πραιποσίτων,
483 1980 720 2065 praepositorum
739 1980 794 2041 illo
803 1916 943 2063 Ἐερὶιο
962 1980 1178 2063 posteriorum.

876 1896 960 1955 itiem
997 1896 1059 1956 τῶν
1093 1889 1178 1973 aar&
1312 1891 1319 1908 ‘
