2975 4892
214 321 271 386 tu
303 321 560 388 scemurensi
588 325 665 387 ιιο.
696 327 720 387 ι.
752 327 806 388 nn
840 323 1034 390 ennrnou.
1099 295 1178 383 521
1261 365 1266 374 .

107 475 208 541 ituro!
233 478 452 568 ὃνιφορομδνῳ
480 481 537 541 καὶ
569 477 649 564 πρὸς
676 475 736 562 τὴν
762 477 971 564 μεγαλόπολιν
998 477 1123 546 α’ποᾶντο
1142 519 1184 532 -·-

106 557 211 642 tuiti}
232 566 309 641 παρ’
338 559 434 623 αὐτοῦ
463 557 657 641 ἐμάνθανεν,
687 558 735 628 ὅτι
755 583 789 624 rr
812 559 910 626 πολῦν
929 557 1051 646 χρυσὸν
1071 563 1183 649 ἐπιφέ-

106 665 194 724 ρεται
215 640 276 706 ἀπό
292 664 385 707 τινων
402 641 614 726 εἰσπράξεων,
637 643 692 709 καὶ
719 639 768 709 ὅτι
788 642 866 730 πρὸς
884 641 938 708 τὸν
956 645 1089 708 tortura
1108 650 1184 710 τοῦ·

105 746 157 788 τον
176 723 370 802 consumier,
393 722 535 807 βιάζεται
562 729 672 790 τοῦτον
699 729 935 828 σογκοταλῦσαι
956 721 1062 814 αὐτῷ,
1084 742 1115 792 rt
1135 733 1184 794 in-

106 810 198 870 ferius
219 809 322 871 eadem
352 813 485 894 pagina:
508 807 621 882 δεδιώς
641 806 686 892 μὴ
707 812 763 872 καί
781 831 962 894 εμφρουρος
979 811 1107 892 γένηται
1128 809 1182 876 διὰ

106 883 141 950 τὰ
163 898 266 963 κεναῖς
285 893 378 970 χερσί
395 899 461 964 τοῖς
482 889 569 976 α’μφί
591 890 646 956 τὸν
673 889 837 972 βασιλικὸν
857 893 990 954 κοιτῶνα
1011 889 1165 976 ὀφθῆναι.

188 974 446 1059 C.5.[ttt‚15.]
471 973 711 1054 χαρτολομὼον.
734 978 795 1038 Diu
816 997 865 1036 rne
885 979 971 1036 torsit
980 976 1039 1038 hoc
1050 979 1184 1040 vocabu-

106 1053 183 1134 lum,
194 1068 226 1118 et
238 1057 434 1120 nihilominus
445 1071 508 1120 tam
516 1059 605 1119 fatale
615 1060 690 1121 mihi
702 1061 768 1135 fuit,
781 1071 815 1122 ut
829 1063 860 1120 iu
870 1061 1020 1120 coLatiuc
1033 1061 1186 1134 reddendo

106 1144 235 1222 turpiter
269 1163 318 1201 mc
343 1143 459 1203 darem.
501 1143 559 1203 Vix
580 1144 678 1204 audeo
698 1154 761 1204 tam
783 1163 916 1204 erassum
944 1163 1078 1204 errorem
1097 1165 1187 1206 excu-

107 1243 191 1299 sare,
214 1236 319 1284 natum
348 1247 382 1285 ex
403 1246 459 1298 eo,
491 1226 573 1307 quod
604 1247 709 1287 noram
727 1219 849 1306 χάρτης
869 1228 956 1286 novis
977 1225 1099 1286 Graccis
1119 1226 1185 1310 pie·

106 1327 235 1454 iiimqiilri
255 1309 1186 1474 ἓωὲἱξῖξέἱζωῗὸἓοῆῇἀὲονμάῑοῃῑῒιοβοοῗὲρέοορῖἳὲτῗί

108 1465 238 1552 λάβιον,
271 1493 345 1534 arua
368 1476 522 1534 chartacea
562 1494 614 1535 seu
648 1495 837 1557 pergamena.
878 1473 1044 1536 Credebam
1107 1497 1125 1534 ο
1148 1497 1186 1536 ue

107 1557 226 1633 pumice
247 1555 289 1615 sic
309 1556 397 1638 poliri
419 1578 504 1638 posse
512 1555 713 1630 membranas,
737 1569 771 1617 ut
790 1553 931 1636 γονοοτοί
948 1497 1106 1618 commoiii
1126 1499 1185 1620 3ἰοί

106 1649 237 1716 possent.
290 1639 350 1700 Sui
377 1638 482 1720 procul
512 1638 607 1700 dubio
627 1641 723 1701 aiicnn
743 1639 819 1700 haec
847 1649 928 1700 sunt.
973 1638 1185 1720 Χαρταλοὶμιο

111 1732 180 1781 nint
199 1731 306 1780 tennes
327 1713 457 1783 lamin‘ne
475 1721 526 1784 vei
548 1724 704 1800 bracteae,
724 1721 774 1782 hic
797 1721 855 1782 loci
877 1721 999 1785 ferreae.
1040 1722 1096 1782 Est
1116 1743 1187 1804 ergo

67 1822 72 1837 ·
99 1819 163 1862 ‘ror
184 1803 259 1864 haec
279 1822 340 1864 una
361 1805 400 1864 dc
419 1803 495 1880 iliis,
528 1827 607 1888 quae
626 1807 714 1866 novis
734 1807 858 1865 Graccis
877 1809 987 1866 usitato
1006 1825 1091 1866 more
1104 1825 1186 1864 com-

106 1889 258 1965 positnee
291 1887 409 1948 duabus
428 1889 507 1948 idem
536 1889 770 1971 significantibus
799 1898 958 1964 constant,
986 1907 1114 1970 quarum
1136 1909 1187 1948 ex-

107 1969 202 2050 empla
223 1969 363 2054 deinceps
396 1970 485 2031 dabo.
527 1971 638 2032 Cimrta
659 1973 789 2032 enimet
812 1971 926 2052 lumina
960 1971 1042 2032 idem
1063 1972 1187 2030 omuino

106 2051 283 2132 significant.
327 2047 482 2134 „Xoicrct
514 2067 544 2114 et
576 2048 690 2126 πλάκες
717 2055 798 2116 idern
817 2063 887 2114 sunt
901 2053 929 2128 ,''
963 2057 1007 2114 ait
1026 2053 1187 2114 Salmasius

106 2131 143 2192 Τ.
160 2137 204 2194 11.
229 2135 397 2218 Histetug.
418 2157 451 2218 p.
474 2135 545 2215 548.
567 2137 598 2196 b.
645 2137 750 2215 „Hinc
770 2139 889 2197 chartae
917 2157 1040 2214 numne,
1068 2137 1188 2196 clrartuc

101 2217 258 2297 pimbeac
270 2241 324 2300 pro
345 2219 465 2279 laminis
474 2221 571 2279 aurcis
592 2219 641 2280 vel
661 2219 837 2303 plumbeis.''
860 2219 932 2281 vid.
953 2218 984 2280 la
1003 2218 1185 2301 Diplomati-

106 2320 163 2379 que
182 2301 237 2361 des
258 2301 323 2361 Ru.
355 2303 421 2363 ΡΡ.
451 2304 641 2363 Benedictins
661 2325 694 2384 p.
706 2304 780 2387 473.
800 2314 830 2364 ct
850 2303 901 2364 Du
935 2301 1036 2380 Congu
1063 2305 1093 2362 in
1127 2302 1187 2362 fine

106 2383 225 2442 artimrli
246 2383 369 2445 Charta.
392 2385 568 2446 Anastasius
589 2389 621 2445 in
644 2387 790 2468 Gregorio
798 2387 864 2446 M.:
883 2388 915 2445 r'n
930 2385 1062 2445 Basilica
1078 2383 1113 2444 S.
1124 2385 1189 2446 Dei

103 2468 268 2544 genetricis,
292 2490 368 2552 quae
384 2469 428 2528 ad
444 2483 589 2548 martyres
610 2467 729 2543 dicitur,
746 2482 849 2529 tectum
867 2481 979 2529 vetusta
1001 2469 1115 2527 incuria
1129 2468 1183 2527 de-

104 2549 237 2610 molr'tum
246 2553 462 2634 pwgarifecit
471 2551 516 2612 nd
522 2574 635 2635 purtim
662 2553 693 2612 id
705 2563 750 2612 est
759 2563 846 2613 vetus
873 2571 962 2612 omne
974 2551 1132 2610 tectorium
1147 2549 1187 2612 nd

103 2632 182 2712 ipsos
205 2653 300 2715 usque
330 2633 443 2716 lapides
464 2555 671 2718 deruncinariH
700 2649 730 2696 et
754 2656 819 2694 cunr
837 2635 916 2694 calce
936 2633 1187 2694 abundantiarum

104 2736 151 2773 ναι
173 2714 221 2800 [id
254 2715 357 2799 estet]
386 2720 476 2778 cartis
484 2719 629 2800 plumbeis
648 2739 668 2778 a
689 2739 768 2779 now
780 2718 966 2777 restauravit.
1011 2717 1090 2774 Hinc
1110 2711 1187 2775 tino-

102 2791 265 2876 χᾰρτωσις
291 2810 336 2858 est
371 2821 448 2881 opus
475 2801 660 2877 tectorium,
685 2811 787 2860 crusta
818 2798 920 2859 calcis.
977 2799 1042 2858 Vox
1065 2791 1185 2876 λάμια,

102 2878 195 2941 altera
217 2901 286 2941 com
326 2883 440 2943 sitionis
459 2905 540 2965 pars,
549 2885 633 2944 venit
652 2903 669 2942 a
693 2885 787 2962 lama,
799 2903 890 2968 quam
912 2881 991 2942 idern
1012 2890 1188 2962 essentque

105 2963 235 3040 lumina,
247 2966 279 3023 in
295 2987 327 3024 ra
340 2965 552 3026 demonstrabo
567 2967 605 3038 nd
615 2989 649 3047 p.
659 2965 732 3045 416.
747 2967 787 3028 A.
802 2987 864 3043 100,
881 2965 934 3025 ubi
950 2965 988 3024 de
1004 2961 1189 3045 illectusque

101 3047 259 3125 productis
291 3047 381 3110 latius
400 3062 516 3132 agctur.
568 3052 678 3132 Liquet
697 3071 778 3130 ergo,
802 3039 1020 3128 χαρτολάμιον
1040 3048 1187 3128 composi·

102 3139 167 3190 turn
188 3149 255 3190 esse
275 3151 292 3190 e
312 3131 431 3192 duabus
453 3133 580 3194 vocibus
600 3135 680 3192 idem
699 3131 946 3214 significantibus.
987 3130 1058 3190 Non
1079 3129 1189 3191 desunt

102 3213 238 3296 exemplu
261 3215 293 3273 in
314 3217 432 3296 scriptis
450 3219 651 3278 recentiorum
672 3217 859 3276 Graecorum
880 3215 993 3296 pariter
1015 3225 1105 3294 atque
1127 3213 1188 3274 La·

101 3300 252 3372 tinorum,
274 3319 353 3379 quae
374 3298 599 3376 demonstrent,
621 3319 672 3360 cos
691 3302 879 3360 consuevisse
898 3297 973 3358 duas
996 3316 1082 3356 voces
1104 3294 1187 3356 idem

100 3377 1189 3526 iiiiii?'mivixiibiossmiiisGiiSiffii’viiiiuiiniiii?

101 3485 286 3627 τογέφοξα,
319 3487 794 3624 πυ(ογοκοίστελλον,Ροονειονοὶοα,
827 3545 866 3606 ab
891 3565 976 3604 arcus
995 3553 1025 3603 ct
1040 3544 1122 3604 volta
1145 3545 1188 3623 (la

100 3633 214 3705 write),
264 3649 497 3714 armacampus,
537 3653 718 3713 arvusager,
765 3627 1067 3710 caballialplramcest
1114 3647 1186 3688 nam

102 3751 140 3799 u«
160 3717 196 3779 'i
222 3728 377 3869 οἱρήαἶαο,
400 3740 446 3791 est
471 3731 624 3808 caballum
646 3725 863 3812 οαυρούλιον,
895 3727 978 3786 tibia.
1024 3724 1098 3786 Nam
1123 3739 1186 3816 μ

100 3831 113 3868 r
144 3832 162 3870 r
222 3823 268 3872 est
288 3815 314 3870 a·
330 3814 372 3871 ia.

175 3856 268 3956 '0.5.
292 3891 456 3977 [466,15.]
486 3895 643 3971 γανωτῶν.
692 3895 845 3956 Dicuntur
865 3889 1003 3972 γανοποὶ,
1034 3901 1187 3974 quaeant

101 3977 200 4056 tritu,
224 3977 407 4037 antistibus
428 3975 528 4038 malici
550 3977 720 4062 laevigata,
743 3977 837 4060 polita
857 3975 970 4036 fuerint
989 3974 1076 4041 sacta.
1110 3975 1186 4036 item

100 4071 250 4121 ναοοαεα.
293 4059 452 4121 Posterius
479 4060 529 4121 hic
548 4061 605 4122 ioci
635 4075 666 4123 et
692 4061 744 4122 ubi
763 4054 971 4142 χαρτολάμιο
987 4053 1113 4138 γανωτοὶ
1134 4079 1187 4120 οο-

100 4151 243 4219 sinunt,
263 4141 391 4204 obtinet.

182 4227 223 4287 C.
240 4249 271 4309 7.
302 4224 392 4310 [466,
423 4225 489 4310 17.]
519 4223 677 4308 οἱνάνθην.
735 4225 896 4290 Ocnantbe
916 4228 1039 4289 Graecis
1076 4221 1185 4307 draptes
