2975 4892
137 324 195 392 un
224 325 451 393 consum.
473 321 622 390 romu
650 325 704 388 nu
731 321 869 390 muru.
899 327 976 390 un.
1007 327 1048 390 ιι.
1078 295 1163 384 655
1210 341 1214 371 ι

76 481 227 542 foeminae
246 477 346 543 adhuc
365 489 507 556 utuntur,
518 475 839 562 <Hwbenappellnnt,)
858 477 933 540 olim
953 481 1165 542 sutemetiam

78 566 162 641 viri,
194 583 264 624 cum
284 560 366 644 apud
386 583 461 641 nos,
494 572 561 622 tum
581 559 673 622 etiem
692 583 710 622 e
732 562 775 622 ud
796 563 947 635 Graecos,
970 560 1070 624 medio
1089 585 1166 626 nevo

75 666 209 726 nempe,
239 645 413 706 utebantur.
469 644 654 704 Graecorum
688 581 789 706 clerici
816 655 848 705 et
876 647 1056 710 nostratium
1077 651 1165 727 pauci

74 728 203 812 quidem
223 727 322 790 cdluuc
342 727 434 788 hodie
453 725 546 809 dupla
566 737 675 809 gerunt
695 725 900 801 ramelenum,
922 749 1018 788 unum
1039 731 1166 793 interius

73 892 706 956 ιι

297 935 306 968 t
940 940 948 967 ι
1150 929 1168 944 “

73 981 158 1052 teos,
178 979 328 1060 posterius
357 977 566 1038 camae'laucnm
586 935 779 1058 simpliciler3
800 997 833 1038 v.
855 977 907 1037 Du
929 977 1031 1060 Gange
1051 917 1167 1040 νηφὲο-

74 1055 293 1140 καμιλαῦχιον
312 1079 346 1142 p.
364 1059 436 1122 501.
458 1069 489 1120 et
516 1059 705 1142 Epeudeeen.
748 1060 937 1120 Terminalis
959 1071 1061 1122 cutem
1082 1065 1168 1122 ouer>

73 1165 129 1206 um
148 1164 206 1225 pro
226 1145 346 1216 acuon,
378 1141 586 1204 camilcueriaem
614 1161 672 1225 pro
702 1144 918 1226 capillmeum,
941 1145 1056 1206 nemini
1075 1143 1167 1206 debet

74 1229 156 1290 mim
176 1225 322 1288 accidere.
364 1225 460 1307 Saepe
479 1227 676 1307 interponunt
696 1225 798 1287 Latini
817 1245 840 1286 ιι
861 1225 1031 1302 abundans,
1055 1237 1090 1288 ut
1108 1247 1167 1310 pro
1228 1226 1234 1234 '

160 1475 209 1536 De
225 1413 565 1536 aliispcamclnucioruln
577 1471 766 1554 nominibus,
785 1485 822 1536 nt
839 1495 869 1535 a.
881 1495 909 1536 c.
927 1478 1082 1557 mnino,
1102 1495 1168 1560 quo

73 1557 285 1640 Luitprandua
306 1578 341 1620 ea
362 1577 453 1642 saepe
472 1555 619 1640 appellat,
641 1557 763 1636 Graeci,
783 1558 810 1620 si
829 1556 909 1618 benc
927 1559 1062 1634 memini,
1084 1577 1168 1622 nun·

73 1662 192 1724 quam
223 1642 296 1702 item
316 1639 356 1704 de
384 1661 494 1702 eorum
558 1639 636 1700 ‘ine
657 1637 743 1722 (sunt
766 1639 933 1702 admodum
953 1643 1097 1724 antiqua,
1119 1643 1168 1704 vi·

73 1727 192 1786 dentur
222 1733 324 1792 tamen
350 1722 510 1806 aScythis
543 1743 562 1783 a
614 1720 798 1784 Macedones
826 1725 942 1807 primos
970 1724 1029 1786 sub
1043 1727 1169 1788 nominc

70 1807 209 1882 causice,
231 1805 301 1868 dein
321 1803 360 1868 ad
371 1805 504 1890 reliquos
522 1824 645 1888 quoque
655 1804 788 1867 Graecos
797 1806 997 1890 pervenisse)
1018 1827 1081 1868 non
1093 1827 1168 1868 con-

72 1891 161 1953 stitui
192 1888 243 1950 hic
270 1889 435 1966 disserere;
491 1885 572 1973 *lde
599 1887 785 1952 camelaucic
814 1889 859 1950 lm
934 1901 1055 1970 torum,
1083 1891 1169 1974 quod

73 1971 238 2057 pontifices
258 1972 368 2036 imitati
396 1981 490 2050 sunt,
521 1970 586 2031 vid.
620 1972 672 2033 Du
693 1971 846 2034 Fresnea
889 1971 1019 2036 loinvill.
1041 1993 1073 2054 p.
1095 1993 1173 2058 291.

71 2057 226 2118 Altescrr.
256 2055 296 2116 ad
314 2057 455 2118 Anastas.
474 2075 508 2138 p.
567 2049 637 2151 .;]*
664 2075 763 2138 neque
788 2052 827 2115 de
853 2055 1104 2118 camelaucicrum
1119 2055 1168 2118 di·

72 2143 223 2202 versitate
242 2139 355 2202 diversi
375 2136 490 2200 ordinis
510 2139 542 2200 in
563 2158 642 2217 ιοιο,
664 2149 699 2198 ut
719 2147 791 2200 suut
809 2137 921 2200 diversi
942 2138 1061 2200 tulbani
1084 2139 1167 2221 apud

71 2224 208 2302 Turres,
222 2233 265 2283 ut
278 2225 388 2306 cuique
408 2225 490 2282 vitoe
531 2223 614 2282 eneri
635 2221 703 2297 sui,
726 2239 805 2303 quos
824 2223 915 2284 etiam
936 2222 1168 2306 disemosnpud

73 2307 211 2368 Graecos
232 2305 325 2367 luisse
344 2314 499 2368 constnte
545 2305 621 2365 iceta
639 2325 672 2388 p.
694 2303 763 2383 rin.
779 2305 820 2365 D.
836 2325 869 2389 9.
909 2304 1047 2368 Procedo
1065 2307 1168 2389 potins

72 2391 115 2452 ad
139 2387 360 2472 polyeendela,
394 2408 472 2471 quae
491 2409 527 2450 ex
555 2408 613 2461 co,
641 2386 724 2471 quod
742 2387 852 2450 similia
869 2388 953 2450 vittis
972 2411 1008 2452 es
1028 2391 1093 2467 itis,
1113 2408 1167 2451 ea·
1252 2396 1254 2400 ’

72 2471 235 2535 melanciis
255 2473 370 2551 dictis,
399 2481 515 2548 essent,
538 2491 643 2532 eorum
670 2473 795 2532 nomine
813 2483 973 2534 venerunt.
1042 2493 1083 2534 cn
1100 2493 1166 2536 rne·

70 2556 135 2619 lius
156 2555 315 2639 apparebit
334 2553 494 2616 amborum
515 2553 701 2632 similitudo,
722 2554 890 2636 pharorum
908 2552 1102 2616 circularium
1117 2557 1167 2618 in-

70 2661 172 2724 quam
192 2660 247 2700 seu
267 2659 450 2700 coronarum
474 2635 578 2698 multis
607 2637 739 2698 lucernis
759 2647 791 2698 et
811 2641 904 2700 cereis
925 2638 1166 2700 illuminatarum

70 2746 150 2786 cum
170 2724 253 2785 vittis
273 2723 385 2784 conicis
408 2721 634 2797 convenientia,
656 2721 793 2802 quamsi
813 2721 891 2782 Τιὼ.
907 2721 958 2783 ι6.
978 2732 1074 2806 etnp.
1093 2723 1165 2783 Mo-
1258 2733 1263 2738 '

69 2817 217 2869 nument.
236 2817 372 2868 vetemus
385 2805 533 2889 Cicmpini
554 2804 703 2886 inspicias,
726 2801 781 2865 ubi
801 2825 930 2865 coronae
948 2803 1007 2865 hae
1026 2825 1044 2866 c
1065 2824 1165 2865 coma·

70 2895 115 2953 ris
157 2888 350 2952 eeclesiarum
374 2888 576 2972 dependentes
608 2907 678 2948 curn
711 2889 826 2948 catenis
846 2887 885 2948 nd
905 2891 1000 2950 instar
1020 2887 1165 2971 trianguli

68 2974 260 3058 aequicrurii
289 2975 322 3034 in
341 2993 461 3034 summo
482 2971 732 3054 conserpentibus
764 2982 866 3032 macte
892 2972 1026 3033 referunt
1052 2991 1165 3034 conum
1273 3013 1288 3062 ,ι

68 3056 215 3120 sacchar-i
235 3067 288 3118 aut
303 3056 448 3118 bonetum
479 3055 669 3138 cuspidatum
689 3053 738 3116 vel
759 3053 874 3136 pileum
893 3058 1061 3117 nauticum.
1104 3055 1166 3115 Su-

69 3150 180 3225 perest
206 3139 306 3202 adhuc
336 3141 429 3202 moris
455 3141 571 3221 antiqui
606 3137 679 3200 talia
707 3135 890 3199 camelaucia
910 3137 1113 3200 illuminantia
1132 3140 1190 3207 in,

69 3225 213 3288 ecclesiis
231 3224 433 3304 suspendendi
453 3223 668 3284 documentum
704 3222 735 3282 in
746 3277 753 3295 ,
765 3221 888 3284 busilicn
929 3221 1166 3305 Aquisgranusi

69 3331 89 3370 a
111 3304 230 3370 Carolo
262 3307 308 3368 M.
339 3307 481 3385 condita,
511 3327 623 3368 corona
644 3305 696 3384 (sic
717 3307 798 3366 enim
819 3304 931 3388 pharus
948 3305 1017 3366 illos
1036 3302 1165 3388 pensiles

69 3389 263 3475 lychniferos
282 3389 485 3473 appellabant,
507 3389 589 3450 unde
609 3410 665 3450 nos
684 3399 802 3449 retento
813 3387 1166 3449 nomineKronenlenels·

68 3491 118 3538 ter
138 3473 295 3551 dicimus)
315 3493 378 3534 non
399 3493 513 3551 aures,
534 3491 633 3554 neque
661 3470 808 3532 nCarnlc
827 3473 872 3532 Μ.
893 3481 1018 3554 gestata,
1042 3480 1078 3530 ut
1096 3467 1165 3531 vul·
1204 3489 1208 3496 ’

68 3581 130 3702 glps
158 3555 391 3700 autumcast,msed
404 3557 526 3700 {frmi
544 3555 676 3700 ιοὲἓιὲιίι
686 3555 839 3698 ‘vogatium
858 3552 1166 3698 lloemiffioeloeffi

68 3660 361 3702 summersae.
436 3652 579 3700 mune
636 3661 666 3698 m
859 3657 986 3700 siccem
1073 3657 1091 3698 e

69 3744 193 3788 corona
225 3719 412 3804 Eginhsrtus
434 3725 468 3784 in
500 3721 571 3784 Vita
600 3719 704 3782 Caroli
720 3713 796 3798 1Μ.,
818 3681 866 3781 ’in
889 3720 1027 3800 margine
1052 3717 1166 3804 [idest

68 3808 192 3870 cantho
223 3827 276 3868 seu
298 3807 359 3865 imo
380 3805 442 3866 lato
462 3803 576 3866 circulo
609 3801 725 3886 ferreo]
755 3825 899 3877 coronae,
921 3825 998 3890 quae
1020 3804 1165 3865 intersu-

63 3884 1168 4054 uersuuufflutut,manutenete

69 4059 104 4119 in
119 4053 230 4119 oculos
251 4055 439 4115 incurrerent
454 4061 494 4114 et'
506 4053 651 4136 aquosis
670 4054 828 4116 commode
838 4052 897 4136 legi
917 4064 1038 4136 possent
1046 4050 1074 4136 ,]
1093 4051 1166 4111 scri·

63 4157 159 4226 perum
188 4140 360 4216 continens,
384 4137 450 4222 ques
476 4149 549 4197 esset
580 4149 683 4197 armtor
703 4137 832 4201 eimdem
848 4137 961 4222 teuspli.
1012 4137 1166 4217 Ectyputn

67 4243 146 4306 aere
162 4241 340 4306 expressum
360 4219 452 4284 huius
466 4240 602 4298 ,coronae
614 4240 667 4304 per
687 4219 848 4288 intervella
867 4222 998 4286 turrium
1019 4229 1050 4284 et
1070 4215 1165 4281 eccle·
