2975 4892
191 295 250 363 su
272 295 494 363 consuetu.
510 293 661 361 roasa
689 298 744 362 ns
762 297 898 364 maru.
924 301 999 366 ιιι.
1019 303 1060 366 u.
1123 275 1211 361 605

135 468 262 531 verbum
284 483 355 548 π’,
375 466 458 551 rud
484 467 607 551 urorrie
634 477 681 528 ee
706 461 820 552 ὁρμεῖν,
841 489 944 547 neu,
967 463 1041 546 se>
1062 471 1215 542 Arabihoe

136 563 167 613 et
200 553 320 614 desilire
339 563 370 613 et
395 550 527 611 desidere
560 549 694 614 notabat.
734 551 814 612 Hinc
835 563 908 616 nota
931 551 983 614 illa
1006 561 1216 636 grammatico-

135 656 201 695 rum
217 634 327 696 sabella
353 633 434 716 apud
453 633 621 693 Pocokinm
649 633 778 715 Specim.
807 635 887 696 Hist.
915 634 1012 697 Arab.
1039 659 1071 720 p.
1086 639 1152 701 151.
1175 641 1215 702 de

134 717 235 779 Arabe
262 717 394 800 quodam
416 717 592 799 provinciae
619 718 719 778 nescio
737 718 844 792 cuius,
873 719 1012 780 veniente
1046 721 1086 782 ad
1114 743 1215 805 regem

133 814 380 877 Romaiu-iturum.
443 815 543 892 Quem
572 836 642 876 curu
666 836 717 876 rex
738 815 833 876 verbo
859 807 917 874 Α
938 837 992 878 sna
1019 817 1213 884 Homeiritioa

133 897 257 960 dialecto
274 897 564 975 massilenjuberet,
586 897 677 959 bomo
689 898 837 980 accipiens
849 898 977 959 verbnm
998 899 1124 962 dialecto
1142 925 1213 966 suae

153 983 323 1060 rorinciae,
345 981 499 1042 desiliebat
507 982 537 1040 in
553 982 760 1064 praecipitium
773 991 803 1042 et
817 983 947 1042 cervices
963 981 1020 1044 sibi
1040 985 1211 1066 rumpebat.

131 1002 165 1124 in
183 1065 287 1126 multis
309 1083 430 1148 quoque
448 1063 552 1124 Nostri
573 1063 647 1124 locis
665 1065 758 1146 possit
775 1059 942 1124 κελεύσατε
963 1065 1048 1126 reddi
1067 1069 1212 1132 celeusma

131 1147 203 1207 aaa
216 1169 270 1208 scu
286 1148 486 1223 conclamate,
514 1156 550 1206 ut
564 1167 595 1230 p.
616 1147 683 1207 153.
701 1148 741 1208 D.
762 1169 810 1230 7.,
835 1147 889 1207 nbi
905 1167 1043 1229 proceres
1066 1149 1212 1218 admoniti

131 1229 257 1291 lormrxla
278 1225 448 1290 κελεύσατε
467 1229 611 1290 (λίσσεται
632 1225 827 1307 ἐπεύχεσθαι
840 1227 885 1300 εἰς
905 1225 1039 1302 πολλούς
1058 1227 1113 1292 κατ’
1132 1229 1211 1312 clyn-

130 1307 205 1384 θσύς
222 1306 359 1394 χρύνσας
378 1305 434 1371 κατ’
451 1307 650 1391 ἔξέρχεσθαε.
691 1311 733 1374 Et
753 1312 922 1393 saepissime
937 1309 1018 1395 legas
1043 1312 1101 1374 boc
1116 1317 1146 1374 in
1172 1315 1210 1377 li-

129 1392 183 1454 bxo
203 1405 322 1456 secutas
340 1393 502 1476 praepositi
526 1392 687 1455 lox-mulam
712 1391 875 1455 κελεύσατε
903 1395 1130 1458 acclamationes
1153 1419 1209 1480 pa-

130 1485 207 1537 trum
232 1479 495 1561 conscriptorum,
524 1487 561 1536 nt
584 1478 772 1559 praepositus
804 1497 910 1537 corum
932 1477 1078 1550 celeuma,
1113 1483 1210 1562 porti-

130 1559 235 1638 sculus,
246 1572 278 1622 et
296 1559 372 1621 haec
389 1558 520 1620 formula
542 1561 677 1641 ipsorum
698 1558 869 1628 celeusma,
887 1558 1036 1636 hortatio,
1060 1561 1149 1624 luisse
1162 1567 1209 1623 ri-

129 1639 236 1706 deatur.
278 1641 327 1704 Ut
351 1641 473 1705 redeam
500 1639 540 1702 ad
564 1653 702 1702 nostrum
722 1639 897 1718 κελεύσατε,
917 1643 1023 1703 videor
1043 1642 1117 1704 mibi
1148 1645 1208 1708 iam

129 1723 204 1805 apud
229 1725 410 1809 Euripidem
439 1721 519 1786 banc
550 1724 636 1785 verbi
664 1718 801 1784 κελεύειν
833 1723 1097 1806 significationem,
1130 1728 1208 1789 velle

128 1817 217 1887 puta,
235 1809 424 1872 observasse.
473 1807 523 1868 Sic
540 1807 656 1890 accipio
671 1826 704 1866 v.
721 1803 792 1870 881.
832 1805 924 1868 Rhesi
949 1817 979 1868 ct
1000 1827 1031 1868 r.
1046 1810 1120 1892 49¹·
1144 1809 1207 1872 lle·

128 1889 318 1954 radidarum.
366 1888 505 1951 Tandem
531 1887 590 1950 boc
620 1888 826 1962 monendum,
853 1887 957 1950 deesse
976 1887 1029 1952 ,hic
1054 1889 1111 1950 loci
1139 1903 1206 1972 post

128 1969 293 2034 κελεύσατε
324 1972 400 2036 baec
419 1973 481 2033 dno
496 1970 553 2033 καί
573 1968 791 2051 εἰσέρχονται,
812 1971 940 2055 quaein
961 1973 1076 2033 Latinis
1087 1973 1207 2058 supple·

128 2055 168 2113 vi
214 2056 357 2118 Lacunae
381 2067 483 2118 tamen
525 2056 685 2139 vestigium
711 2056 744 2116 iu
784 2053 968 2115 membranis
1006 2053 1125 2117 nudum
1153 2079 1207 2141 ap-

233 2150 257 2199 t.

130 2135 237 2282 We}
254 2219 289 2302 4
308 2209 395 2307 [5ύ3,
413 2218 475 2303 15.]
497 2213 684 2300 ταγηνύρισν
712 2215 820 2298 βῆλσν.
863 2217 939 2281 Vela
949 2222 1101 2304 tagenaria
1121 2231 1205 2300 sunt,

128 2299 229 2381 quibus
250 2305 356 2366 intexti
373 2315 535 2387 attagenem
577 2300 722 2363 Sciebant
738 2303 819 2362 enim
834 2301 946 2364 aulacis
971 2306 1072 2364 variae
1093 2301 1207 2388 figssras

128 2380 297 2464 bominum,
321 2387 472 2459 ferarum,
509 2386 632 2456 arium,
654 2386 812 2467 regionum
840 2383 1029 2468 aliorumque
1056 2387 1146 2448 intexi
1175 2399 1206 2449 et

128 2464 163 2525 ab
181 2469 299 2531 intextis
320 2469 476 2552 appellari.
517 2465 566 2526 Sic
589 2469 714 2538 ταῶνας
731 2464 925 2548 appellabant
945 2489 1061 2550 pannos
1079 2472 1206 2534 intextos

127 2551 314 2688 pavonibus,
344 2549 477 2624 ἀετούς,
516 2549 647 2632 aquilis,
676 2545 814 2630 βὸῳσνς,
838 2548 955 2621 bobus,
974 2551 1204 2628 λεσκσλέσντας,

138 2631 255 2694 sonibus
285 2637 318 2694 in
344 2633 474 2695 candido
499 2631 614 2708 flando,
645 2639 676 2691 et
709 2631 752 2690 sio
781 2651 884 2712 porro.
935 2632 1035 2692 Scatct
1068 2644 1206 2696 nostrum

127 2711 329 2778 ceremoniale
352 2715 465 2778 talibus
482 2713 635 2797 exemplis.
680 2711 729 2772 De
754 2712 887 2774 restibus
907 2734 977 2775 cum
1001 2715 1118 2776 intextis
1138 2717 1205 2777 ani·

127 2795 241 2859 melium
266 2863 274 2884 Ι
330 2801 372 2861 ris
404 2820 437 2860 v.
462 2796 562 2858 Vales.
596 2796 637 2856 ad
660 2794 816 2855 Ammian.
844 2797 941 2856 Mare.
971 2818 1004 2879 p.
1033 2794 1083 2858 26.
1103 2799 1143 2859 A.
1172 2809 1204 2860 at

127 2874 278 2942 salmosa
323 2882 403 2942 Hist.
434 2879 515 2963 Aug.
529 2879 566 2940 T.
580 2879 624 2940 11.
645 2900 676 2961 p.
689 2879 771 2955 ὅσα,
813 2877 865 2938 ubi
900 2877 974 2940 tales
994 2889 1110 2959 vestes,
1140 2891 1205 2944 tam

127 2963 309 3041 omatibus,
323 2985 415 3047 qnam
429 2962 495 3024 aliis
506 2962 612 3042 pictas,
635 2956 796 3036 ζωδιατάς
817 2973 847 3022 et
868 2962 1023 3042 sigillatas,
1040 2973 1075 3022 ut
1089 2961 1203 3045 sigillis,

127 3037 179 3102 boc
195 3057 238 3107 est
255 3047 454 3127 imaginibus,
475 3046 647 3120 decoratas,
666 3045 709 3103 ait
734 3042 825 3104 fuisse
856 3041 950 3106 dictas
976 3055 1007 3106 et
1034 3065 1069 3104 ex
1088 3047 1204 3108 oriente

126 3125 242 3190 venisse.
283 3118 442 3210 Depictis
467 3129 629 3189 Persarum
650 3125 762 3187 aulaeis
780 3147 828 3188 res
850 3137 923 3187 nota
945 3137 1000 3190 est.
1039 3127 1086 3188 De
1107 3127 1203 3210 peplis

127 3225 189 3268 cum
220 3212 339 3272 intextis
359 3213 463 3294 liguris
490 3220 639 3270 memorat
660 3207 721 3269 iam
749 3209 910 3290 Euripides
939 3211 1031 3286 lone,
1051 3232 1083 3270 v.
1116 3209 1202 3290 1146.

126 3309 183 3371 sqq.
208 3295 370 3372 ,Dicebant
386 3315 506 3378 quoque
534 3293 721 3365 hr'ston'txtas,
743 3290 802 3352 boc
823 3303 867 3354 est
886 3290 1019 3353 historiis
1044 3313 1097 3352 seu
1126 3291 1203 3354 ima·

126 3374 234 3451 ginibns
252 3379 417 3439 distinctas.
440 3377 561 3451 Petrus,
575 3395 626 3435 rex
639 3373 844 3456 Arragouiae,
859 3377 890 3434 in
909 3375 1061 3435 Chronico
1081 3374 1136 3433 lll.
1157 3373 1204 3440 ιδ.

128 3453 213 3536 (apud
234 3459 285 3520 Du
305 3459 455 3541 Canginm
483 3479 513 3520 v.
534 3456 744 3535 Dalmatas:
763 3477 822 3518 αιια
853 3456 1029 3516 Dalnmtr'ca
1059 3455 1098 3517 de
1123 3457 1180 3518 din
1338 3493 1342 3500 ·

126 3545 240 3603 uernxell
262 3543 397 3603 λίσσεται
421 3541 461 3602 ab
475 3541 558 3602 clu-es
592 3539 631 3600 de
650 3561 709 3600 σαν·
726 3552 756 3598 et
775 3539 814 3600 ab
827 3539 995 3620 sullalges,
1021 3537 1052 3598 id
1073 3548 1118 3600 est
1137 3481 1203 3602 ded

126 3625 337 3769 poticalpxppni
356 3627 496 3768 minei
509 3669 531 3766 b
543 3625 706 3766 ¹33³}OE
727 3632 875 3764 augescat
895 3620 1023 3766 mustelp
1044 3619 1202 3766 vellppllli·

147 3723 174 3762 o.
255 3733 271 3769 e
321 3729 357 3768 co
436 3728 489 3767 ινια
531 3729 549 3766 a
634 3725 716 3766 rem
781 3725 801 3764 u
844 3723 971 3785 anges.
1024 3725 1105 3788 mpu
1156 3729 1200 3766 ια.

128 3780 163 3844 V.
184 3789 220 3849 ad
238 3813 269 3934 p.
289 3813 358 3876 ²7¹·
379 3790 459 3851 dicta
484 3789 522 3850 de
555 3787 688 3850 vestibus
708 3807 780 3848 curu
804 3789 925 3848 intextis
945 3788 1056 3849 muscis
1076 3787 1202 3870 aliisque

129 3863 237 3953 imagini
257 3896 304 3936 us.
349 3873 515 3972 Capellam,
536 3871 594 3932 boc
614 3881 661 3970 est
688 3891 815 3952 parram
835 3891 954 4014 caparlp,
975 3872 1077 3969 albam
1096 3891 1114 3932 ο
1129 3891 1203 4012 aga·
1242 3941 1249 3956 ι

129 3953 1201 4122 tltltlt'tltll‘ltltttlttttttzlllm{t

129 4112 242 4181 callidus
270 4123 397 4184 Latium
429 4121 527 4184 olenus
561 4118 600 4180 ad
633 4117 841 4180 insultandum
877 4122 1002 4180 summis
1029 4118 1202 4202 quibusque

131 4199 325 4289 Principibus,
357 4203 469 4288 quibus
487 4223 543 4288 pm
563 4200 688 4266 illorum
706 4212 878 4286 temporum
901 4213 1024 4286 stupore
1046 4218 1202 4284 peruisse-
