2975 4892
172 290 230 358 sn
258 291 483 359 οοιιειιιιι.
506 292 658 358 rouen.
690 296 746 360 oa
774 294 912 360 onan.
941 298 1017 363 ua
1045 300 1087 361 ιι.
1119 268 1202 385 837

111 459 255 530 peratore
275 448 391 531 legatus
410 448 521 513 scholis
549 459 684 533 praeest,
703 444 864 530 ἐξάρχων,
883 451 1132 535 προηγούμενος,
1152 456 1202 517 eoi

115 540 189 599 cura
209 531 382 595 scholarum
395 535 554 595 commissa
573 544 630 596 est.
669 532 747 594 Sunt
759 544 858 595 autem
875 533 993 597 scholae
1008 538 1089 597 idern
1109 549 1203 621 atque

112 614 254 678 cohortes
266 614 443 696 etquidem,
468 637 547 700 qtrue
558 616 610 677 hic
620 616 817 700 designantur
830 615 961 693 scholae,
983 631 1069 681 erant
1086 631 1202 703 septem

111 698 247 759 militum
258 696 473 781 palatinorum,
487 721 550 760 uon
567 710 631 761 tam
644 703 896 782 pompaticorum,
918 722 1010 782 (ιιιιιιι
1029 722 1101 763 vere
1119 704 1201 765 mili-

115 783 249 842 tantium
263 783 519 862 et'lmperatorem
530 782 612 843 domi
628 783 759 864 lorisque
772 784 979 845 comitantium
999 796 1029 845 et
1062 806 1098 846 ro
1164 808 1201 849 n-

110 866 204 925 tium.
245 863 374 947 Colligor
392 874 494 926 tamen
508 887 526 927 e
540 867 653 946 psit.
664 867 698 931 B.
707 865 739 944 4
760 866 869 927 collata
889 888 959 927 oum
982 888 1013 949 p.
1035 806 1202 947 4141).

110 948 227 1007 sciolas
246 959 277 1010 et
298 950 426 1009 themata
438 970 491 1010 seu
505 948 636 1030 legiones
657 949 858 1030 provinciales
875 950 956 1011 idem
975 972 1057 1029 esse3
1077 959 1113 1011 ut
1130 972 1203 1034 ergo

109 1028 295 1091 domesticus
327 1028 503 1093 scholarum
530 1031 612 1092 idern
641 1034 736 1113 possit
762 1032 928 1113 siguificare
947 1045 1040 1115 atque
1060 1034 1201 1116 magister
1321 1084 1325 1093 .

111 1108 268 1194 legionum
290 1112 339 1175 vel
359 1111 501 1175 militum.
544 1115 636 1176 Prius
656 1126 759 1176 tamen
778 1118 889 1187 rectius
905 1127 989 1198 puto.
1032 1117 1113 1193 Quia
1143 1114 1208 1178 do·'

111 1195 229 1255 mertini
250 1195 302 1271 lri,
332 1206 437 1279 utpote
455 1199 556 1280 magni
577 1197 690 1279 gradus
709 1208 739 1258 et
761 1218 887 1280 magnae
911 1200 1095 1261 auctoritatis
1118 1202 1201 1277 viri,

108 1278 243 1361 ipsisque
267 1280 494 1361 provinciarum
520 1280 718 1362 singularium
744 1282 882 1363 strategis
908 1284 1054 1357 maiores,
1087 1282 1201 1365 gradu·

110 1380 173 1442 que
195 1383 215 1422 a
236 1373 367 1444 stratego
389 1364 514 1425 orientis
539 1364 687 1444 proximi,
717 1362 877 1445 aliquoties
901 1385 1019 1425 summa
1042 1385 1113 1427 cum
1143 1387 1200 1428 au-

109 1446 252 1507 ctoritato
275 1449 370 1527 copiis
391 1448 423 1506 in
444 1447 572 1509 Oriente
590 1447 801 1529 praefuerant,
837 1457 868 1507 et
895 1449 1031 1508 marinis
1061 1447 1202 1511 cladibus

110 1526 278 1589 Saracenos
310 1528 494 1604 effecerant,
531 1550 594 1610 quo
631 1532 723 1591 etiam
753 1529 907 1590 domestici
939 1552 1050 1591 nomen
1083 1531 1199 1594 clarum

112 1609 197 1692 apud
215 1608 375 1673 historicos
394 1611 540 1674 Arabicus
561 1623 674 1675 evasit:
696 1633 732 1674 ex
753 1633 790 1673 eo
811 1612 944 1690 sactum,
976 1624 1012 1675 ut
1031 1612 1075 1673 illi
1095 1615 1199 1675 crede-

108 1703 180 1753 rent
210 1692 286 1755 falso
308 1696 460 1777 persuasi,
492 1696 687 1758 domesticum
709 1716 779 1757 eum
797 1695 857 1755 dici
873 1738 892 1773 ,.
916 1697 970 1777 qui
1003 1695 1122 1757 Orienti
1143 1718 1200 1758 ceu
1303 1746 1305 1749 .

110 1789 227 1875 legatus
248 1793 442 1876 Imperatoris
463 1793 579 1856 CPtani
600 1805 773 1879 praeesset:
813 1792 927 1881 ,effi-*⁸
950 1782 1008 1885 psi
1034 1782 1198 1887 &Mt-lli

109 1890 312 2005 ’μω
348 1896 447 2004 μ
477 1896 551 1998 ιω
573 1909 631 1997 ,a
654 1895 718 1989 su
744 1896 823 1997 „a
848 1896 908 1981 aa
934 1898 998 2008 ,a
1020 1932 1064 1981 ι’
1084 1895 1199 2008 ιω,

109 1990 265 2071 domestici
291 2012 398 2054 norrea
416 1992 501 2077 apud
519 2014 568 2053 eos
591 1996 765 2073 (Romanos)
789 1994 874 2055 habet
894 2015 1003 2071 omnis,
1038 2015 1089 2079 qut
1105 2016 1198 2077 praa-

107 2087 153 2135 est
170 2074 280 2136 diana
293 2074 427 2137 Graecae
445 2075 491 2136 ad
506 2078 646 2137 orientem
668 2075 860 2161 Propontidis
871 2078 1000 2159 positae.

194 2156 231 2216 Β.
258 2158 305 2218 13.
327 2155 502 2243 [713,11.]
528 2157 686 2231 Χαλδήκς.
730 2159 837 2219 Chaldi
868 2170 938 2220 sunt
966 2159 1020 2241 qui
1048 2157 1210 2221 veteribus.

111 2237 255 2317 Chalybes
264 2239 349 2301 dicti.
361 2238 469 2303 Chaldi
477 2252 507 2301 et
517 2240 609 2302 Cordi
621 2243 669 2302 vel
679 2242 778 2321 Curti,
787 2242 949 2323 Gordyaei,
962 2242 1064 2303 iidem.
1090 2240 1207 2321 Perhi-¹

108 2320 184 2382 beot
204 2322 337 2383 Soram
357 2333 388 2383 et
402 2323 614 2399 Leunclavius,
636 2325 848 2387 Curdistauam
870 2324 960 2385 hodie
987 2324 1027 2385 ab
1045 2323 1198 2386 Arabibus

105 2404 230 2466 Keldnn
255 2406 412 2489 appellari.
456 2405 551 2467 Forte
576 2418 658 2469 recta
677 2407 721 2470 illi
749 2409 873 2469 tradunt
892 2419 922 2468 et
942 2408 1018 2468 forte
1037 2410 1080 2471 sic
1100 2407 1198 2469 solent

107 2502 201 2564 hodie
212 2505 341 2567 Arabes.
384 2505 421 2565 lu
440 2503 526 2565 libris
539 2516 641 2567 tamen
652 2506 790 2567 Arabum
801 2527 918 2588 semper
941 2493 1018 2590 ‹ip-<ll
1051 2506 1086 2567 al
1116 2504 1200 2569 aad

108 2602 157 2664 vel
191 2603 275 2664 Cerri
301 2615 332 2665 et
357 2585 456 2683 &istil
485 2604 520 2664 at
539 2606 648 2667 Acrnd
666 2606 867 2688 appellantur.
911 2606 1062 2667 Videntur
1082 2606 1197 2667 interea

108 2683 220 2746 Chaldi
241 2687 319 2748 infra
341 2687 565 2769 Trapezuntem
586 2700 617 2749 et
639 2688 733 2749 Curdi
749 2690 984 2769 Mesopotamiae
1000 2699 1030 2749 et
1051 2686 1197 2749 Parthiae

107 2769 257 2829 interiecti
288 2769 392 2831 eadem
414 2791 487 2852 gens
518 2780 548 2831 et
567 2782 685 2832 montes
706 2772 865 2832 amborum
880 2791 976 2831 unum
993 2774 1098 2853 iugum
1118 2790 1192 2830 esse.

190 2852 227 2911 Β.
256 2851 311 2913 ult.
333 2852 422 2937 [713,
441 2850 503 2935 ιι.]
536 2850 736 2935 &nospitium
785 2856 925 2934 Quatuor
952 2864 1038 2914 erant
1063 2862 1196 2935 tagmata

106 2934 233 2996 militiae
260 2934 433 3017 palatinae:
462 2934 630 3016 Scholarii,
656 2935 874 3016 Excubitores,
905 2936 1045 2997 Hicanati
1069 2946 1100 2995 et
1128 2935 1195 2995 Nu·

107 3021 196 3079 meri.
240 3019 404 3096 Quomodo
423 3030 525 3079 nutem
545 3020 785 3101 discrepueriut,
813 3041 892 3103 quae
911 3021 1021 3101 cuique
1040 3020 1143 3079 munia
1161 3028 1195 3079 ‘et

104 3103 249 3163 motiones
276 3102 408 3179 fuerint,
442 3102 482 3163 ad
510 3124 658 3185 quosnam
678 3104 789 3164 horum
822 3102 988 3187 spatharii,
1018 3099 1192 3179 candidati,

105 3183 402 3266 spatharocandidati
428 3194 459 3246 et
486 3185 598 3247 similes
624 3189 843 3268 pertinuerint,
880 3185 1031 3247 fuerintne
1058 3182 1133 3244 tales
1159 3183 1194 3245 iu

105 3288 290 3350 unoquoque
310 3271 436 3329 istorum
456 3279 587 3350 quatuor
606 3279 793 3352 tagmatum,
815 3292 854 3331 an
873 3279 994 3329 tantum
1014 3268 1047 3328 in
1075 3264 1193 3327 schola·

107 3350 183 3428 riis,
212 3360 243 3411 et
263 3350 323 3411 alia
343 3351 437 3427 talia,
462 3372 525 3412 non
543 3352 639 3436 liquet
665 3363 698 3414 et
716 3373 940 3435 supervacuum
960 3361 1037 3413 esset
1068 3349 1101 3409 in
1120 3347 1193 3411 talia

102 3434 269 3517 inquirere.

188 3517 231 3575 D.
253 3536 324 3598 pen.
356 3513 506 3614 [7145]
537 3515 573 3578 ἐκ
599 3512 769 3599 προσώπου
801 3516 865 3578 τῶν
889 3509 1046 3592 θεμάτων.
1111 3513 1193 3575 Puto

102 3620 175 3660 nnn
195 3599 303 3679 fuisse,
331 3621 386 3680 qur
406 3597 537 3681 legiones
556 3602 686 3683 integras
705 3609 962 3682 repraesentaret,
991 3616 1097 3659 eorum
1124 3595 1191 3658 loco

103 3693 136 3744 et
161 3682 284 3743 nomine
304 3681 343 3742 ad
365 3681 579 3765 imperatorem
597 3694 771 3765 peroraret,
814 3703 919 3743 causas
945 3701 1050 3741 eorum
1070 3690 1188 3763 ageret,

103 3761 304 3848 flagitationes
323 3784 430 3826 eorum
452 3765 492 3826 ad
513 3766 591 3848 lmp.
609 3767 771 3849 perferret5
789 3765 917 3849 legatus,
938 3774 1093 3847 patronus,
1117 3784 1190 3846 eyn-

102 3847 200 3922 dicus,
222 3860 327 3909 orator
344 3847 490 3909 militum.
646 3922 654 3946 ν
796 3930 812 3947 „
938 3924 945 3943 ,

101 3928 310 4076 calisi
327 3928 532 4096 lillis?
545 3929 1190 4094 ettttltt‘ttttttt‘lnitttt

103 4118 153 4158 sas
176 4097 264 4159 aedes
285 4098 437 4171 dividerit,
460 4099 492 4156 iu
512 4096 658 4178 palatium
676 4118 729 4159 seu
750 4098 933 4159 curatoriam
953 4117 972 4156 a
991 4094 1101 4156 Basilio
1120 4094 1189 4153 Ma·

14 4173 20 4188 '
101 4179 240 4264 eodone,
262 4191 298 4242 ut
316 4180 503 4267 perhibetur,
524 4179 698 4261 conditum,
721 4191 752 4244 et
769 4181 801 4246 in
816 4180 920 4261 aedes,
942 4177 1054 4268 quibas
1072 4173 1191 4243 machi*
