2975 4892
212 321 269 390 m
300 319 555 389 maximiane
585 323 658 388 m.
689 323 715 386 1.
745 323 800 388 ns
832 321 1027 390 marsos.
1092 295 1177 408 495

96 469 267 574 aridese'sp⁸
278 475 404 554 κείμενα
424 470 527 560 ῥήσει,
549 497 626 560 qsrae
640 475 763 560 quartem
779 477 876 559 plana
898 491 927 537 et
949 477 1071 560 eelgms‘
1092 479 1180 542 disti-

96 579 148 619 see
164 561 334 638 camerasti,
354 559 417 620 stis
438 557 475 620 dl
495 556 651 620 πλείστων
672 557 799 637 ἐπέχειν
827 552 949 638 σκότον,
965 563 1107 644 plurimis
1124 585 1180 624 ees·

96 655 150 701 tem
172 655 291 702 emerem
304 644 512 704 sententiisrree
531 642 663 704 credam
678 643 819 702 emutare
835 643 981 704 tenebras.
1023 645 1180 708 interdum

96 735 195 784 tamen
230 725 306 785 verti
341 719 396 785 dui
414 727 636 808 praepositione
651 746 722 808 pro.
780 723 822 786 Et
839 727 884 786 sie
903 747 1025 808 quoque
1056 729 1180 791 adhibet

97 806 223 868 Malalas
253 808 290 868 T.
306 808 348 868 11.
370 829 400 890 p.
414 830 466 894 99.
484 807 532 869 18.
552 819 582 869 et
601 829 633 890 p.
655 807 721 870 126.
759 855 767 870 .
795 829 814 868 a
847 809 916 870 linc.
939 809 1058 872 Psellus
1082 811 1179 894 (apud

96 890 143 950 Du
161 889 271 992 pange·
287 891 340 952 Gl.
363 893 416 954 Gr.
436 913 469 974 p.
490 889 582 990 elide.
602 893 710 989 init.)=
733 829 789 952 dat
810 885 926 972 δόρασι
945 892 1092 972 χρᾶσθαι
1113 901 1179 967 τοῖς

96 971 1113 1140 “⁰⁰‘’s'.'⁶i‘.‘⁶i‘isl‚'i.'i“{²i.ii'eiiioiffflliii‘iniii'aaa
1126 1062 1178 1127 mt-

101 1137 177 1200 litari
196 1144 311 1200 mentio
343 1141 378 1200 lit
405 1139 581 1202 chartularii
613 1139 734 1202 stabuli.
792 1141 924 1202 Videtur
943 1140 994 1202 bic
1014 1142 1096 1203 idern
1114 1165 1178 1206 esse

97 1242 162 1282 cum
181 1222 259 1295 illo,
279 1225 365 1284 ouius
386 1225 523 1286 meminit
544 1224 710 1285 Cinnamus
731 1224 843 1284 1..111.
864 1226 986 1306 passim,
1009 1235 1045 1285 ut
1077 1225 1178 1288 borni·

97 1307 140 1364 nis
159 1304 319 1382 militaris,
342 1317 373 1368 et
392 1307 430 1368 de
492 1328 512 1368 o
530 1307 581 1366 Du
602 1307 703 1390 Cange
724 1307 758 1367 in
779 1309 858 1367 notis
877 1305 916 1368 ad
937 1307 1122 1371 Cinnamum
1140 1331 1175 1392 p.

96 1385 162 1464 45²·
185 1391 260 1471 agit,
283 1390 336 1450 ubi
350 1391 428 1452 inter
445 1329 505 1452 dle
525 1389 638 1450 scribit:
663 1389 892 1471 „imperatoriis
904 1391 989 1471 seruis
1008 1391 1177 1472 praefectus

96 1483 153 1532 erat
173 1471 396 1551 Cbartularius,
416 1485 451 1535 ut
471 1475 616 1535 docemur
642 1492 677 1533 ex
704 1473 823 1534 Zonare
841 1475 874 1534 in
896 1474 997 1534 Leone
1016 1475 1120 1536 isauro
1139 1497 1174 1557 p.

95 1551 141 1614 83.
166 1565 199 1616 et
218 1555 321 1616 Niceta
349 1558 380 1616 in
400 1558 514 1618 isaacio
541 1554 659 1638 Angelo
690 1555 727 1616 L.
744 1557 801 1617 lli.
814 1577 847 1617 n.
862 1576 893 1616 a.
919 1559 1067 1638 Magnum
1086 1557 1175 1620 cbar-

95 1636 236 1700 tularium
254 1658 291 1700 eo
311 1641 435 1702 nomine
454 1641 486 1702 in
507 1639 576 1700 aula
597 1641 740 1705 meruisse
760 1639 865 1700 scribit
884 1637 1019 1700 Codinus
1039 1640 1079 1700 de
1095 1639 1174 1704 offic.

96 1719 175 1782 aulae
197 1743 266 1803 cap.
295 1721 337 1784 V.
358 1743 390 1784 n.
414 1722 459 1798 6.,
481 1723 621 1803 illiusque
694 1723 843 1782 tissimum
870 1720 961 1782 lause
989 1743 1118 1801 munus,
1139 1736 1176 1786 ut

94 1822 200 1884 eqrrum
232 1825 356 1888 peregre
378 1817 431 1867 aut
450 1809 559 1890 quovis
582 1827 599 1865 e
619 1825 657 1886 pa
670 1805 729 1866 atio
750 1805 924 1887 profecturo
944 1805 1121 1886 Imperatori
1134 1807 1174 1869 ed

94 1886 191 1964 palatii
214 1889 307 1970 ipsius
325 1901 443 1970 portam
457 1887 649 1952 adduceret.”

168 1971 206 2030 B.
220 1971 253 2032 6.
276 1971 361 2055 [459,
378 1971 420 2054 6.]
441 1972 596 2034 euasisse.
620 1972 758 2032 Vertitur
776 1972 887 2052 passim
908 1969 952 2048 (ut
971 1971 1054 2052 apud
1069 1971 1174 2032 Tbeo-

91 2049 177 2129 pban.
200 2055 273 2116 306.
296 2055 332 2114 C.
347 2076 393 2138 9.‚
413 2055 508 2116 Leon.
533 2059 669 2116 Gramm.
686 2076 719 2137 p.
742 2052 814 2137 479.
830 2055 886 2126 D.‚
912 2053 1041 2114 Cedren.
1055 2075 1087 2134 p.
1099 2053 1173 2132 442.

90 2134 137 2214 A.)
163 2140 353 2220 praepositus
386 2139 524 2222 operiet
550 2159 616 2198 cem
643 2139 736 2220 plena
766 2151 908 2220 potestate
938 2137 1098 2198 dornireurs
1118 2149 1173 2199 aut

90 2219 253 2302 wespsslsor
270 2234 301 2280 et
324 2225 491 2304 praesectam
514 2241 694 2305 operamus,
715 2221 769 2300 qui
791 2219 909 2282 desides
927 2231 1026 2302 urget,
1046 2231 1081 2280 ut
1101 2242 1172 2302 pro-

90 2313 246 2364 moveatur
273 2313 304 2364 et
339 2303 512 2366 absolvatur
538 2325 636 2386 opus,
667 2299 896 2382 ἑργοδιῶκτης,
923 2305 986 2364 vid.
1017 2301 1102 2364 locus
1132 2325 1170 2364 ex

89 2381 167 2445 Actis
186 2387 221 2447 S.
245 2385 427 2464 sebastiani,
450 2407 541 2470 quem
557 2389 629 2448 citat
643 2387 694 2446 Du
720 2385 821 2468 Gange
834 2384 908 2446 Cl‘l.
932 2387 1043 2446 Christ.
1066 2408 1098 2468 p.
1114 2386 1168 2469 87.

88 2475 117 2525 et
135 2467 238 2530 Veles.
273 2470 312 2530 ad
336 2471 440 2530 Aram.
469 2469 606 2532 Marcell.
635 2491 667 2550 p.
691 2469 785 2544 528„
817 2469 870 2527 ubi
892 2470 934 2529 ait
949 2469 1170 2550 compulsorem

87 2568 167 2694 itt
184 2552 378 2719 dipiiiffi
395 2549 969 2716 itlttttlg.⁶t.lttt⁰t.‘¹⁶lltt⁸
989 2551 1171 2716 §ittet

344 2681 352 2696 .
823 2677 833 2709 ‚
961 2677 969 2693 .
1055 2677 1065 2694 .

85 2729 255 2780 exactorem
282 2721 348 2780 auri
377 2721 492 2802 argenti
517 2739 581 2780 esse
612 2739 708 2792 eum,
740 2718 795 2797 qui
814 2737 833 2776 a
852 2717 1007 2778 cusoribus
1026 2718 1167 2798 exegerit.

85 2794 183 2876 Nam,
201 2801 350 2862 nisi‘talis
372 2814 431 2878 est,
452 2803 574 2883 qualem
600 2801 675 2860 dixit
692 2799 852 2872 Valesius,
875 2811 920 2860 est
934 2809 1014 2860 certe
1032 2798 1096 2876 ille,
1116 2799 1169 2880 qui

86 2899 191 2944 aurum
226 2895 385 2966 argentum
426 2883 576 2966 explorat,
608 2905 682 2944 num
703 2882 793 2964 probi
816 2883 856 2942 sit
887 2883 1055 2944 commatis.
1108 2883 1169 2944 Sed

84 2960 154 3026 baec
189 2965 255 3027 huc
288 2989 351 3029 uon
386 2969 547 3048 pertinent.
605 2965 732 3026 Saeculo
769 2965 859 3025 Xlll.
896 2966 972 3027 tales
1007 2986 1169 3046 operarum

84 3048 288 3188 clompulscrcs
312 3053 345 3111 in
364 3051 493 3112 Francia
512 3053 640 3110 beateae-s
659 3045 864 3134 appellabant,
885 3071 916 3117 v.
944 3050 996 3110 Du
1018 3051 1119 3132 Gange
1134 3071 1167 3112 v.

147 3155 204 3192 ars.

65 3241 68 3250 Δ
108 3153 239 3276 agsse.
265 3211 353 3298 [459.
369 3213 411 3299 8.]
445 3214 685 3298 σαφραμὲντων.
730 3217 862 3298 Quoquo
882 3236 931 3278 me
951 3227 1085 3294 vertam,
1105 3237 1169 3276 non

81 3295 213 3376 invenio,
227 3301 283 3380 qui
295 3319 343 3358 me
358 3299 474 3374 doceat,
489 3299 563 3380 quid
578 3298 787 3382 oappeee'sse
801 3313 854 3360 aut
868 3299 1086 3381 suppoprimus
1102 3299 1168 3358 luc·-

81 3379 149 3439 rint.
180 3381 324 3442 Dubium
348 3384 439 3458 enim,
461 3381 614 3464 quomodo
636 3381 817 3460 extulerint,
838 3385 869 3442 iu
886 3382 1053 3442 masculino
1081 3401 1119 3440 an
1135 3383 1168 3440 in

80 3473 184 3523 neutro
220 3485 343 3548 genere.
395 3465 441 3526 Ne
467 3467 640 3525 coniectura
671 3464 795 3546 quidem
821 3465 986 3547 probabilis
1009 3464 1167 3525 succurrit.

80 3545 228 3622 Quamvis
254 3549 375 3626 enimy
401 3557 430 3607 et
453 3569 473 3608 e
495 3557 525 3609 et
553 3569 576 3630 φ
610 3550 717 3629 passim
736 3549 902 3630 permutari
924 3549 1016 3607 sciam
1038 3568 1058 3606 a
1079 3549 1168 3608 novis

81 3627 224 3706 Graecis,
248 3641 285 3691 ut
313 3632 437 3713 cogitari
498 3633 551 3692 ssit
573 3629 782 3712 σαφραμὲντα
804 3633 936 3712 positum
956 3629 1005 3690 bic
1026 3650 1090 3690 esse
1109 3651 1166 3712 pro

79 3713 295 3792 sacramentis,
325 3651 544 3792 raypaplliaz
580 3724 613 3774 ut
632 3715 738 3790 σαῦμα
775 3713 867 3797 (quod
882 3715 989 3774 Graeci
1019 3721 1056 3772 ut
1072 3713 1168 3774 salma

79 3797 288 3933 pronuntiant)
308 3815 363 3878 pro
378 3787 487 3874 oa'ypse
501 3795 592 3856 babet
613 3799 663 3857 Du
679 3798 796 3880 Cange:
818 3797 892 3878 quid
914 3808 1016 3858 tamen
1036 3795 1095 3856 sibi
1110 3818 1167 3857 vo·

90 3889 142 3939 unt
166 3893 362 3940 sacraemnta
382 3877 431 3938 hic
466 3878 544 3953 loci,
566 3879 618 3940 ubi
641 3879 679 3940 de
698 3903 808 3962 genere
819 3880 952 3963 quodam
972 3879 1025 3942 vili
1042 3879 1168 3940 militiae

79 3977 171 4022 sermo
189 3973 259 4040 est,
286 3973 321 4022 ut
337 3973 407 4022 suut
429 3983 581 4044 agasones,
606 3962 748 4024 calones?
788 3965 820 4024 si
837 3975 913 4025 esset
932 3955 1164 4044 supperiores,

79 4047 245 4126 acciperem
264 4065 322 4126 pro
334 4040 549 4124 conposuisset
565 4045 613 4106 vel
627 4041 847 4128 oeypase'psos,
867 4045 1009 4128 praefecti
1023 4044 1168 4110 oneribus

78 4133 105 4184 st
123 4127 270 4189 mulabus
299 4138 389 4209 atque
412 4129 496 4209 equis
530 4131 684 4210 sagmariis
718 4129 879 4189 onerandis
909 4138 939 4189 et
963 4126 1169 4190 exornandis.

79 4203 144 4274 Una
160 4223 208 4274 est
234 4211 418 4288 coniectura,
444 4213 477 4272 in
490 4232 551 4294 qua
570 4213 715 4296 tantisper
734 4209 903 4294 aliqualiter
922 4213 1090 4294 acquiesco,
1111 4209 1166 4269 do·
