2975 4892
299 410 303 414 ,
371 328 421 419 ι8
567 350 739 415 10.1AC.
776 351 923 414 amsru
961 346 1247 415 corrnmrlnn

238 542 242 556 ·
364 506 486 569 duobus
511 506 675 588 gradibus,
708 504 804 565 rubro
830 525 931 585 panno
958 504 1118 565 instratis·
1131 504 1266 565 -Solum
1300 506 1459 565 instratum

363 602 431 651 erat
461 590 612 671 tapetibus
637 590 795 665 Turcicis3
831 588 959 647 thronus
986 587 1149 670 imperialis
1172 587 1253 648 ultra
1275 587 1375 648 solum
1403 590 1458 647 tri-

114 753 117 757 ,
362 674 423 735 bus
444 684 614 755 quatuorve
631 672 775 755 gradibus
790 672 962 749 eminebat,
992 675 1170 748 inauratus,
1192 692 1296 753 panno
1317 682 1458 753 argenton

246 792 250 798 .
363 767 462 819 tectus
481 759 515 817 in
530 756 630 817 solum
645 756 863 837 aliquantisper
881 766 1077 828 excurrente,
1107 756 1274 817 instinctus
1290 754 1458 835 turriculis,

363 842 475 984 rpmuibus
506 861 611 901 onmes
643 842 800 900 inauratae
829 838 1020 899 insistebant.
1063 838 1207 899 ‘sbronus
1238 836 1459 915 Patriarcbae,

366 926 372 938 '
401 927 408 939 ’
431 924 472 985 ad
494 924 630 985 dextram
654 925 791 1004 positus,
813 922 909 1004 gradu
931 943 994 983 uno
1012 934 1077 983 erat
1097 922 1208 1001 altior,
1236 923 1340 984 minus
1359 932 1459 981 tamen

362 1007 551 1089 splendidus.
595 1006 822 1089 [Memorabilis
851 1004 900 1067 hic
927 1004 1011 1067 locus
1036 1006 1075 1067 de
1104 1006 1184 1067 fastu
1208 1005 1291 1065 Cleri
1324 1006 1459 1081 Russici,

362 1090 517 1173 fastigium
534 1089 616 1151 ultra
635 1088 792 1171 imperiale
813 1091 1002 1171 appetentis,
1038 1088 1120 1171 quod
1141 1090 1251 1151 Graeci
1271 1100 1376 1149 tamen
1397 1090 1459 1148 ausi

362 1194 427 1234 non
446 1170 566 1254 lirare]
590 1172 749 1235 Processio
763 1173 898 1233 adhunc
919 1172 1020 1233 locum
1039 1179 1083 1233 ita
1102 1172 1204 1235 fiebat.
1248 1173 1375 1233 Primus
1395 1192 1459 1251 pro·

289 1282 297 1289 ·
362 1256 490 1319 cedebat
510 1256 714 1337 capitaneus,
749 1276 841 1338 quem
862 1267 1047 1337 protectores
1068 1258 1263 1336 Imperatoris
1292 1254 1458 1337 oequeban-

362 1350 426 1401 tur.
467 1344 542 1403 Post
562 1344 615 1399 eos
632 1340 742 1407 ,eodem
763 1339 870 1400 ordine
889 1340 1071 1422 procedebat
1091 1350 1212 1401 caterva
1232 1350 1365 1415 veneta,
1394 1348 1457 1397 turn

363 1425 508 1504 prasina,
532 1432 684 1504 postremo
705 1423 773 1484 loeo
794 1444 917 1500 russea,
939 1434 1076 1505 gerentes
1096 1422 1197 1483 hastas
1218 1424 1381 1483 artificiose
1402 1432 1456 1480 tor·

362 1518 471 1585 natas3
504 1509 650 1588 postremi
667 1506 842 1574 ‚veniebant
862 1506 1046 1588 sclopetarii.
1089 1506 1282 1567 Protectores
1302 1504 1337 1565 hi
1358 1525 1457 1563 omnes

362 1600 450 1650 eram
471 1591 618 1671 sanguine
636 1589 750 1667 nobili,
772 1590 911 1651 collocati
931 1591 964 1650 in
985 1590 1089 1651 orbem
1112 1591 1193 1649 circa
1207 1588 1311 1649 locum
1332 1608 1455 1651 coeemo

361 1675 432 1733 niae
451 1674 598 1734 dicatum.
640 1673 828 1735 succedebat
847 1674 952 1755 ingens
965 1694 1110 1734 numerus
1129 1672 1336 1751 clericorum,
1357 1691 1455 1731 coram

361 1756 473 1838 quibus
492 1757 639 1839 imagines
659 1768 833 1817 sanctorum
862 1757 1091 1839 dependebant,
1127 1766 1195 1838 post
1215 1777 1267 1815 eos
1298 1754 1454 1817 veniebant

361 1860 460 1922 popae
479 1862 550 1901 cum
570 1839 696 1901 laternis
715 1850 747 1900 et
766 1840 890 1901 inclusis
911 1842 1004 1901 cereis
1025 1839 1219 1915 ardentibus,
1250 1849 1318 1899 tum
1339 1838 1390 1898 alii
1410 1839 1453 1917 pi-

360 1933 427 1984 ctos
446 1934 566 1985 sanctos
587 1935 736 2004 gerentes.
779 1923 854 1983 lade
865 1923 1007 2005 prodibat
1024 1944 1132 2007 magna
1145 1933 1174 1982 et
1187 1923 1358 2004 ponderosa
1373 1940 1452 1996 crux,

361 2008 442 2065 circa
463 2028 556 2091 qaiam
576 2005 771 2087 gestabantur
790 2006 951 2089 Seraphini
973 2003 1117 2090 [πτυχία
1138 2004 1188 2070 vel
1208 1997 1382 2084 εὖτυχεῖα]
1403 2002 1452 2061 de·

361 2092 480 2163 aurati,
512 2108 606 2170 super
631 2087 729 2170 longis
756 2090 866 2150 contis.
907 2088 1025 2151 Rursus
1045 2088 1098 2149 alii
1139 2088 1283 2149 rodibant
1303 2087 1453 2172 pontifices

361 2181 510 2252 gestantes
530 2172 629 2231 dboos
649 2182 680 2231 et
699 2182 819 2253 pateras
838 2184 1014 2253 argenteas,
1035 2182 1066 2233 et
1085 2110 1192 2233 calices
1213 2171 1345 2253 pellibus
1357 2168 1453 2229 rubris

360 2264 478 2337 tectas,
510 2256 544 2315 in
576 2276 707 2336 quarum
734 2266 910 2337 paterarum
938 2277 1001 2316 una
1020 2254 1240 2316 camelancium
1260 2252 1452 2315 Patriarcbae

361 2348 439 2399 erat.
482 2338 682 2419 Exeipiebant
710 2339 881 2401 sacerdotes
914 2339 1030 2423 ordinis
1058 2340 1159 2415 varii,
1191 2338 1296 2399 induti
1323 2334 1452 2397 vestibus

361 2441 438 2483 auro
458 2422 563 2502 rigidis
584 2433 791 2504 argentoque,
824 2434 893 2483 tum
923 2422 1068 2504 Episcopi
1094 2422 1220 2504 quidam
1242 2432 1272 2482 et
1294 2418 1448 2499 A'rchiepi-

360 2508 445 2587 scopi
465 2504 622 2587 splendide
643 2508 756 2566 vestiti.
799 2504 1106 2587 Archiepiscoporum
1127 2507 1237 2565 mitrae
1258 2501 1450 2585 splendebant

360 2608 436 2649 auro
455 2599 487 2649 et
508 2599 654 2671 argento,
675 2599 706 2648 et
725 2590 788 2649 oris
808 2588 935 2670 pellium
955 2588 1192 2667 amelinam,
1214 2610 1291 2670 quas
1312 2584 1449 2667 Episcopi

358 2673 484 2752 quidam
505 2672 644 2732 mandras
665 2673 834 2753 gestabant.
875 2672 952 2733 Post
981 2672 1234 2754 Archiepiscopos
1253 2672 1341 2731 ibant
1369 2668 1448 2749 pueri

359 2766 514 2814 cantantes
534 2754 691 2835 splendide
710 2757 831 2833 vestiti,
853 2766 919 2816 tum
930 2755 1072 2815 monachi
1083 2768 1145 2817 tres
1159 2765 1212 2815 aut
1232 2764 1365 2836 quatuor
1384 2770 1448 2809 cum

359 2836 523 2897 thuribulis
537 2838 735 2918 sumentibus,
757 2860 836 2919 quae
856 2839 1012 2920 agitabant
1032 2858 1134 2898 coram
1147 2836 1341 2911 Patriarcha,
1363 2852 1446 2914 quem

359 2916 510 2979 ducebant
531 2914 875 3003 [παρακρατοῦμενον]
898 2922 959 2982 duo
980 2922 1032 2982 alii
1053 2920 1212 2997 monachi,
1234 2919 1396 2981 habentem
1418 2916 1447 2973 in

359 3003 501 3065 manibus
530 3022 655 3063 auream
686 3024 809 3063 crucem
838 3023 929 3087 super
949 3004 1102 3087 pulvinari
1122 3003 1229 3063 ntbro.
1274 2997 1447 3062 Patriarcba

361 3084 486 3147 indutus
507 3096 573 3145 erat
593 3106 694 3165 panno
714 3096 878 3167 argenteo,
911 3092 964 3147 cui
982 3090 1100 3149 insutas
1120 3096 1208 3147 eram
1227 3096 1299 3146 ante
1319 3096 1349 3145 et
1369 3091 1445 3141 retro

357 3170 477 3230 maniae
498 3167 683 3251 [ποταμοί]
716 3172 810 3250 panni
832 3172 921 3231 satini
942 3192 1013 3231 cum
1034 3172 1142 3231 insutis
1161 3168 1214 3231 filo
1235 3188 1330 3230 aureo
1350 3164 1444 3225 cruci-

357 3250 428 3313 bus.
471 3252 523 3313 Ad
544 3253 609 3313 eius
628 3251 769 3312 dextrum
789 3274 866 3335 genu
888 3252 1077 3335 dependebat
1096 3275 1114 3313 e
1134 3252 1200 3313 loro
1214 3252 1375 3336 phrygiata
1390 3266 1444 3305 ma·

234 3332 482 3397 censuarium
517 3330 776 3418 [latraveran]
812 3336 994 3417 quadratum
1020 3338 1210 3421 phrysiatum
1239 3336 1353 3417 pariter
1379 3348 1444 3389 cum

357 3422 458 3480 astreis
487 3418 728 3499 dependentibus
758 3417 859 3480 bulbis
887 3420 1003 3482 villosis
1036 3418 1219 3505 [questro]
1253 3412 1444 3479 Patriarcbae

358 3500 559 3562 succedebant
577 3502 679 3561 Boiari
699 3501 940 3583 splendidissime
959 3505 1080 3580 vestiti,
1114 3514 1145 3563 et
1164 3514 1231 3563 tum
1253 3502 1365 3561 Czarus
1385 3498 1444 3575 ipse

356 3584 439 3645 ultra
458 3583 730 3670 lidem‘splendido
752 3606 844 3647 aureo
864 3608 967 3669 panno
987 3589 1135 3665 amictus,
1157 3597 1277 3669 gestans
1297 3584 1328 3642 in
1351 3578 1444 3659 capite

355 3688 480 3729 auream
508 3686 671 3747 coronam,
704 3680 842 3729 amatam
870 3674 996 3753 gemmis
1023 3680 1054 3731 et
1073 3670 1265 3753 margaritis,
1299 3662 1442 3747 prehenso

352 3750 480 3811 brachio
500 3750 609 3811 ductus
629 3772 648 3809 a
668 3750 787 3812 duobus
808 3753 1022 3837 Principibus,
1044 3752 1238 3834 sequentihus
1259 3749 1326 3809 aliis
1346 3761 1442 3828 proce·

347 3834 438 3895 ‘ribus
466 3855 487 3894 u
545 3833 622 3893 ead
642 3833 744 3896 locum
765 3840 965 3899 ceremoniae.
1008 3836 1075 3899 Ubi
1094 3847 1199 3896 exacta
1219 3828 1343 3913 aliquali
1363 3842 1442 3886 mora

352 3919 514 4060 rasta
534 3907 1440 4083 attentaratcatarractas

239 4122 242 4129 -
351 4094 384 4143 et
409 4104 512 4143 coram
544 4104 581 4145 eo
613 4084 805 4145 thuribulum
836 4088 982 4169 agitabat.
1025 4088 1139 4149 Cannas
1170 4080 1369 4146 descendebat
1404 4072 1440 4128 de

350 4166 483 4245 tl.mno,
505 4167 670 4228 inclinabat
690 4188 723 4228 se
742 4190 847 4229 coram
864 4170 1062 4250 Patriarcba,
1085 4172 1199 4229 interea
1220 4168 1294 4226 dum
1314 4162 1363 4221 bic
1377 4154 1438 4213 tha-

349 4248 487 4315 u'balata
505 4250 664 4342 aliquoties
684 4272 776 4337 super
797 4254 993 4337 Imperatoris
1013 4264 1106 4339 caput
1125 4254 1271 4335 agitaret,
1301 4254 1331 4303 et
1352 4236 1437 4301 ambo
