2975 4892
340 281 425 373 238
570 309 627 376 ro.
658 307 1220 380 nc.re1sruoouuamamr
1343 293 1350 318 '

338 467 399 531 dic
417 478 461 530 est
476 463 605 540 mia,
648 485 710 549 qua
726 465 833 547 tegitur
853 467 979 546 signum.
1020 463 1181 530 Scholiasta
1206 468 1311 548 tigrum
1348 466 1391 530 hic

339 551 421 614 idem
441 568 504 611 esse
528 557 620 630 atque
642 548 758 623 ειώωη,
784 545 924 608 ecclesiae
941 567 1070 631 nempe,
1092 549 1149 612 hoc
1167 563 1210 612 est
1222 571 1390 632 campanam,

337 635 425 713 vult,
446 633 531 692 cuius
554 631 829 713 interpretationem
852 631 902 690 Du
928 631 1029 715 Gange
1056 651 1087 694 r.
1118 633 1285 694 claxendix
1309 633 1388 694 dedit.

339 717 400 778 Sed
419 725 519 798 potest
535 734 655 796 quoque
681 714 795 796 signiae
816 713 901 796 ,idem
928 726 1018 796 atque
1039 717 1199 790 vexillum,
1224 717 1290 776 item
1309 729 1391 776 statua

338 821 422 878 esse,
449 809 480 860 et
500 809 613 860 statuas
632 796 700 869 ‚sub
727 796 873 857 nraniscis
898 795 989 859 fuisse
1022 799 1093 880 poni
1116 798 1233 878 solitas,
1260 819 1296 858 ne
1320 799 1391 860 corvi

339 904 444 944 earum
464 884 562 964 capita
577 890 797 956 contestarent,
824 891 860 940 ut
884 891 930 940 est
948 883 980 942 in
998 882 1162 964 Priapeia,
1188 903 1233 944 res
1255 891 1321 941 nota
1336 891 1390 960 est,

339 966 614 1045 demonstravitque
628 962 760 1046 Scaliger
777 962 815 1023 ad
835 961 993 1040 Catalecta‚
1015 964 1130 1026 abillis
1148 964 1278 1026 meniscis
1293 985 1392 1024 morem

337 1049 456 1110 reabse
475 1058 648 1108 sanctorum
674 1046 779 1108 statuis
797 1056 828 1105 et
848 1043 1028 1130 imaginibus
1046 1047 1133 1129 pictis
1161 1047 1260 1109 orbem
1288 1046 1392 1106 radian-

338 1140 401 1194 tem
421 1130 610 1212 apponendi,
639 1139 750 1190 autea
773 1127 899 1190 itellum.
940 1129 1065 1193 Saeculo
1092 1152 1173 1191 nono
1198 1150 1344 1210 campanas
1364 1131 1391 1188 in

338 1212 462 1276 ecclesia
483 1215 592 1274 Latina
613 1213 645 1272 in
661 1231 718 1274 usu
754 1213 843 1292 uisse,
866 1222 949 1294 patet
971 1233 988 1274 e
1007 1213 1058 1274 Du
1070 1213 1169 1298 Cange
1190 1235 1221 1276 v.
1242 1213 1389 1274 Nolariun.

339 1297 406 1357 lmo
426 1296 475 1358 his
497 1298 568 1378 ipsis
581 1295 706 1372 diebus,
726 1293 838 1377 quibus
856 1294 931 1356 baec
952 1316 1061 1375 exaro,
1089 1295 1147 1380 legi
1171 1297 1203 1356 in
1219 1294 1326 1356 schedis
1345 1313 1391 1374 pu-

337 1378 443 1458 blicis,
472 1400 575 1440 rerum
600 1397 751 1440 novamne
781 1397 867 1438 casus
891 1377 1145 1460 significantibus,
1173 1382 1205 1440 in
1226 1379 1338 1440 dustria
1352 1397 1391 1434 re·

336 1473 473 1546 paratam
486 1484 550 1523 esse
567 1479 763 1546 campanam,
785 1461 904 1522 saeculo
915 1462 987 1523 Vll.
1005 1463 1066 1524 iam
1076 1461 1174 1524 lissam
1189 1464 1257 1523 etin
1272 1457 1392 1521 ecclesiae

329 1567 410 1620 ‚usus
439 1544 626 1620 adhibitam,
646 1565 725 1626 quae
746 1544 806 1604 iam
834 1555 961 1606 aetatem
986 1544 1069 1606 mille
1092 1567 1239 1606 annorum
1268 1541 1390 1620 excedat,

332 1639 368 1692 et
381 1628 523 1691 credatur
536 1628 636 1690 adhuc
651 1637 823 1689 sexcentum
837 1649 931 1689 annos
945 1627 1023 1690 serre
1035 1627 1140 1710 ‘posse

404 1733 470 1774 roo.
494 1707 729 1795 C.pen.[170,
751 1707 815 1794 14]
837 1709 871 1770 ἐκ
887 1707 997 1792 χειρὸς
1016 1712 1075 1772 τοῦ
1095 1707 1255 1793 βασιλέως.
1292 1707 1390 1768 Mirum

335 1793 415 1876 boc,
435 1798 613 1877 patriciose
640 1813 733 1854 manu
762 1793 952 1876 Imperatoris
978 1793 1095 1876 palmas
1121 1796 1270 1876 accipere,
1297 1811 1351 1850 nou
1377 1808 1392 1846 a

335 1878 513 1940 Patriarcba
540 1889 592 1939 aut
622 1879 762 1960 episcopo
784 1876 927 1957 quodam.
971 1877 1061 1938 Certe
1087 1877 1195 1939 Clerici
1218 1879 1249 1935 in
1277 1869 1392 1933 Ecclesia

335 1958 431 2022 latina
449 1961 562 2043 palmas
581 1960 780 2022 distribuendi
800 1962 847 2020 ius
867 1959 923 2020 sibi
951 1960 1169 2038 vindicabant,
1205 1970 1234 2020 et
1252 1953 1392 2018 Pontifices

335 2045 465 2104 Romani
494 2044 604 2125 aliique
631 2045 773 2125 primates
809 2043 939 2124 episcoi
970 2043 1205 2124 imperatoribus
1242 2037 1392 2100 Occidentis

334 2147 435 2186 sacras
453 2125 567 2208 palmas
579 2125 749 2185 mittebant.
793 2065 966 2207 Landuipih.
984 2127 1053 2186 lun.
1072 2127 1105 2187 in
1121 2128 1233 2188 Histor.
1248 2117 1390 2184 Mediolan.

336 2207 363 2268 l.
380 2209 457 2290 tp:
478 2209 708 2269 Mediolanum
717 2205 961 2294 Arcbieptscopus
976 2222 1069 2294 prout
1088 2212 1183 2270 moris
1208 2221 1235 2268 et
1256 2205 1321 2286 legis
1335 2221 1392 2261 cca·

333 2291 453 2352 suendo
471 2293 585 2373 exegit,
601 2313 660 2376 pm
674 2313 741 2372 rege
760 2289 894 2352 Herrrico
909 2293 1009 2354 oravit
1014 2337 1024 2368 ,
1044 2306 1074 2353 et
1090 2297 1122 2352 ei
1133 2313 1229 2354 ramos
1243 2289 1392 2373 palatarum

334 2375 369 2433 in
386 2374 580 2435 Gereonium
600 2376 708 2452 misit3
726 2372 781 2434 ubi
802 2374 868 2436 vid.
881 2373 985 2435 Sarius
996 2377 1029 2436 in
1046 2379 1139 2437 notis.
1182 2374 1242 2434 Nisi
1261 2371 1330 2431 forte
1342 2367 1393 2426 lm·

334 2467 457 2540 perator
469 2457 609 2537 CPtanus
629 2459 712 2539 prius
727 2477 827 2518 ramos
849 2456 1052 2519 aPatriarcha
1071 2467 1258 2520 consecratos
1275 2449 1392 2532 accepit,

334 2561 413 2622 quos
434 2539 542 2601 deinde
563 2543 642 2601 inter
666 2559 737 2601 suos
759 2539 923 2602 distribuit.
966 2539 1026 2601 Sed
1050 2541 1142 2602 hodie
1163 2539 1280 2623 quidun
1296 2535 1393 2595 obtinet

335 2618 449 2684 mos'm
464 2621 587 2684 ecclesia
599 2624 725 2698 Graeca,
743 2634 820 2685 teste
838 2622 997 2684 Gerlacbio
1011 2646 1043 2705 p.
1062 2621 1151 2708 469„
1174 2635 1209 2684 ut
1234 2637 1325 2681 ramos
1339 2612 1392 2673 ole-

333 2727 433 2782 arum,
450 2709 543 2789 myrti
554 2717 585 2766 et
603 2705 773 2788 palmarum
790 2706 915 2769 sabbato
927 2707 1032 2767 Lazari
1048 2710 1079 2768 in
1102 2705 1252 2768 ecclesiam
1266 2701 1392 2769 deferant,

333 2789 387 2847 ubi
411 2799 647 2868 consecrantur,
666 2789 716 2850 die
736 2801 837 2850 autem
857 2792 920 2873 ipso
943 2789 1113 2873 palmarum
1131 2811 1150 2852 a
1172 2783 1332 2874 patriarcha
1349 2786 1392 2838 tut

333 2890 353 2930 e
368 2872 473 2932 vicarii
493 2871 633 2932 manibus
653 2875 813 2954 recipiant.

416 2952 621 3095 Galama,
637 2951 698 3036 rt]
720 2948 781 3015 circi
802 2950 895 3033 satos
916 2945 996 3025 ἑνὸς.
1039 2953 1121 3031 Quia
1147 2954 1336 3036 Imperatores
1353 2962 1393 3004 to·

332 3032 436 3096 lebant
458 3034 508 3096 die
556 3057 705 3096 amarum
729 3037 903 3118 proceribus
921 3047 952 3097 et
977 3035 1147 3098 domesticis
1173 3038 1234 3098 suis
1255 3053 1311 3094 una
1336 3043 1393 3089 cum

332 3115 503 3200 palmarum
526 3121 617 3204 ramis
640 3119 699 3180 alia
719 3140 841 3224 quogue
867 3117 1046 3180 munuscula
1069 3119 1161 3198 dare,
1186 3119 1297 3180 factum
1313 3134 1343 3174 ex
1363 3127 1392 3167 ω
1435 3119 1436 3124 ’

331 3201 408 3280 tut,
435 3210 472 3262 ut
493 3201 608 3262 donum
638 3223 727 3263 omne
748 3203 856 3282 βαιον,
883 3203 1007 3288 palera,
1034 3202 1253 3284 appellaretur,
1280 3197 1340 3274 (nisi
1360 3189 1391 3248 dt

330 3285 432 3366 palma
455 3285 588 3346 Circensi
601 3297 736 3368 repetere
755 3285 870 3364 malis);
892 3307 923 3347 v.
938 3286 989 3345 Du
1008 3285 1108 3368 Cange
1128 3285 1179 3347 Gl.
1198 3286 1253 3345 Gr.
1276 3280 1309 3343 h.
1328 3281 1393 3339 uei

330 3369 510 3450 Luitprand.
537 3369 616 3430 Hist.
637 3369 695 3430 vt.
715 3368 759 3446 5,
780 3370 865 3430 cuius
889 3369 993 3450 capitis
1010 3367 1085 3430 haec
1110 3381 1157 3430 est
1182 3365 1342 3446 inscriptio:
1361 3355 1392 3415 dt

329 3455 497 3532 erogatione
507 3455 712 3513 mmrirmatum
726 3466 756 3512 et
769 3453 896 3512 aliorum
917 3451 1061 3512 donor-rm
1078 3473 1139 3536 pro
1163 3451 1257 3513 ceteri
1275 3447 1393 3528 Impetu-

330 3547 427 3595 torum
457 3535 638 3596 Graecorum
658 3557 739 3597 more
755 3548 822 3595 ante
843 3535 923 3595 diem
942 3535 1114 3618 palaearum
1133 3538 1165 3597 in
1185 3531 1393 3614 magistratus!

331 3615 448 3675 clientes
461 3617 683 3700 Imperatortos.
724 3618 772 3678 Dc
785 3639 869 3679 more
882 3617 913 3677 in
926 3617 1007 3678 sestis
1020 3616 1127 3680 diebus
1138 3615 1290 3679 fasciculos
1302 3607 1393 3670 flamm

329 3697 531 3759 distribuendi
553 3721 586 3761 v.
603 3701 641 3762 ad
661 3723 693 3783 p.
708 3700 760 3762 66.
778 3701 818 3761 A.
839 3722 886 3763 ιο.
929 3699 984 3761 Est
1004 3703 1096 3782 igitur
1117 3698 1193 3781 βαῒν
1212 3699 1261 3761 hio
1287 3694 1340 3754 loci
1355 3687 1392 3747 sa·

328 3777 458 3842 scieulus
473 3780 599 3860 florum,
622 3805 662 3843 un
679 3784 811 3869 bouquet.
1435 3799 1436 3802 ’

413 3863 455 3924 D.
483 3864 706 3948 r.[170,15.]
730 3861 897 3944 σάμψνχα.
947 3864 1167 3948 sampsuchum
1196 3862 1268 3926 alias
1290 3871 1393 3942 quoque
1435 3889 1436 3924 1

276 3981 282 3991 ·
331 3967 487 4008 amaracus
512 3958 542 4008 et
565 3951 740 4027 maiorana,
762 3949 844 4030 quod
865 3959 1049 4029 postremum
1076 3969 1188 4009 nomen
1216 3947 1313 4006 notius
1337 3946 1391 4032 stis

302 4027 309 4046 ⁸
330 4029 510 4112 appellatur.
551 4032 684 4092 Revocat
698 4032 757 4092 hoc
773 4053 883 4092 nomen
907 4032 981 4092 mihi
998 4033 1029 4093 in
1052 4034 1230 4092 memoriam
1254 4026 1395 4106 eteganus·
1435 4069 1436 4074 κ

327 4115 438 4174 simum
459 4116 641 4196 epigramma
657 4117 829 4188 Grnecnrn,
852 4115 935 4197 quod
950 4136 967 4176 e
981 4115 1091 4178 Maileo
1118 4113 1252 4178 reddidit
1274 4110 1394 4171 Murato·
1435 4151 1436 4156 κ

329 4198 393 4259 rius
411 4198 451 4262 T.
463 4197 489 4260 l.
508 4198 699 4284 inscription.
712 4219 746 4284 p.
770 4195 837 4279 ido.
856 4217 865 4260 ι
