2975 4892
107 304 156 395 m
186 300 411 397 coustant.
439 299 586 393 roura.
614 310 671 393 nn
698 327 837 395 carru.
869 332 947 398 nn.
967 336 1007 397 ιι.
1039 304 1129 418 849

56 484 147 567 logicis
172 487 255 547 tricis
281 482 441 569 expedire,¹
476 486 507 545 et
540 482 579 551 ed
608 482 820 569 argumentum
849 501 986 551 nostmm
1013 490 1126 551 redire.

55 570 119 629 Diri
143 568 215 631 milri
245 570 342 637 videri
377 562 452 638 roric
482 566 666 645 Χοσβαΐτάς
696 592 761 632 esse
782 574 920 632 bosowa
947 573 1037 652 bayos
1072 595 1128 635 seu

53 654 184 713 serrrclos.
223 652 286 713 lam
309 649 597 733 demonstrandum,
619 654 693 735 q'nid
713 654 828 716 fuerant
846 655 949 716 besee.
981 658 1060 717 Sunt
1081 656 1128 719 fe·

52 736 170 795 moralia
201 746 230 799 et
257 734 372 797 tib'ielia
406 735 555 819 strictima
577 735 608 795 in
632 758 694 797 una
714 758 828 814 masse,
856 738 957 821 qualia
989 738 1127 819 Hungari

52 820 161 899 gestant
181 818 296 895 adbuc,
317 830 348 879 et
372 818 580 879 ministrorum
604 818 634 880 iri
655 815 804 881 famulitio
818 832 994 903 magnetum
1007 832 1127 883 nostro·

50 916 114 963 rum
135 900 208 986 illud
229 906 339 985 gensis,
360 900 442 983 quo'd
464 896 637 962 Herilaelren
657 904 844 984 appellamus
856 948 869 984 ,v
889 916 919 965 et
938 902 1040 986 qualia
1064 917 1127 965 me·

50 984 99 1043 dio
122 1004 192 1044 aevo
223 985 380 1065 gestabant
407 984 530 1055 Graeci,
563 995 598 1043 ut
626 1004 643 1045 e
671 986 774 1067 liguris¹
787 987 962 1069 'Menologii
985 984 1128 1050 Basiliani

50 1082 137 1146 quam
152 1066 287 1149 plurimis
308 1066 435 1139 constat,
456 1087 547 1149 penes
571 1065 648 1148 qno's
661 1066 805 1131 militares
818 1070 939 1152 quidem
959 1084 1009 1131 eas
1023 1070 1127 1150 hosne,

49 1149 106 1210 elio·
122 1153 240 1211 nomine
267 1153 348 1213 ιιιῦἱα
368 1148 474 1225 dictes,
500 1150 532 1209 in
553 1156 617 1222 τοῖς
639 1151 777 1223 aedilesq
798 1153 846 1214 vel
866 1158 936 1225 ταῖς
956 1147 1127 1232 τζιίγγαις,

49 1230 80 1291 id
99 1244 140 1293 est
158 1236 253 1294 ocreis
274 1232 458 1310 dimidiatis,
487 1232 677 1311 condebant,
698 1235 802 1295 civiles
822 1245 922 1296 autern
951 1238 984 1297 in
1004 1256 1130 1317 campe·

48 1317 102 1395 giis
123 1336 173 1376 seu
194 1312 302 1399 genere
322 1316 375 1377 illo
395 1313 566 1394 tibialium,
597 1313 679 1399 quod
702 1338 719 1377 e
739 1317 789 1378 lon
813 1318 923 1379 islaris
940 1317 1033 1379 laneis
1054 1340 1128 1401 οοιι·ι

47 1391 248 1481 stabat3‘quae
268 1400 447 1461 decussatim
469 1394 558 1481 super
583 1420 672 1461 crura
692 1399 770 1482 plcet
809 1413 900 1462 entur
921 1412 951 1463 et
968 1402 1053 1463 tobia
1074 1423 1128 1463 seu

47 1478 132 1543 husos
155 1504 173 1542 a
197 1482 259 1543 talo
288 1485 359 1544 inde
389 1502 484 1565 uque
505 1481 543 1543 nd
565 1504 643 1565 genu
665 1484 931 1567 constringebant,
958 1484 1128 1566 dequibus

47 1564 101 1624 ἐιιο
123 1565 186 1627 lo'co
207 1566 349 1627 diximus.
393 1560 460 1627 Hoc
483 1585 579 1648 genus
599 1568 769 1627 vestimenti
789 1568 905 1627 femora
928 1578 958 1627 et
977 1589 1066 1627 crure
1081 1571 1128 1628 in·

46 1650 191 1731 guinaque
219 1648 310 1711 simul
339 1651 369 1708 ἰιιΙ
402 1648 463 1709 une
490 1668 587 1710 masse
613 1648 716 1711 velans
737 1650 845 1727 Graeci
866 1646 1001 1723 κάλτζας
1022 1650 1127 1731 appel·

45 1730 110 1791 lant
144 1727 217 1807 (vid.
249 1732 301 1792 Du
330 1732 432 1813 Gange
451 1724 485 1791 h'.
512 1753 543 1792 v.
553 1738 578 1819 l,
599 1733 680 1793 unde
702 1734 822 1793 catara
839 1744 870 1793 et
890 1732 1023 1813 calecam
1044 1734 1128 1793 ltalis'

46 1824 75 1873 et
94 1815 216 1875 Francis
237 1836 293 1897 pro
316 1813 529 1895 femoralibus,
561 1825 591 1875 et
611 1810 710 1897 Belgis
730 1816 857 1877 Carusen
882 1837 938 1896 pro
959 1814 1128 1877 cruralibus

45 1904 212 1978 usurpetur.
255 1898 348 1981 Neget
367 1898 406 1959 cl.
427 1898 611 1979 Muratorins
631 1899 670 1960 Τ.
694 1899 737 1959 ll.
758 1893 838 1983 Ant..
851 1896 920 1969 ital.
942 1901 974 1957 in
994 1898 1067 1958 diss.
1089 1898 1129 1961 de'

44 1982 151 2039 vestitu
181 1980 286 2042 ltalico
314 1992 395 2043 recte
413 1981 470 2041 sibi
492 1991 651 2059 constare,
687 1981 838 2041 fuerintne
862 1980 955 2041 bosae
975 1981 1129 2045 veteribus

43 2060 208 2125 celebratae
228 2070 346 2125 teritum
366 2063 518 2141 cruralia,
543 2086 593 2131 su¹
605 2064 665 2125 sint
686 2067 899 2125 vestimentum
920 2067 1015 2125 ocreis
1038 2064 1128 2125 Hun-

42 2148 150 2227 garicis
170 2147 284 2229 simile,
313 2148 392 2229 quae'
416 2148 525 2221 tibias,
554 2146 668 2207 lemare
700 2158 731 2207 et
753 2168 842 2207 coxas
862 2148 952 2207 simul
981 2148 1125 2207 vestiunt.-

41 2228 170 2289 lnclrnet
188 2240 288 2292 tamen
310 2253 368 2305 eo,
399 2241 434 2291 ut
466 2232 616 2311 posterius
634 2241 743 2291 rectius
764 2230 880 2291 eredat.
922 2226 1029 2312 Neque
1046 2229 1126 2290 falli·

40 2322 102 2371 tur.
124 2314 248 2395 ignotus
268 2324 332 2375 erut
356 2312 406 2373 bio
425 2316 550 2375 'vestitus
571 2314 695 2375 vetustis
715 2315 880 2391 Romanis,
902 2312 952 2394 qui
975 2324 1028 2373 aut
1056 2312 1125 2393 toga'

40 2408 94 2455 unt
114 2398 216 2479 tunica
239 2397 423 2473 utebantur,
445 2417 522 2478 qsrae
544 2395 651 2458 curbae
671 2420 688 2458 a
710 2396 789 2458 eollo
809 2397 881 2457 inde
904 2406 999 2539 napi:
1020 2396 1059 2456 ad
1073 2418 1127 2477 ge·¹

39 2500 101 2539 uua
124 2489 175 2539 eut
198 2480 293 2540 media
315 2478 415 2555 velet
435 2480 538 2541 infime
567 2492 656 2541 ‘crura
676 2479 830 2541 hominem
860 2480 952 2539 vestie
993 2490 1043 2549 nt,
1074 2488 1129 2541 arrt

37 2566 134 2643 sago,
154 2564 237 2645 quod
257 2565 332 2623 cilr'e
353 2563 500 2623 femorum
521 2584 589 2623 cum
613 2583 690 2643 genu
713 2562 900 2638 articulum,
921 2562 1074 2623 interdum
1096 2564 1127 2623 in'

37 2645 139 2705 medio
159 2646 272 2707 femore
291 2645 463 2718 desinebat,
486 2645 535 2706 vel
560 2646 649 2706 etiarn
669 2649 873 2727 perizomate,
905 2644 987 2725 qnod
1008 2666 1025 2704 a
1048 2649 1138 2707 cosia

36 2728 110 2787 inde
130 2730 265 2789 nondum
288 2729 327 2789 ad
348 2744 425 2811 genn
457 2728 669 2811 pertingebat,
699 2729 853 2809 quomodo
882 2726 988 2787 dicunt
1016 2724 1128 2789 Scotos'

34 2818 200 2873 montanos
221 2812 320 2873 adbuc
339 2814 463 2889 vestiri,
484 2822 547 2873 tem
567 2811 710 2872 brevibus
730 2810 853 2871 indutos
871 2808 1124 2894 perizomatibus,

34 2905 73 2954 ut
100 2895 139 2954 ad
170 2897 328 2958 minimum
349 2916 444 2977 paene
464 2897 599 2976 corporis
619 2892 735 2955 motuni
756 2887 795 2955 τὰ
815 2886 996 2973 priapeius
1023 2892 1127 2953 Theo·

32 2974 181 3059 phrastus·
200 2982 232 3039 in
254 2979 428 3039 Character.
451 2976 591 3060 appellat)
618 2986 794 3060 appareant.
838 2975 889 3034 Ab
910 2978 974 3035 istis
995 2974 1126 3037 rniliturrl

33 3060 246 3139 1Ιὶσιιιιιιιοιιιιιι
268 3059 667 3143 perizomatibus,quelium
689 3060 800 3143 effigies
815 3062 937 3143 ‘nummi
958 3070 1124 3139 praestent,

32 3147 239 3205 manaverunt
259 3156 355 3205 vestes
376 3144 530 3205 inferiores
550 3144 767 3221 foeminarum,
799 3140 902 3226 quales
923 3142 1033 3202 Franci
1050 3144 1126 3223 jupss

27 3242 86 3310 pes
108 3226 274 3309 appellant.
319 3228 385 3288 Hae
405 3228 488 3289 enim
510 3226 587 3287 nihil
606 3223 689 3287 aliud
712 3237 806 3307 surrt,
840 3245 932 3308 quem
953 3225 1024 3285 talie'
1044 3226 1125 3307 periss

31 3322 155 3371 zomata
173 3308 299 3387 talaria,
327 3310 476 3392 producta
495 3322 525 3371 ct
548 3309 701 3391 ¹ampliata.
744 3306 951 3370 Memorabilia
971 3302 1039 3383 e'st,
1071 3306 1125 3369 sed
1193 3342 1198 3349 ·

28 3394 244 3455 snbobscurus
258 3389 342 3454 locus
362 3394 451 3455 Pauli
472 3394 599 3453 Diaconi
622 3394 678 3453 lv.
706 3394 784 3465 ab„
805 3410 894 3473 quem
917 3412 950 3451 ex
972 3401 1059 3471 perte
1079 3392 1123 3450 ci·

29 3486 79 3537 tat
101 3477 155 3537 Du
176 3476 276 3559 Gange
303 3492 335 3536 v.
360 3478 435 3539 Osa.
477 3476 694 3559 Longoberdos
714 3472 766 3535 ille
785 3476 827 3534 ait
848 3475 922 3535 olim
946 3472 1124 3533 vestimenta*

27 3558 102 3619 lexa
124 3563 156 3620 e't
176 3556 256 3620 linea
276 3570 423 3640 gestasse,
444 3558 546 3643 qualia
574 3556 839 3640 Angla-Saxones
859 3552 974 3640 gestare
995 3576 1123 3633 consue·

27 3643 136 3703 'verint
165 3653 273 3703 ornata
304 3642 412 3724 institis
441 3642 597 3705 latioribus
618 3642 694 3703 varii
727 3641 847 3701 coloris.
890 3642 999 3700 Postea
1020 3660 1123 3720 roepe-

27 3726 291 3799 ι·ιιητ1ιιιιιίιιιί,Ι
321 3730 381 3801 eit,
413 3740 502 3811 saper
527 3747 597 3809 quos
624 3727 785 3809 equitantes
812 3725 966 3806 trbrrrgrgcs
1002 3720 1124 3801 byrreos'

27 3810 199 3875 malebant.
241 3806 305 3869 Sed
327 3810 382 3871 bec
415 3810 454 3871 de
482 3810 683 3870 Romanensm
719 3807 923 3868 eorarcctadiae
953 3818 1120 3866 traaeensat.

27 3892 101 3953 Hoc
122 3894 156 3953 in
188 3892 255 3953 loco'
281 3886 353 3953 sitnt
379 3894 467 3954 hosca
486 3888 665 3954 uestimenta
692 3888 824 3951 muralis
844 3901 874 3950 et
904 3887 1057 3949 femoralia
1087 3908 1121 3947 ex

27 3976 93 4035 nna
117 3988 237 4052 messa3
259 3976 309 4055 tyb
364 3978 397 4056 gi
415 3987 516 4040 antem
537 3977 740 4057 perizomate,
764 3972 802 4033 de
822 3971 932 4055 q'uibm
946 3968 1036 4051 paulo
1051 3962 1124 4031 aute¹

27 4056 188 4119 dicebam.
235 4058 283 4136 Ty
305 3996 366 4137 (illl
384 4071 418 4120 ut
438 4058 529 4121 bodie
549 4058 706 4119 scribimus
726 4056 787 4132 die)
807 4068 851 4117 est
866 4054 1009 4115 articulus
1023 4054 1123 4113 omnis

27 4142 152 4223 'generis
175 4142 351 4203 nominativi
372 4152 403 4203 et
422 4142 582 4203 accusativi
603 4139 740 4221 pluralis,
762 4133 805 4213 oi,
826 4132 878 4215 ai,
900 4132 939 4197 rii
955 4135 1004 4197 vel
1026 4129 1122 4209 τούς,Ι

27 4222 112 4300 laic,
144 4219 205 4299 ui,
229 4236 259 4286 et
279 4226 383 4307 Brugg
402 4236 467 4287 erat
486 4224 560 4285 olim
587 4240 645 4286 vor
666 4226 868 4297 Germanica,
898 4220 998 4281 edbue
1021 4216 1121 4279 Sard-

55 4353 271 4413 Cont'tautiitus
288 4358 418 4427 Porphyr.
445 4332 501 4409 istil.
522 4336 557 4409 11'.
890 4345 925 4420 54⁵
