2975 4892
211 341 268 409 an
299 337 523 406 consetur.
547 337 696 405 romu.
726 341 781 402 nn
811 331 947 404 emin.
975 338 1049 406 un.
1079 345 1119 407 11.
1148 313 1234 402 653

152 501 216 563 sire
234 509 276 561 ut
290 495 425 579 exempla
445 506 583 557 nostrum
602 493 754 579 aliquibus
775 480 852 558 l'orte
872 507 961 580 captu
980 499 1120 582 propiora
1145 500 1254 562 futu·-

153 605 188 644 ra
208 581 354 658 allevem,
389 601 453 641 cam
475 601 565 640 anam
586 589 640 639 aut
668 599 779 638 conum
800 578 850 640 vel
870 601 979 662 panem
1002 582 1230 658 sacchar-inum,

152 632 316 728 sufflris⁰in
349 684 386 724 eo
413 601 475 723 vel
484 661 721 746 dependentibus
750 683 783 722 ex
805 683 841 722 eo
859 684 913 745 per
932 663 1079 724 ambitum
1102 665 1232 727 lucernis

152 747 375 846 illustrantibus
385 746 563 806 triclinium.
574 746 671 806 Erant
693 747 770 805 varii
783 747 898 828 generis
919 745 1110 845 camelaucia.
1123 748 1247 848 Unum

148 828 563 995 attestatum.
581 829 1232 994 efflet?t0l.:2.⁵{¹⁸.·.1,l⁸¹t..tltff

149 1019 204 1059 zen
236 994 449 1078 appellamus,
462 997 613 1056 nominee
631 991 877 1068 Bleclrmiintzen‚
900 998 1032 1056 nummis
1050 995 1228 1071 bracteatis,

151 1083 301 1162 repetito,
320 1079 465 1160 qnoniam
494 1077 580 1141 velut
606 1077 727 1148 caucia,
759 1077 908 1159 scgphia,
937 1079 1075 1160 cymbia,
1098 1079 1232 1142 conchae

149 1163 281 1224 insident
318 1162 432 1243 capiti,
466 1171 566 1220 exacte
597 1160 794 1241 congruentia
827 1162 921 1242 ipsius
940 1161 1127 1244 peripheriac
1147 1174 1178 1224 et
1199 1165 1230 1225 in

148 1267 263 1308 conum
282 1254 336 1305 aut
355 1264 487 1304 vacuom
507 1244 639 1324 spatium
657 1263 716 1302 uon
729 1253 898 1325 assurgunt.
941 1244 1136 1326 Appellamus
1154 1267 1231 1330 qno-

148 1351 210 1412 que
229 1329 552 1403 Futmanmmttmn,
586 1325 746 1386 almnccias
766 1329 991 1400 maranorum,
1015 1331 1087 1410 qnia
1106 1331 1231 1392 carrarii

147 1423 286 1475 vectores
303 1409 371 1471 talis
392 1410 507 1470 formae
532 1409 650 1469 bonetis
680 1407 766 1468 lincis
795 1429 864 1468 eum
890 1409 970 1470 villis
990 1413 1233 1488 λινομαλλωτοῖς

148 1501 196 1556 uti
227 1493 336 1559 solent.
377 1493 478 1553 Huius
508 1492 624 1574 generis
642 1489 823 1551 camelaucia
843 1502 960 1572 gestant
978 1491 1022 1554 illi
1043 1494 1104 1554 dno
1124 1515 1233 1576 proce-

151 1600 218 1651 res,
241 1578 397 1639 eunuchus
424 1575 672 1658 protovestiarius
700 1585 732 1634 ct
759 1575 930 1649 canicleua,
961 1577 1015 1658 qui
1039 1577 1072 1637 in
1099 1579 1231 1661 imagine

150 1660 349 1722 Geremoniali
396 1669 501 1720 nostro
534 1657 666 1739 praelixa
709 1657 886 1739 Imperatori
931 1677 950 1718 a
987 1658 1089 1720 dextra
1129 1672 1229 1739 stant3
1348 1729 1356 1744 ,

149 1745 224 1806 item
253 1754 438 1825 protectores
464 1763 497 1802 1n
517 1740 647 1822 imagine
679 1739 837 1800 Iustiniani
863 1741 1037 1801 Rauennate
1067 1743 1149 1824 apud
1177 1746 1229 1806 Du

150 1826 299 1908 Congium
317 1825 427 1887 Famil.
447 1824 603 1906 Byzantio.
625 1844 657 1904 p.
673 1844 726 1906 97.
749 1823 871 1884 extremi
893 1843 912 1882 a
934 1823 1036 1884 dextra
1064 1823 1230 1907 Imperato-

148 1911 213 1987 ris3
236 1910 308 1970 item
329 1908 373 1970 illi
393 1906 473 1968 Galli
493 1909 526 1966 in
551 1917 749 1967 monumento
770 1905 828 1967 sub
848 1905 972 1967 Tiberio
992 1907 1073 1989 Aug.
1094 1909 1227 1986 condito,

146 1991 233 2074 quod
268 1993 348 2074 apud
378 1994 525 2064 Murator.
553 2011 585 2072 p.
605 1988 768 2049 MLXVll.
794 1991 855 2049 aeri
887 1991 1014 2049 incisum
1034 1992 1229 2074 conspicitur.

108 2133 111 2141 ,
146 2074 361 2158 losephushoc
379 2095 474 2154 genus
492 2073 613 2135 ridetur
632 2073 723 2132 ullor
743 2059 865 2132 ἄκωνον
883 2071 1044 2154 appellare,
1065 2074 1147 2156 quod
1164 2076 1231 2137 Ru-

146 2159 227 2220 finus
242 2161 332 2219 vertit
349 2160 467 2240 pileum
488 2158 521 2215 in
545 2155 666 2216 necdum
681 2155 847 2215 calamam
859 2157 923 2216 sive
942 2157 1074 2216 eatstan.
1114 2159 1230 2220 Locum

147 2240 246 2304 debeo
262 2241 314 2301 Du
324 2239 438 2322 Cangio
449 2261 481 2299 v.
505 2239 733 2317 Cancelarccmm,
744 2237 798 2298 ubi
819 2240 936 2321 egregia
949 2237 1007 2300 hac
1021 2239 1059 2298 de
1074 2259 1108 2301 re
1124 2240 1227 2303 habet.

146 2321 289 2385 Alterum
298 2322 472 2384 camelaucii
480 2343 574 2405 genus
579 2331 644 2382 erat
654 2317 941 2403 ἐσφενδονισμὲνον,
950 2343 967 2383 c
976 2321 1082 2397 fundo,
1094 2323 1234 2402 (fundum

147 2405 268 2489 appello
283 2419 448 2468 extremum
464 2406 650 2486 marginem,
673 2404 726 2485 qui
746 2403 878 2464 frontem
902 2407 999 2486 tegit,)
1018 2427 1035 2467 e
1054 2405 1148 2468 fundo
1171 2410 1231 2490 igi-

147 2499 201 2550 tur
230 2489 396 2550 orbiculari
416 2487 522 2549 latiore
552 2489 584 2547 in
606 2489 722 2569 apicem
743 2488 883 2548 conicum
903 2486 1042 2549 desinens
1059 2509 1069 2567 ς
1087 2493 1136 2549 cui
1153 2493 1230 2573 apici

146 2584 200 2636 ant
220 2583 302 2634 recto
323 2574 356 2633 in
374 2571 470 2633 altum
489 2570 602 2648 stanti,
622 2569 662 2630 ad
688 2569 813 2629 modurn
838 2568 909 2652 pilei
924 2572 1037 2631 nautici
1063 2581 1117 2632 ant
1149 2572 1230 2636 Ara-

145 2654 230 2733 bici,
251 2666 282 2717 et
312 2677 347 2716 ex
378 2664 464 2737 parte
484 2673 605 2736 quoqne
640 2653 748 2712 mitrae
783 2652 975 2734 episcopalis,
1008 2656 1109 2736 (qnam
1126 2653 1230 2736 Pny-

144 2741 231 2820 giam
254 2737 466 2820 appellabant,
493 2736 576 2818 quod
596 2734 676 2817 pileo
707 2735 842 2817 Phrygio
863 2734 967 2795 similis
988 2747 1082 2809 esset,
1104 2738 1167 2799 vid.
1190 2739 1230 2801 ad

171 2865 179 2880 .
202 2822 274 2882 332.
291 2822 332 2882 A.
349 2823 381 2885 5.
391 2828 413 2899 ,l
434 2830 487 2882 aut
506 2817 635 2880 inlatus
653 2815 819 2892 reclinato,
847 2829 900 2878 aut
920 2817 1013 2895 nihil,
1036 2828 1089 2880 aut
1109 2816 1228 2899 oetpd,

162 2909 167 2919 '
208 2903 268 2983 lla,
286 2915 398 2966 nutans
414 2902 528 2985 aliquid
547 2913 578 2962 et
592 2901 657 2963 laxe
670 2901 804 2984 pendens
820 2900 957 2962 additum
973 2913 1030 2978 eet,
1050 2904 1114 2964 erite
1130 2903 1229 2965 Trod·

144 2987 198 3048 det
217 2986 266 3048 vel
294 2987 443 3066 Pommel,
606 2985 734 3046 dicimus
764 2984 833 3066 (une
847 2981 976 3070 Houppe
993 2984 1124 3059 Franci,
1151 2986 1228 3048 don-

144 3071 219 3131 dola
232 3069 298 3130 Itali
318 3070 445 3130 dicunt.
521 3070 588 3128 uius
609 3069 726 3150 generis
754 3066 937 3128 camelaucia
961 3080 1069 3150 gerunt
1090 3089 1228 3149 proceres

146 3152 210 3213 duo
241 3152 349 3235 reliqui
379 3154 412 3213 in
439 3150 492 3212 illa
513 3153 643 3233 imagine
670 3161 775 3212 nostra
802 3150 841 3212 ad
860 3151 1053 3233 Imperatoris
1078 3151 1229 3214 sinistram

47 3307 52 3314 ,
148 3245 280 3314 stantes,
317 3246 348 3296 et
370 3245 431 3296 tres
459 3235 541 3317 Magi
556 3234 636 3294 dona
659 3233 778 3295 Christo
801 3255 905 3295 recens
927 3244 998 3294 nato
1017 3232 1175 3296 offerentes
1196 3239 1229 3297 in

146 3339 274 3382 nummo
304 3319 425 3378 loannis
442 3317 606 3378 Tzimiscae
621 3316 701 3399 apud
730 3318 782 3376 Du
805 3316 951 3400 Caugium
968 3317 995 3376 F
997 3317 1080 3378 amil.
1100 3318 1225 3400 Byzant.

146 3423 179 3484 p.
197 3403 266 3464 152.
284 3421 374 3462 versu
393 3403 511 3484 primo,
533 3411 564 3460 et
583 3399 705 3482 gerebat
721 3401 857 3482 princeps
874 3399 1053 3460 Antiochiae
1073 3401 1228 3464 Gerendus

145 3487 179 3545 in
200 3495 407 3545 torneamento
428 3505 496 3544 cum
516 3483 657 3543 Manuele
679 3483 835 3542 Comneno
858 3483 939 3563 apud
961 3482 1154 3544 Antiochiam
1178 3486 1228 3546 in-

145 3569 271 3644 stituto,
289 3578 365 3628 teste
384 3568 488 3627 Niceta
513 3586 544 3645 p.
561 3563 612 3648 57.
630 3565 682 3628 C.:
704 3560 786 3645 ἔχων
806 3561 859 3624 ἐπὶ
878 3563 1020 3646 κεφαλῆς
1037 3567 1127 3625 πῖλον
1147 3557 1227 3628 κατά

144 3645 261 3728 τιάραν
288 3646 442 3729 ἑπικλινῆ.
482 3648 557 3709 Tale
582 3647 799 3709 camelaucium
826 3656 891 3707 crat
914 3647 958 3723 id,
979 3647 1018 3706 de
1040 3669 1101 3729 quo
1122 3661 1227 3712 nostro

145 3735 178 3792 in
206 3731 273 3794 loco
287 3735 408 3814 agitur,
445 3733 530 3792 cuius
560 3733 717 3792 occasione
733 3730 771 3791 de
803 3728 992 3792 camelanciis
1013 3729 1112 3792 dicere
1132 3736 1228 3814 coepi.

146 3815 228 3894 Quia
254 3815 334 3875 enim
352 3835 481 3874 coronae
499 3813 680 3887 luminosae,
702 3806 743 3874 cci
766 3808 1012 3893 πολυκάνδηλα,
1034 3813 1227 3876 ecclesiarum

145 3909 177 3958 et
203 3895 404 3957 tricliniorum
432 3897 711 3979 camaris'suspendi
732 3895 830 3972 solita,
855 3895 964 3956 inimo
987 3895 1165 3978 ampliores,
1196 3910 1227 3959 et

146 3980 209 4063 q'uo
225 3981 315 4041 altius
337 3978 571 4057 adscenderent,
590 4001 626 4040 eo
656 3981 788 4040 minores
808 3977 938 4040 circulos
954 3977 1226 4062 hebebant,pa1i·

143 4074 251 4146 terque
274 4063 489 4124 camelaucium
513 4061 635 4123 secundi
656 4063 773 4144 generis
789 4061 828 4122 ad
848 4061 974 4122 modum
1003 4066 1071 4124 coni
1092 4063 1227 4125 succisam

136 4147 248 4228 coibat
268 4147 299 4206 in
322 4149 454 4228 apicem:
479 4145 589 4206 factum
610 4167 643 4207 ex
664 4166 700 4206 eo
719 4145 786 4224 fnit,
806 4155 841 4205 ut
853 4144 913 4206 talc
927 4145 1158 4229 polycandclum
1173 4167 1228 4228 per

144 4229 353 4313 metaphoram
381 4227 605 4317 camelaucium·
632 4227 793 4292 diceretur.
843 4229 918 4292 Erat
952 4251 1074 4314 quoque
1100 4229 1225 4292 tertium
