2975 4892
101 335 151 406 tu
177 339 398 408 comtum.
427 343 576 410 marn.
603 341 660 408 nn
693 343 832 408 osam.
850 345 924 408 ιιι.
948 340 988 410 ιι.
1034 312 1119 430 osy

50 502 127 560 usim
136 497 272 562 Pristim
285 501 359 562 hoel
366 498 566 581 uufflicitet
578 502 768 584 inigugieiei
778 499 857 562 sind:
868 500 912 586 [et
919 500 1010 584 panlo
1018 496 1117 586 post]

52 603 96 641 uu
110 581 200 643 Seiten
224 584 393 664 begleiteten
406 586 449 644 sie
463 605 565 644 eween
577 583 722 656 Knuben,
736 585 850 645 welche
867 605 968 645 eweeu
988 587 1120 668 vergidte

53 663 124 745 Spies
133 666 201 726 oder
212 665 342 750 Stungen
358 669 410 726 mit
420 667 671 728 Lorberkn'intzen
679 667 870 748 meranden,
893 669 958 728 und
968 667 1040 728 oben
1049 669 1122 747 fest

51 750 152 808 uatem
164 749 264 809 Creutz
281 771 410 821 waren,
431 750 494 810 wid
510 751 572 810 wie
593 753 641 811 ein
662 750 767 835 Spigel
778 739 944 830 gdtmzten,
968 747 1082 830 turpem

120 831 229 912 C.pen.
243 831 327 915 [575‚
344 831 408 914 um]
429 827 548 910 τύχοις.
564 831 609 894 lte
628 833 820 894 membranae
848 842 903 915 pro
933 835 1054 910 τοίχοις
1088 845 1119 894 et

50 912 179 989 aoyidiio
197 934 253 996 pro
274 916 438 999 καγκὲλλῳ.
482 912 657 996 Fluctuari,
672 917 725 977 diu
746 917 899 998 qoonmdo
913 915 1014 976 locum
1036 914 1119 978 huno

51 995 205 1070 redderem,
230 1009 261 1060 et
279 1000 364 1080 prius
384 1011 535 1058 verteram
555 1001 617 1060 sier
656 1003 762 1073 latero,
780 1013 813 1059 ut
827 1017 891 1059 mos
910 1003 1071 1078 estsuoere
1084 1001 1118 1060 tu

47 1081 284 1158 processionibus,
309 1095 338 1141 et
358 1082 427 1140 aliis
448 1081 646 1166 quibusdam,
663 1105 735 1167 qrios
758 1083 813 1142 itta
821 1081 947 1161 serebat
958 1084 1120 1142 annitam-

48 1174 147 1239 pestm,
168 1163 302 1248 floribus
323 1164 522 1250 corfigurutae
548 1199 589 1214 ·-
611 1167 655 1226 ud
670 1167 815 1225 'dextram
834 1167 953 1249 puriter
973 1177 1061 1249 utque
1080 1167 1121 1224 si·-

50 1244 157 1304 nistram
180 1249 330 1327 parietum
349 1269 370 1326 o
395 1246 533 1308 cancellis
567 1249 637 1309 inde
660 1249 866 1308 Potamiormn
888 1250 932 1306 sic
951 1247 1117 1318 dictorum,

51 1337 73 1382 et
101 1328 135 1385 ai
154 1329 249 1390 illiso
276 1343 352 1390 reete
383 1331 521 1392 stantibus
559 1333 648 1413 vrdgo
676 1334 719 1392 sic
745 1330 832 1390 dictis
852 1329 1018 1390 Arboribus
1051 1326 1124 1408 offis

51 1428 102 1468 eae
119 1425 208 1477 erasit.
232 1411 350 1474 Deinde
370 1415 504 1486 mutavi,
527 1411 607 1474 malo
628 1414 707 1490 fato,
729 1410 961 1495 proculdubio.
1003 1413 1122 1491 Quam·⁴

52 1491 88 1549 vis
106 1495 179 1554 enim
200 1496 303 1558 neseio
317 1495 391 1577 quid
410 1497 562 1573 Potamia,
583 1498 656 1578 quid
678 1495 813 1557 Arbores
834 1495 967 1556 fuerint:
990 1515 1052 1556 non
1067 1496 1121 1556 dn

52 1569 103 1634 bito
121 1588 229 1651 tamen,
268 1579 366 1654 hane,
397 1599 490 1661 quam
512 1579 610 1641 modo
634 1578 747 1656 attuli,
781 1581 1058 1658 interpretationem
1079 1578 1125 1640 illi

51 1659 262 1734 praeferendam
277 1684 349 1734 esse,
364 1682 442 1743 quae
456 1664 579 1724 Graecis
593 1663 697 1724 verbis
710 1665 848 1744 apposita
866 1661 934 1720 snit.
956 1662 1017 1721 Sed
1037 1679 1124 1742 saepe

52 1744 179 1824 contingit
197 1742 288 1806 nobis
316 1744 588 1820 homuncionibus,
617 1755 665 1821 ut,
687 1767 741 1827 per
760 1743 990 1824 trepidationem
1010 1743 1125 1805 omissis

52 1831 76 1878 et
92 1825 206 1888 abiectis
228 1824 428 1898 melioribus,
452 1831 583 1909 quaein
605 1839 728 1910 promtu
750 1837 780 1891 et
801 1829 833 1886 in
854 1827 994 1886 manibus
1012 1837 1121 1902 erant,

54 1901 183 1968 deteriora
197 1912 389 1992 arripiamus.
415 1909 461 1970 Τὰ
474 1909 589 1990 δένδρα
610 1909 884 1974 videnturarbores
895 1919 985 1989 oper‘e
993 1911 1124 1987 topiario

52 1983 140 2066 betae,
150 1991 251 2054 buxus
261 1993 309 2054 vel
322 2005 407 2054 taxus
420 1994 452 2052 in
465 1993 608 2054 arborum
618 1997 746 2076 speciem
758 1993 890 2070 concisa,
902 1992 1002 2052 fnisse.
1010 1986 1056 2051 Ti
1070 2010 1128 2050 uo·

52 2063 135 2144 τόμια
155 2095 229 2138 vero
254 2076 331 2138 sorte
351 2071 473 2137 suerunt
492 2087 588 2138 metae
601 2097 787 2139 marmoreae
807 2095 877 2134 eum
897 2073 985 2136 lineis
1005 2073 1125 2134 undan-

51 2150 134 2229 tibus,
156 2179 262 2220 coram
284 2157 343 2220 illis
363 2158 501 2220 cancellis
522 2161 654 2240 poeitne3
676 2160 742 2221 vid.
769 2159 821 2218 Du
842 2157 943 2238 Gange
962 2179 994 2218 v.
1020 2157 1129 2217 Ποται·

52 2235 113 2313 imi,
144 2252 174 2300 et
194 2263 276 2324 quae
297 2259 387 2322 supra
415 2240 476 2302 dixi
498 2243 537 2302 ad
556 2265 671 2324 p.271.
690 2243 726 2302 C.
749 2243 789 2302 de
807 2241 966 2314 delesses
986 2251 1039 2300 eut
1058 2238 1125 2299 iue-

52 2329 111 2380 fflflt
128 2343 220 2403 genus
237 2322 362 2406 aliquod
377 2327 519 2386 materiae
539 2347 591 2386 seu
614 2324 730 2408 ligneae
747 2346 805 2385 seu
824 2343 1025 2399 marmoreae,
1044 2325 1131 2383 euius

53 2411 95 2458 aut
113 2425 223 2468 asseres
254 2419 309 2468 eut
332 2406 454 2468 tabidae
486 2429 589 2470 saxeae
607 2408 650 2469 sic
686 2411 784 2490 metae
810 2417 959 2466 naturave
980 2407 1128 2466 formatae

54 2497 152 2562 essent,
177 2502 212 2551 nt
233 2490 385 2552 undantes
418 2489 510 2552 rivos
521 2490 718 2566 exhiberent,
741 2490 774 2549 id
797 2501 842 2550 est
863 2487 1010 2550 haberent
1031 2487 1126 2550 lineas

53 2575 209 2646 serpentino
229 2593 318 2636 more
333 2570 521 2634 fluctuantes.
561 2573 683 2634 Scilioet
703 2595 752 2649 ee,
773 2593 851 2653 quae
873 2569 1057 2648 γραδωτῶς,
1072 2581 1132 2653 per·
1220 2628 1222 2637 ,

53 2651 167 2731 graden,
187 2657 241 2717 sed
264 2677 325 2717 non
348 2666 448 2735 reete,
470 2669 576 2718 verum
597 2655 747 2716 nudatum
769 2652 928 2736 parallelos
947 2653 1128 2734 procedunt,

54 2739 155 2796 eanovi
164 2739 276 2810 Graeci
292 2732 431 2817 ποτάμια
459 2738 624 2821 appellant.
667 2738 789 2799 Gontin.
804 2735 1000 2816 Theophanis
1021 2737 1058 2795 L.
1075 2735 1132 2795 lll.

54 2816 148 2890 ude:
166 2811 182 2878 ὅ
199 2811 368 2902 liupcundo
389 2813 577 2903 ciromines
595 2815 650 2900 τὴν
662 2821 772 2900 κλῆσιν
797 2814 898 2889 διὰτὸ
911 2812 974 2878 dud
986 2817 1040 2897 τῆς
1052 2839 1131 2894 you*

55 2889 165 2973 διέσεως
186 2899 275 2983 ἔχειν
289 2899 350 2964 ἀπὸ
375 2901 467 2964 iubeo
478 2901 645 2982 Καριανοῦ
658 2892 725 2962 οἷον
736 2895 858 2962 πλατύν
877 2921 949 2961 τινα
970 2893 1130 2974 ostender

55 2979 108 3038 vid.
121 2983 169 3044 Du
179 2987 284 3132 Gange
292 2983 323 3052 h.
337 3001 368 3045 v·
388 2986 508 3048 etdieta
529 3009 546 3046 a
569 2987 656 3046 nobis
673 2980 752 3069 adp.
769 2985 840 3046 502.
856 2982 891 3044 G.
911 2983 950 3043 de
969 2980 1130 3044 umbilicis.

105 3064 232 3134 osen.
272 3061 545 3152 ·[57d‚7⁶]t⁰dt
578 3063 708 3148 λώρους.
753 3065 960 3144 Quamvisde
980 3064 1072 3138 loris,
1095 3065 1134 3125 de

55 3143 225 3224 scipionibus
254 3162 286 3212 et
320 3151 493 3212 enexicaeiis
522 3151 570 3212 vel
592 3153 724 3222 ecaciis,
758 3151 797 3212 de
830 3150 941 3232 quibus
961 3148 1011 3208 hie
1032 3168 1133 3209 sermo

56 3223 98 3302 fit,
118 3233 216 3314 ample
246 3235 421 3295 disseruerit
452 3235 503 3294 Du
524 3235 624 3316 Gange
643 3235 676 3294 in
704 3233 922 3296 dissertationis
942 3230 980 3291 de
1001 3231 1133 3291 nummis

54 3313 110 3371 aevi
140 3317 232 3378 medii
271 3321 427 3398 ingressu,
470 3315 618 3400 reliquum
653 3327 755 3378 temen
803 3315 1002 3376 nihilominus
1047 3311 1137 3373 nohis

55 3409 187 3477 quoque,
209 3399 296 3482 quod
315 3399 494 3476 diceremus,
514 3399 594 3461 fecit.
639 3401 814 3481 Tria,quae
834 3399 983 3470 diximus,
1005 3394 1085 3455 loros
1106 3405 1138 3456 et

55 3474 187 3556 wlpiones
208 3495 241 3544 et
278 3483 392 3544 acaciae
414 3485 538 3544 vetustis
562 3482 736 3544 consulibus
758 3483 873 3542 Ratione
893 3483 1015 3561 propria
1036 3479 1138 3552 fuisse,

56 3557 76 3614 si
93 3579 152 3624 non
173 3565 240 3646 ipsa
262 3565 429 3650 iisdemque
448 3565 641 3638 nominibus,
663 3575 695 3626 at
715 3586 764 3625 res
789 3576 889 3625 tamen
911 3561 1077 3622 admodum
1096 3563 1138 3621 si··

55 3639 150 3724 miles,
179 3648 373 3731 aliquantum
407 3660 536 3711 mutatas
557 3647 648 3730 longo
668 3659 842 3728 temporum
867 3665 979 3719 eursu,
1000 3655 1030 3705 et
1049 3647 1139 3703 inre·

57 3719 133 3814 dente
152 3731 382 3811 superstitione,
403 3753 522 3792 morum
543 3744 634 3814 atque
653 3751 807 3792 sacrorum
826 3728 1011 3803 diversitate,
1033 3735 1065 3788 et
1082 3747 1138 3786 ane·

58 3805 192 3886 iquitatis
212 3814 287 3876 deni
331 3836 347 3876 e
368 3817 564 3896 ignoratione,
587 3814 736 3876 constabit
757 3815 896 3894 protinus
917 3831 936 3870 e
954 3821 1057 3870 nostra
1077 3809 1139 3873 diss

55 3897 210 4025 {cudone
254 3896 277 3956 S
337 3901 422 3978 prius
441 3897 617 3969 dicendum,
639 3895 713 3978 quid
734 3895 818 3958 lorus
840 3906 894 3955 aut
915 3892 1013 3954 lotum
1034 3892 1138 3954 buerit.-

81 3981 104 4030 st
130 3989 232 4040 autern
266 3999 413 4061 perquam
440 3977 560 4042 difficile
589 3978 798 4042 definitionem
831 3986 884 4038 aut
910 3975 1143 4059 descriptionem

58 4049 120 4116 dere
132 4059 203 4122 loeis
214 4063 359 4142 omnibns
386 4074 563 4140 auctorum,
584 4065 636 4144 qni
659 4056 800 4125 lorornm
816 4061 998 4122 mentionem
1015 4059 1139 4131 fuciunt,

59 4147 103 4194 tut
115 4138 249 4226 lororum
265 4142 424 4228 generibus
442 4147 583 4208 omnibus
603 4165 780 4227 congruam.
795 4143 863 4206 Non
884 4145 964 4206 enim
984 4141 1069 4204 idem-
1085 4155 1143 4222 a'p⁸¹

56 4217 189 4294 pelatnm
219 4225 280 4288 finit
299 4228 485 4310 temporibus
505 4229 658 4306 omnibus,
678 4227 732 4292 sed
751 4219 1066 4312 diruissimaxlignm
1086 4216 1146 4286 tert

88 4333 287 4398 camerarium
308 4337 441 4417 Porphyr·
463 4332 519 4397 Vot
539 4336 576 4398 ii.
914 4334 949 4408 it
