2975 4892
151 301 209 368 so
237 301 466 370 causatur.
492 291 641 372 roura.
669 307 724 369 na
751 303 887 372 carru
917 307 991 374 nm
1019 311 1059 372 u.
1092 275 1175 396 pol

91 459 296 522 Rhamnuslus
323 462 355 523 io
377 461 577 543 descriptione
605 460 677 524 belli
704 459 891 526 Venetorum
921 486 989 526 oum
1022 463 1172 543 CPtanis‚

89 542 197 605 tabula
210 545 324 622 tertia,
356 547 511 628 repetitam
533 567 552 606 a
571 547 623 606 Du
642 546 756 628 Gangio
777 546 893 613 dissert.
916 547 954 607 de
965 552 1095 608 nummis
1110 545 1176 608 tab.

91 627 150 685 Vl.
180 638 210 687 et
236 625 326 686 aliam
354 628 498 689 Horatius
520 629 648 690 blancus
667 630 698 689 in
718 631 798 692 notis
816 630 855 690 ad
878 629 1020 690 Paullum
1039 629 1174 690 Warne-

91 708 208 770 fridum
231 712 264 770 in
293 713 422 794 imagine
451 713 652 772 coronationis
679 714 757 793 regis
777 711 1012 794 Langobardioi,
1045 723 1076 773 et
1102 715 1175 774 item

91 791 183 854 aliam
202 791 372 853 Bandurius
396 795 468 858 Ant.
494 795 572 876 lmp.
603 795 662 854 Or.
686 793 727 854 T.
750 795 788 856 ll.
813 817 844 876 p.
862 795 934 857 632.
954 795 1017 856 teb.
1045 795 1097 874 5.,
1121 795 1176 856 ubi

91 873 225 936 Helenae
236 877 423 956 imperatrici
441 897 559 937 crucem
581 877 744 938 invenienti
764 877 883 938 adstant
906 879 1019 940 ostiarii
1039 877 1100 939 duo
1122 899 1175 938 eu·

92 957 186 1018 auehi
220 969 356 1039 gerentes
381 960 538 1040 epomidas
564 981 615 1020 seu
645 956 845 1038 armilausas,
872 963 904 1020 in
924 963 1019 1022 mmsis
1041 962 1172 1036 clausos,

94 1050 129 1100 ut
149 1044 193 1102 ait
213 1041 367 1119 lsidoros,
397 1042 430 1102 id
450 1053 494 1104 est
514 1046 547 1102 in
569 1043 689 1125 regione
709 1041 904 1104 brachiorum
926 1041 1036 1104 solidas
1058 1046 1177 1125 epomi-

94 1123 160 1184 das.
203 1125 260 1184 Est
279 1145 384 1186 mera
405 1124 559 1207 scapulare
577 1126 637 1186 hoc
655 1128 850 1199 aculeum,
877 1126 908 1186 id
930 1136 974 1188 est
995 1128 1085 1188 vestis
1105 1127 1176 1186 bra-

92 1205 241 1268 chialibus
259 1229 376 1269 carens.
414 1210 530 1270 Verum
554 1208 629 1270 solet
648 1211 747 1291 potius
775 1209 951 1294 scapulare,
973 1229 1063 1292 quam
1084 1210 1177 1270 armi-

94 1285 191 1351 lausia
212 1292 326 1352 vocari.
366 1291 450 1354 lllud
471 1303 574 1352 autem
594 1295 827 1364 vestimentum,
850 1291 933 1373 quod
952 1291 1043 1374 vulgo
1063 1313 1100 1354 eo
1118 1313 1178 1352 no-

93 1376 179 1434 mine
199 1375 339 1434 veniebat
360 1372 453 1445 olim,
480 1375 541 1435 fuit
566 1373 655 1456 quale
679 1375 888 1456 descripsimus
907 1395 1010 1457 sagum
1034 1395 1089 1456 pro
1109 1395 1175 1436 ma-

92 1456 170 1516 nicis
193 1456 307 1537 amplas
326 1458 469 1518 fenestras
488 1457 625 1534 habena,
645 1479 700 1540 per
719 1474 797 1539 quas
816 1455 938 1518 brachie
959 1469 1174 1519 exsererentur.

93 1538 236 1600 Militeris
254 1539 330 1601 haee
350 1540 523 1601 armilausia
543 1551 619 1602 erat.
659 1539 792 1601 Militum
819 1541 900 1601 enim
920 1551 1069 1622 gestamen
1086 1541 1178 1602 foisse

94 1621 316 1697 armilausiam,
338 1633 456 1704 constat
473 1645 507 1684 ex
541 1623 601 1686 illis
620 1634 778 1684 auctorum
798 1619 889 1700 loeis,
910 1643 986 1703 quos
1009 1623 1059 1684 Du
1074 1626 1178 1706 Gange

96 1704 149 1780 Gi.
172 1706 241 1766 Lar.
264 1705 296 1768 h.
316 1725 349 1766 v.
369 1705 521 1789 allegavit.
547 1707 706 1804 xlitterum
735 1706 812 1766 illud
832 1707 969 1787 superius
989 1705 1178 1767 armilausiae

94 1801 550 1954 tttttsttttttptttt
563 1800 674 1944 iiis,
691 1789 1177 1953 tt‘stllat'ttsstltttt

95 1957 178 2036 quod
200 1965 302 2014 tamen
322 1954 361 2016 de
381 1955 542 2016 armilausa
563 1956 728 2017 Mauricius
753 1954 892 2015 affirmat.
933 1955 1008 2014 Fuit
1021 1959 1112 2038 igitur
1131 1954 1178 2016 el-

94 2048 160 2100 tera
181 2039 256 2099 haee
276 2037 413 2098 militaris
443 2038 616 2100 armilausia
646 2038 766 2099 diversa
786 2038 825 2098 ab
844 2037 895 2098 illa
915 2039 1069 2118 superiore
1091 2057 1177 2122 pom-

92 2122 191 2203 patica
211 2130 242 2182 et
262 2142 385 2202 prorsus
410 2123 515 2183 eadem
534 2143 604 2183 oum
624 2120 775 2182 Sclavina.
817 2120 1018 2182 Schalaunam
1046 2120 1178 2204 appella·

93 2225 165 2264 mus
182 2203 311 2288 pallium
336 2204 432 2266 talare
456 2226 519 2266 non
547 2204 705 2286 amplum,
735 2226 754 2266 a
784 2213 906 2286 pectore
932 2215 1090 2284 apertum,
1126 2213 1180 2264 aut

90 2285 224 2369 globulis
252 2287 429 2366 consertile‚
455 2287 523 2349 loco
546 2289 732 2348 manicarum
760 2287 860 2370 ampla
889 2287 1037 2348 foramina
1063 2287 1178 2348 babens

92 2372 264 2433 exserendis
281 2370 439 2431 brachiis..
467 2371 497 2431 A
517 2372 678 2432 sclalaono
698 2370 756 2432 hoc
784 2389 847 2431 non
866 2369 1022 2430 differebat
1042 2381 1178 2432 veterum

92 2453 253 2530 Solavina,
283 2453 340 2514 nisi
360 2453 422 2514 sola
444 2453 642 2536 longitudine.
683 2452 848 2514 Desinebat
867 2455 948 2512 enirn
968 2453 1047 2513 intra
1067 2453 1179 2534 pubem

92 2548 126 2598 et
146 2558 255 2619 genua.
299 2538 463 2618 lmagioem
486 2540 551 2598 eius
566 2538 671 2598 videre
690 2549 733 2598 est
754 2538 786 2597 in
808 2537 888 2596 notis
907 2535 1016 2616 Angeli
1037 2535 1075 2596 de
1093 2535 1179 2598 Nuce

92 2619 134 2682 ad
156 2620 328 2682 Cbmnicon
358 2621 536 2681 cassinense
560 2620 599 2679 T.
623 2621 676 2685 lv.
697 2621 806 2700 Script.
836 2619 908 2678 Iter.
931 2617 1026 2678 Italic.
1049 2639 1081 2702 p.
1104 2639 1176 2702 217.

92 2704 215 2778 Vestis,
246 2724 338 2785 quarn
359 2705 455 2764 sancti
475 2702 537 2764 duo
556 2703 616 2762 viri
637 2702 679 2762 ibi
700 2723 768 2764 aere
788 2701 916 2784 expressi
937 2720 1039 2783 gerere
1058 2703 1180 2783 conspi-

91 2788 239 2864 ciuntur,
266 2785 407 2847 Sclavine
437 2796 504 2859 est,
535 2796 567 2846 et
595 2795 696 2846 exacte
715 2785 807 2845 refert
833 2795 957 2846 westona
980 2803 1033 2843 seu
1053 2785 1181 2844 carniso-

92 2870 173 2932 lium
198 2870 248 2931 vel
267 2871 401 2929 tunicam
423 2868 602 2929 nostratium
624 2869 805 2929 rusticorum
826 2866 934 2928 demtis
953 2865 1179 2944 brachialibus,

91 2973 228 3034 quorum
248 2953 315 3014 loco
337 2952 484 3013 fenestrae
502 2963 617 3034 patent.
661 2953 696 3011 ln
711 2961 832 3034 pectore
852 2953 942 3012 scissa
962 2970 1023 3011 non
1044 2959 1107 3027 est,
1127 2949 1180 3011 sed

91 3035 193 3096 tablio
221 3045 424 3119 praetextata,
457 3036 625 3118 margaritis
653 3055 709 3117 per
736 3045 896 3116 utramque
923 3054 1008 3094 oram
1030 3033 1183 3094 continuis

91 3129 217 3182 ornato.
256 3120 344 3180 Circa
374 3119 489 3178 femora
516 3118 630 3179 habent
658 3117 729 3180 illae
757 3118 836 3178 duae
855 3116 1006 3178 sclavinae
1024 3117 1181 3194 scissuras,

92 3223 177 3286 quae
197 3220 216 3262 a
235 3201 371 3263 fenestris
392 3200 598 3262 humeralibus
618 3201 700 3262 haud
720 3200 850 3261 multum
870 3200 994 3262 absunt.

181 3283 218 3345 C.
238 3307 269 3368 p.
291 3285 377 3368 [671‚
392 3281 434 3366 a]
454 3281 631 3344 εἰλακτιῶν.
673 3285 743 3345 Non
765 3285 885 3344 invenio
906 3283 985 3344 hanc
1002 3303 1106 3344 vocem
1126 3281 1182 3342 ali·

92 3368 127 3432 bi
150 3379 298 3429 notatam.
339 3366 423 3446 Quid
442 3367 623 3428 crediderim
641 3387 728 3445 esse,
766 3367 918 3427 eLatinis
938 3375 1030 3450 patet.
1071 3365 1182 3426 Putaui

92 3472 210 3533 nempe
237 3462 292 3511 aut
311 3449 391 3511 male
409 3450 452 3510 sic
473 3450 618 3532 scriptum
639 3471 657 3510 a
679 3448 825 3522 librario,
860 3459 913 3510 aut
934 3469 952 3508 a
980 3447 1066 3510 novis
1086 3449 1183 3508 Grae·

93 3539 141 3596 cis
172 3533 214 3594 ita
240 3545 382 3616 corrupte
401 3535 628 3631 pronuntiatum
651 3553 727 3593 aevo
748 3531 847 3594 medio
875 3532 963 3592 lirisse
988 3550 1044 3614 pro
1065 3528 1185 3610 ἠλακα-

93 3617 187 3682 τιῶν.
230 3617 287 3678 Est
305 3615 446 3697 η’λακατη
467 3616 585 3693 malus,
605 3627 748 3691 truncus,
782 3635 889 3696 scapus
908 3635 1053 3696 procerus
1071 3617 1181 3676 omnis.

92 3701 255 3763 Sententia
275 3699 450 3783 perobscuri
473 3699 562 3759 buius
581 3699 656 3772 loci,
679 3709 827 3781 quantum
848 3717 904 3778 ego
924 3694 1063 3780 equidem
1083 3699 1185 3780 pervi-

94 3786 170 3854 deo,
191 3782 266 3844 baec
290 3794 344 3845 est.
389 3780 441 3842 Ad
460 3780 593 3864 singulas
611 3793 743 3864 quatuor
761 3783 961 3863 petrariarum
975 3785 1125 3862 pertinere
1135 3779 1186 3857 dr

94 3877 213 3929 cuntur
227 3867 291 3928 bini
313 3863 418 3926 circuli
438 3865 550 3942 terrei,
571 3865 621 3926 vel
635 3877 759 3948 torques
778 3877 858 3940 etc.;
881 3864 985 3924 eedem
999 3864 1186 3945 totidemque

94 3952 138 4012 ad
164 3949 297 4031 singalas
323 3959 455 4032 quatuor
476 3947 718 4025 Labdarearum‚
747 3957 777 4008 et
804 3947 909 4009 eadem
928 3948 1113 4034 totidemque
1131 3947 1187 4009 de-

95 4037 195 4116 nique
215 4033 254 4094 ad
273 4032 406 4114 singulas
447 4043 556 4092 uatoor
574 4027 761 4114 ἧλακατιοῖν.

120 4110 123 4115 ⁴
184 4115 227 4176 D.
254 4137 280 4176 r.
306 4053 450 4199 [muel
480 4109 546 4174 διὰ.
598 4113 649 4175 Ab
673 4115 730 4177 hac
760 4135 834 4176 voce
863 4115 968 4198 incipit
997 4113 1187 4178 membrana·

95 4218 173 4264 nun
194 4221 226 4282 pi
253 4197 330 4262 125:
344 4201 395 4275 br,
418 4219 510 4281 quam
532 4199 594 4261 seri
616 4197 710 4262 incidi
729 4199 849 4280 curavi,'
869 4211 899 4260 et
919 4203 1018 4287 primo
1040 4196 1188 4262 volumini
