2975 4892
190 327 244 396 Λα
271 325 495 396 eornm.
525 328 673 396 ronan.
700 331 757 396 oa
784 329 920 398 namu.
945 335 1018 402 us.
1048 337 1075 400 1.
1118 309 1197 398 301

33 570 34 573 Ἴ
214 487 257 550 Δ.
278 508 310 570 9.
334 485 428 570 [nlld,
455 485 521 570 ro]
551 481 595 548 ot·
611 483 772 570 δήμαρχοι
799 477 929 570 ἤνεγκαν
955 487 1202 575 τὰ’λιβελλάρτα

33 580 34 605 ³
138 565 243 632 αῧτῶν.
286 570 357 630 lllas
379 591 486 651 nempe
512 569 660 644 schedas,
685 574 717 634 in
744 573 853 656 quibus
880 576 989 656 scripta
1011 579 1116 652 [essent
1137 599 1203 642 can·

137 657 214 715 mine
224 653 427 798 ⁵gratulatorie
444 656 593 735 praesenti
617 653 760 718 hilaritati
778 677 921 740 congrua.
965 659 1053 724 Cous.
1075 663 1110 722 B.
1129 683 1201 745 pem

138 747 166 796 et
189 758 200 796 r
244 738 308 806 .3.

205 761 253 879 ἹΔ.
272 840 320 881 rr.
335 816 508 902 [sillan]
539 811 674 892 ἅπαντες
700 817 813 886 adroic.
855 823 901 886 lta
921 847 1041 910 quoque
1061 827 1128 902 tt,
1149 824 1203 890 sed

138 912 185 962 ant
202 901 286 963 deest
305 901 436 984 aliquid,
457 914 510 964 ant
526 901 585 986 leg.
607 901 763 978 αἰτοῦντες
778 899 883 970 atris.

210 985 246 1044 B.
262 985 319 1046 ult.
342 983 435 1070 [285‚
459 983 525 1130 in?
556 983 600 1070 τῷ
620 977 754 1072 τερᾶτῳ.
798 991 842 1048 Μ.
865 983 908 1052 mi
927 983 1067 1071 nrpeirn.
1110 991 1203 1060 Forte

136 1072 261 1128 exarant
279 1067 421 1130 librarius
437 1067 488 1128 hic
517 1070 671 1150 ocioepm
691 1089 730 1144 o,
752 1082 786 1132 ut
807 1073 862 1153 ipsi
882 1074 1003 1136 solentne
1023 1074 1095 1152 filit,
1119 1075 1204 1136 ideo·

134 1171 187 1231 qne
208 1150 268 1234 leg.
288 1145 323 1212 τὸ
342 1144 479 1232 mpsim
499 1151 582 1234 qnod
602 1151 682 1212 idem
703 1163 747 1214 est
767 1165 856 1236 atque
875 1151 909 1216 τό
931 1151 1082 1234 αεραὶταν,
1103 1159 1204 1222 reddet

134 1235 198 1375 t*
207 1279 217 1310 ²
265 1319 315 1378 nt
342 1236 1202 1384 ,ffirgpoggbffl,pspgpp1‚froe

131 1362 270 1480 agitent
299 1399 409 1462 debere
438 1421 542 1460 omnes
569 1411 600 1460 et
627 1403 730 1462 omnia
762 1414 880 1482 paratos
914 1420 945 1466 ct
980 1416 1083 1486 parata
1098 1345 1201 1486 ’eelz

131 1481 174 1542 vel
185 1485 277 1543 mmm
286 1495 426 1565 paratum
434 1503 496 1544 ease
504 1483 718 1565 imperatorem
730 1485 770 1545 ad
781 1486 1003 1566 procedendum
1015 1509 1024 1562 3
1047 1487 1092 1550 vel
1186 1523 1202 1538 -

33 1560 34 1575 ¹
131 1577 195 1639 turn,
220 1561 256 1625 τὸ
278 1588 376 1646 appu,
396 1565 507 1626 militer
527 1568 560 1626 in
580 1567 672 1626 armis
693 1569 734 1643 (v.
752 1569 790 1628 ad
807 1589 836 1649 p.
859 1567 926 1630 168.
943 1569 979 1628 B.
1000 1511 1199 1648 talem.

205 1646 478 1732 c.9.[285‚19.]
506 1645 661 1710 ἵστανται.
702 1649 749 1710 Μ.
776 1648 832 1712 κατ’
858 1645 1012 1710 ἵστανται.
1052 1653 1201 1734 Apodosis

130 1731 252 1792 membri
270 1732 351 1814 apud
372 1726 427 1791 καὶ
443 1729 546 1808 τό,τε,
564 1729 647 1814 quod
665 1731 748 1792 idem
768 1743 813 1792 est
833 1743 923 1814 atque
943 1733 997 1792 sim
1021 1732 1065 1796 lex
1083 1729 1174 1812 ro',rs.

200 1813 399 1898 n.5.[286‚
417 1811 465 1896 a]
494 1807 715 1892 βαστάζοντες.
758 1817 803 1876 Μ.
825 1837 888 1876 non
908 1825 975 1896 post
998 1755 1037 1876 b.
1059 1839 1113 1896 v.,
1148 1816 1201 1880 sed

127 1907 187 1976 post
207 1893 348 1974 σαβὰνια
369 1895 565 1979 distinguunt.

166 1979 237 2121 rtrp,
253 1979 294 2039 A.
308 1981 340 2056 4.
374 1978 446 2055 286,
467 1977 527 2060 rm]
549 1973 569 2058 ἢ
591 1979 786 2074 προέλξααις.
810 1983 855 2040 Μ.
880 1979 935 2076 τῆςι
955 1977 1179 2060 αραελεύσεας.

232 2064 332 2144 .7.[2
378 2059 471 2144 ,affl
500 2061 643 2142 ἑφαπλαϊ
666 2083 701 2124 τα
722 2083 958 2144 παρακαπτιααν
987 2075 1042 2124 etc.
1087 2065 1201 2126 inster-

127 2146 166 2204 nit
182 2143 341 2226 pulvinar,
362 2167 380 2205 e
399 2166 462 2225 quo
481 2143 621 2204 deorsum
636 2145 787 2227 despicere
805 2145 879 2208 solet
897 2157 927 2206 et
947 2158 1044 2228 potest
1066 2148 1200 2230 Impera-

126 2237 168 2288 tor
185 2230 219 2288 in
242 2230 374 2306 circum,
396 2227 589 2308 podiamento
603 2228 821 2300 cancellorum,
845 2229 980 2311 quisunt
994 2252 1095 2290 coram
1112 2231 1198 2291 thro-

125 2330 159 2370 no
176 2308 339 2392 imperiali.
379 2312 478 2392 Supra
502 2333 535 2391 p.
559 2310 626 2372 165.
647 2311 689 2372 A.
715 2333 760 2376 rr.
784 2313 954 2373 monuimus
987 2311 1076 2374 fixisse
1095 2335 1198 2379 coram

124 2392 168 2453 illa
185 2395 289 2454 diaeta
308 2393 357 2454 vel
377 2393 439 2454 sala
469 2393 618 2472 circensi,
640 2395 753 2476 inqua
773 2395 871 2456 stabat
890 2395 1036 2471 thronus,
1058 2395 1198 2459 cancellis

125 2481 217 2538 aeneis
241 2479 390 2536 munitum
410 2477 622 2554 moenianum,
643 2479 675 2537 in
696 2477 777 2559 quod
798 2479 921 2560 procedi
940 2489 969 2538 ct
983 2480 1054 2538 stari
1068 2490 1195 2558 poterat.

124 2558 217 2622 Huius
250 2559 373 2620 cancelli
401 2559 610 2641 podiamento‚
649 2581 702 2620 seu
731 2559 888 2620 columnae
916 2559 959 2620 illi
988 2572 1197 2640 transversae,

122 2663 192 2722 quae
207 2641 414 2704 cancellorum
442 2639 702 2725 perpendiculares
728 2641 902 2703 columellas
931 2642 1121 2716 continebat,
1152 2645 1199 2704 in·

121 2725 307 2786 ster-uebatur
326 2723 533 2806 προκυπτικὸν
551 2747 605 2787 sen
624 2724 783 2808 pulvinar,
815 2725 853 2785 ad
874 2725 1100 2784 similitudinem
1115 2724 1197 2786 illius

120 2807 304 2888 pulvinaris,
325 2808 444 2890 dequo
464 2809 624 2868 Suetonius
644 2807 771 2868 Claudio
792 2829 819 2868 c.
844 2805 874 2886 l.
898 2819 927 2868 ct
948 2807 1067 2868 Nemee
1089 2829 1118 2868 c.
1141 2807 1329 2890 45.Εαῦ95

119 2889 163 2950 lle
179 2891 266 2968 velo,
286 2893 369 2972 quod
378 2889 453 2952 solio
467 2892 660 2972 Imperatoris
674 2889 941 2972 praetendebatur,
955 2890 1033 2950 etde
1051 2911 1112 2972 quo
1123 2889 1197 2952 alibi

119 2973 267 3047 dicemus,
290 2974 340 3034 hic
359 2995 459 3034 sermo
478 2995 541 3034 non
561 2986 616 3034 est.
659 2975 718 3034 Hic
737 2985 855 3034 tautum
877 2973 1010 3050 notabo,
1045 2974 1120 3034 mihi
1147 2975 1196 3034 vi·

118 3056 178 3118 deri
196 3055 262 3120 tale
281 3079 403 3138 quoque
422 3059 614 3116 moenianum
634 3079 735 3118 eornm
759 3055 809 3116 illa
831 3056 900 3116 sede
922 3057 1053 3117 circense
1083 3057 1194 3131 fuisse,

118 3160 212 3222 equs
237 3142 366 3200 Romani
388 3141 586 3221 imperatores
613 3139 687 3200 olim
712 3141 826 3200 Rornae
855 3137 941 3199 ludos
962 3151 1096 3220 spectare
1117 3138 1194 3200 sole·

118 3221 211 3302 bant,
233 3235 265 3284 et
285 3223 394 3283 exilio
414 3223 503 3304 podio
524 3226 693 3304 propositas
711 3223 874 3284 identidem
895 3219 986 3282 luisse
1004 3233 1050 3282 tot
1071 3243 1196 3304 gypseas

118 3306 277 3367 alteriusve
297 3309 440 3366 materiae
459 3307 626 3381 Victorias,
652 3317 727 3388 quot
754 3305 917 3365 identidem
939 3315 1035 3364 essent
1061 3303 1197 3384 lmpere-

118 3397 205 3449 tores.
247 3391 298 3449 De
317 3411 379 3470 quo
399 3409 483 3448 more
511 3390 636 3470 insignis
664 3399 709 3448 est
735 3387 819 3448 locus
850 3385 930 3467 apud
950 3387 1143 3466 Spartianum
1164 3387 1196 3448 in

119 3471 228 3533 Severo
248 3495 275 3533 c.
299 3492 376 3532 nm:
399 3471 449 3531 die
459 3474 647 3543 calceantem,
694 3493 763 3531 uren
782 3485 839 3530 tres
859 3471 1001 3528 vr'ctorr'ne
1021 3491 1102 3528 more
1125 3471 1196 3529 soli-

118 3568 144 3613 to
162 3570 257 3616 essent
277 3557 392 3614 locatae
402 3576 609 3638 gypsenecwn
649 3495 756 3626 altus,
789 3551 911 3624 acedia,
939 3573 1014 3634 qrme
1034 3553 1047 3610 ἱ
1080 3553 1124 3611 ius
1139 3575 1196 3614 no·

117 3640 190 3698 nune
200 3641 375 3719 inscrrpnmz
393 3639 491 3696 orbem
501 3638 607 3720 palum
624 3575 678 3720 llic
691 3635 765 3718 leg„
787 3635 847 3696 hoc
868 3647 913 3694 est
929 3575 1194 3714 umrmslenebnt,

117 3735 199 3781 vento
221 3723 283 3780 1'cta
301 3721 340 3780 de
350 3720 445 3803 podio
465 3734 564 3791 stans,
584 3719 627 3802 [id
646 3731 691 3780 est
705 3721 768 3798 sic,
789 3730 824 3778 ut
846 3729 951 3791 recta,
974 3738 1034 3776 non
1057 3719 1194 3792 inversa,

118 3821 212 3885 neque
233 3805 266 3863 io
286 3823 418 3882 pronum
439 3801 601 3878 inclinate,
630 3803 683 3862 scd
702 3801 782 3863 linea
802 3799 1042 3882 perpendiculari
1063 3800 1197 3861 deferre-

117 3883 193 3968 tnr,]
213 3886 346 3959 decidit,
362 3887 497 3970 lucrique
513 3887 639 3946 constitit
644 3907 656 3959 ;
677 3907 735 3958 ea,
751 3907 826 3968 qraae
848 3883 941 3944 Getae
955 3885 1072 3946 tremine
1090 3884 1196 3942 iuscri-

115 3982 165 4047 pta
178 3982 265 4040 emt,
283 3971 395 4028 comsit
408 3981 437 4027 et
453 3971 548 4027 oneris
563 3970 747 4029 'cornmr'runa
769 3981 830 4040 est,
856 3967 910 4024 illa
930 3987 1018 4039 nem,
1059 3967 1196 4024 reneBnr-

118 4054 193 4112 snei
214 4052 334 4110 tiluhrm
364 4053 571 4133 prere-ferebat,
606 4053 716 4111 aruisse
744 4049 851 4132 palma
885 4049 965 4108 venti
992 3988 1105 4108 uelim
1138 4051 1196 4108 nr'x

118 4136 251 4192 moretiel.
294 4131 446 4192 Videntur
469 4134 666 4214 Imperatores
694 4132 852 4214 Byzantini
881 4152 1002 4212 qnoque
1030 4131 1058 4188 in
1081 4129 1197 4210 pulpito

119 4218 162 4276 sui
180 4215 368 4278 catbismatis
385 4217 461 4277 tales
481 4218 640 4289 victorias,
664 4215 791 4297 (πτυχία
813 4217 959 4274 recentior
973 4225 1052 4274 octos
1065 4211 1196 4294 appelln-
