2975 4892
159 232 216 296 m
248 233 472 298 cossam.
502 235 651 298 ronan.
681 233 736 294 ns
767 231 903 296 emin.
934 235 1010 296 nra.
1030 235 1070 296 n.
1101 205 1179 308 Str

86 385 240 450 dicuntur.
294 389 407 452 Procul
446 389 543 450 dubio
574 387 614 449 ad
633 387 754 450 'horum
782 390 973 450 visitatorum
1007 391 1181 472 eiemplum

84 473 279 548 appellarunt
300 474 416 534 Arabes
438 470 626 533 Andaluseni
648 471 716 533 iilos
737 493 808 533 suos
822 474 1016 554 magistratus
1051 473 1184 536 urbanos

86 551 281 639 Mruaseptos
313 556 361 616 vel
385 555 632 636 Alnurtaseplros,
661 577 794 636 quorum
826 566 891 616 erat
924 555 1005 618 furta
1028 560 1183 638 requirere

85 645 116 692 et
151 659 299 710 asserere,
329 639 497 719 ponderare
528 659 621 720 panes
645 649 676 699 et
696 659 873 699 mensurare
897 641 1027 714 ¹ninum3
1049 641 1112 700 vid.
1132 641 1183 702 Du

87 716 188 802 Congo
208 743 238 780 v.
266 722 509 805 Almioulccoplri
533 721 607 802 (qua
633 721 665 780 iu
683 725 879 804 scriptioucc
905 733 973 781 uts
997 720 1097 784 efferri
1128 723 1183 783 de-

88 819 150 893 bet)
179 831 209 880 et
238 819 459 902 Alnuoazoplri.
507 819 661 901 Significat
697 821 779 882 enim
800 807 936 879 Ml
958 819 1006 880 vel
1029 807 1181 897 »troissi

31 897 41 912 ⁸
86 903 328 984 exploratorem,
359 924 441 980 eum,
468 905 521 1004 qui
551 906 583 962 in
603 913 715 963 statum
746 905 791 966 rei
814 903 940 964 alicuius
961 906 1097 984 inquirit.
1143 903 1181 966 Si

89 987 156 1064 quis
178 997 280 1044 autem
310 996 410 1068 putet,
431 1005 508 1056 τους
532 982 755 1066 incantatrices
783 987 874 1047 fuisse
893 986 1013 1046 eosdem
1035 1007 1109 1052 cum,
1125 1007 1181 1046 no·

90 1067 159 1128 stris
193 1069 402 1128 visitatoribus
427 1071 470 1128 sic
492 1069 600 1144 dictis,
632 1071 685 1150 qui
714 1068 852 1129 collocati
882 1071 914 1128 iu
934 1069 1029 1150 portis
1058 1069 1182 1130 urbium

89 1147 221 1211 lustrant
247 1162 277 1211 et
303 1153 408 1212 corbes
433 1153 589 1232 speciebus
617 1151 775 1211 venalibus
795 1163 919 1212 onustas
938 1163 969 1212 et
991 1173 1076 1212 arcas
1101 1173 1181 1212 mer-

89 1233 192 1310 cium,
225 1255 304 1315 quae
335 1236 366 1294 in
394 1235 532 1294 curribus
562 1237 708 1294 onerariis
733 1233 931 1312 deseruntur,
967 1235 1129 1317 omniaque
1147 1239 1179 1296 ia

89 1314 209 1375 tabulas
232 1317 388 1391 rcl'erunt,
410 1339 471 1378 non
492 1316 606 1392 babeo,
636 1339 788 1397 quocum
810 1314 955 1377 refellam.
999 1319 1035 1378 ln
1055 1321 1179 1378 univer-

90 1417 155 1456 surn
194 1399 257 1458 lieri
295 1402 419 1482 nequit,
453 1410 489 1459 ut
516 1402 746 1482 magistratuum
773 1399 947 1460 nominibus
976 1400 1055 1461 idern
1085 1421 1179 1482 paene

87 1481 322 1562 significantibus
343 1483 404 1542 dict
425 1505 508 1560 rum,
532 1493 562 1544 et
582 1483 693 1564 quibus
714 1480 791 1542 nihil
806 1485 904 1561 inest,
926 1482 1007 1564 quod
1029 1485 1177 1566 cuiusque

92 1583 203 1624 munus
230 1576 261 1624 et
288 1503 526 1627 iurisdidlionem
551 1565 724 1626 distinctiva
744 1565 911 1646 exprimat,
929 1565 1113 1627 differentiae
1132 1578 1180 1627 at·

89 1667 149 1727 que
179 1652 311 1708 rationes
337 1651 492 1730 perspicue
520 1669 651 1730 vereque
675 1649 870 1709 deliniantur.
915 1647 971 1708 llla
1000 1659 1096 1708 aetate
1127 1651 1176 1709 vi-

87 1730 244 1802 ventibus,
280 1753 341 1812 qua
373 1730 451 1792 liber
475 1731 525 1791 hic
547 1733 743 1807 exurebatur,
776 1751 810 1791 ex
832 1751 889 1791 usu
904 1731 1081 1811 quotidiano
1103 1743 1175 1792 n'ota

88 1810 140 1871 illa
157 1825 242 1872 erant
252 1817 474 1895 omnia,neque
486 1817 668 1895 expositione
683 1813 810 1875 sollicita
821 1814 951 1874 ambitus
965 1815 1179 1876 iurisdictionis

89 1897 235 1977 cuiusque
267 1899 458 1977 magistratus
476 1919 552 1978 opus
565 1897 739 1975 habebant3
768 1897 856 1958 nobis
873 1907 998 1974 autom,
1022 1897 1177 1958 deficiente

89 1998 147 2038 usu
162 1990 192 2038 et
207 1983 363 2062 inagistrn,
382 2002 444 2041 non
466 1991 565 2062 potest
585 1981 643 2040 hoc
664 1982 820 2062 negotium
841 1979 1005 2040 obscurum
1021 2001 1082 2038 noa
1105 2001 1180 2041 esse.

173 2062 215 2120 D.
230 2085 260 2146 9.
277 2061 364 2146 [7¹7²
380 2061 427 2146 9.]
449 2057 786 2144 πρωτοκπγκελλάριοι.
827 2063 979 2123 Videntur
1000 2062 1092 2122 fnisse
1113 2065 1178 2144 pri·

92 2145 208 2203 micerii
229 2145 477 2206 cancellariorum
496 2167 550 2207 seu
572 2147 735 2206 ianitorum
756 2145 898 2226 praelecti
928 2145 1018 2216 urbi,
1052 2147 1104 2227 qui
1123 2145 1180 2206 ad·

92 2230 246 2287 mitterent
277 2239 309 2288 ct
338 2231 509 2290 emitterent
542 2229 661 2288 foribus
691 2231 801 2310 apertis
830 2249 901 2300 eos,
935 2227 1044 2310 quibus
1077 2249 1179 2288 coram

89 2310 242 2389 praefecto
271 2311 411 2371 standum
441 2309 529 2372 esset.
572 2313 718 2373 Centurio
748 2311 869 2370 videtur
901 2309 991 2372 fuisse
1012 2311 1179 2393 praelectus

90 2401 231 2472 tagmatrs
257 2394 416 2470 militaris,
445 2394 528 2477 quod
569 2395 722 2456 custodiae
755 2396 890 2474 corporis
916 2415 1005 2454 cansa
1034 2395 1113 2454 cirea
1147 2415 1180 2455 se

89 2475 259 2558 praefectos
285 2476 437 2553 habebat,
469 2499 529 2559 qua
558 2478 596 2539 de
614 2499 649 2538 re
667 2476 770 2538 nullus
789 2477 909 2536 dubito.
951 2477 1081 2536 Exarcbi
1103 2477 1181 2538 sorte

91 2569 198 2632 erant,
230 2561 283 2640 qui
313 2563 435 2620 nominc
467 2572 497 2621 et
527 2582 561 2620 ex
588 2581 718 2642 persona
754 2559 897 2641 praelecti
925 2559 1011 2619 urbis
1039 2560 1181 2620 mandata

92 2645 158 2700 eius
177 2641 395 2704 denuntiabant
416 2645 471 2720 iis,
493 2643 533 2704 ad
551 2665 628 2726 quos
647 2643 851 2724 pertinebant,
876 2652 906 2702 et
928 2641 1177 2722 exsequebantur.

91 2723 223 2784 Reddidi
244 2728 372 2802 viratim
403 2720 478 2798 τούς
495 2725 659 2806 discolore
678 2725 736 2785 τοῦ
764 2717 906 2804 ἐπάρχου
932 2737 1012 2785 certe
1032 2723 1179 2785 habemus

93 2806 172 2866 inira
190 2806 437 2888 p.ddii.D.ult.,
467 2809 520 2870 ubi
554 2813 645 2869 etiam
676 2807 882 2890 gitoniarcbae
902 2829 955 2868 scu
974 2807 1108 2886 magistri
1131 2809 1179 2868 vi-

89 2909 197 2948 corum
218 2891 291 2950 Xll.
314 2903 514 2952 numerantur
534 2903 565 2953 et
584 2892 646 2952 duo
676 2887 938 2974 pmtocanceliarii
966 2901 996 2951 et
1018 2891 1074 2951 lV.
1105 2911 1180 2972 epo·

90 2983 173 3053 ptae.
217 2973 335 3034 Numici
355 2987 441 3034 erant
463 2975 602 3052 iuridici,
631 2975 685 3057 qui
713 2973 864 3055 praefecto
897 2977 943 3035 ius
975 2973 1085 3038 dicenti
1107 2974 1179 3034 assi·

90 3055 211 3115 stebaut
230 3068 260 3116 et
279 3059 353 3118 iuris
372 3062 503 3118 rationes
523 3059 732 3141 suggerebant.
775 3055 912 3118 Bullotae
940 3055 988 3118 vel
1017 3055 1181 3118 bullatores

89 3138 234 3209 ,videntur
255 3139 345 3200 iidem
360 3161 429 3201 cum
444 3142 568 3201 notariis
590 3141 720 3223 publicis
735 3141 879 3202 caesareis
900 3140 1009 3217 luisse,
1031 3140 1084 3221 qui
1107 3161 1180 3200 con-

90 3231 207 3280 tractus
228 3231 259 3281 et
278 3233 456 3284 testamenta
477 3224 610 3284 facerent
628 3235 658 3284 et
688 3223 772 3283 bulla
794 3222 942 3305 imperiali
964 3222 1178 3304 obsignarent,

92 3303 147 3384 qui
168 3303 316 3365 mandatis
344 3307 485 3387 praefecti
519 3307 589 3367 urbi
616 3305 739 3389 publice
770 3306 974 3386 proponendis
1001 3304 1101 3366 bullas
1121 3307 1180 3365 im·

90 3389 280 3468 primerent‚
309 3391 363 3468 qui
389 3389 515 3450 aedibus
541 3402 572 3451 et
595 3389 683 3450 bonis
709 3389 782 3448 tisco
807 3389 934 3449 addictis
960 3387 1059 3451 bullas
1079 3385 1180 3470 affige-
1210 3445 1215 3454 ,

90 3479 175 3529 rent.
216 3470 374 3532 Prostatac
401 3495 494 3554 penes
522 3495 571 3533 me
597 3472 719 3554 quidem
747 3483 817 3531 sunt
854 3471 1015 3544 causidici,
1060 3473 1180 3554 patroni

90 3573 269 3627 causarum,
291 3563 410 3616 tuentes
432 3577 503 3627 cos,
527 3559 580 3638 qui
602 3577 671 3616 snas
691 3553 748 3634 ipsi
770 3575 874 3614 causas
894 3553 994 3626 dicere
1014 3565 1179 3635 nequeunt.

74 3626 124 3696 ,Ὁ
143 3635 426 3718 παραθαλασσίτης
447 3649 513 3699 erat
535 3641 663 3700 curiosus
683 3638 791 3696 littoris
813 3639 844 3698 in
859 3636 988 3698 Novella
1017 3637 1180 3698 Theodosii

90 3727 124 3776 et
143 3715 266 3778 Valent.
289 3717 328 3778 de
347 3721 455 3782 tribut.
477 3721 571 3782 siscal.
593 3729 798 3795 memoratus,
825 3723 878 3802 qui
900 3719 1048 3781 lustrabat
1068 3739 1182 3782 merces

91 3802 229 3860 invectas
258 3802 389 3862 navibus
416 3817 447 3864 et
473 3805 660 3882 evehenda,
688 3801 817 3884 vectigal
849 3803 997 3886 cogebat,
1032 3823 1123 3864 naves
1151 3813 1183 3862 et

89 3903 208 3942 merces
236 3884 411 3947 confiscatas
432 3887 609 3962 coercebat,
638 3906 752 3949 merces
771 3885 875 3946 inferri
905 3887 937 3948 in
958 3886 1102 3948 borreum
1124 3906 1181 3967 pu-

90 3965 210 4026 blicum
231 3966 370 4028 curabat.
881 4019 890 4035 .

69 4087 74 4096 -
178 4048 340 4131 D.antep.
358 4049 528 4135 [717,10.]
553 4047 698 4114 ἐπόπται.
741 4053 807 4114 Hos
827 4074 899 4114 cum
919 4057 986 4125 τοῖς
1007 4049 1182 4126 dicacitate,

88 4135 370 4218 persequutoribus,
385 4134 507 4197 easdem
526 4135 598 4198 iacit
617 4135 830 4200 Paucirolusl.
846 4159 875 4198 c.
884 4183 895 4220 ‚
915 4147 945 4198 et
961 4155 1033 4198 sane
1046 4136 1078 4194 in
1092 4131 1184 4192 Glos-
