2975 4892
152 381 208 450 an
243 375 501 450 aerumans
529 387 607 449 nn.
635 387 663 447 1.
692 385 748 448 nn
774 385 969 450 amisson.
1038 355 1122 472 547

58 534 81 598 l·
97 557 125 618 p·
137 536 186 623 59.
209 549 241 600 et
260 540 314 623 74.
336 550 367 601 et
386 541 426 600 T.-
447 540 541 622 11.-p.
563 537 631 623 176.
648 585 658 617 ,
677 541 753 600 item
774 539 806 600 in
824 540 887 604 tab.
911 540 957 606 18.
977 539 1065 602 Tomi
1094 539 1120 602 l.

58 621 267 684 Monumentor.
286 634 424 684 veterum
445 623 593 706 Ciampini
615 644 685 683 area
704 623 783 694 as,
814 623 867 682 ubi
893 623 1062 704 spiculator
1089 627 1121 684 S.

59 703 308 766 Bartholomaeum
326 703 503 788 strangulat.
545 705 674 788 Insignis
695 717 741 766 est
762 706 824 766 huc
846 705 958 766 faciens
980 717 1010 767 et
1032 707 1126 788 paulo

60 797 145 847 autea
163 809 213 849 me
235 787 374 850 laudatus
395 789 479 849 locus
498 789 724 849 continuatoris
746 789 988 851 Constantiniani
1020 813 1052 871 p.
1074 811 1122 850 ra.

59 868 90 927 C.
101 891 128 950 9.
147 871 335 953 Scriptorum
350 883 419 954 post
432 871 670 952 Theophanem,
692 871 746 930 ubi
768 873 847 931 inter
869 874 971 932 omine
1005 873 1123 954 imperii

62 948 207 1032 aliquando
228 953 268 1013 ad
291 953 470 1014 Michaiilem
502 953 631 1014 Balbum
669 955 844 1036 peruenturi
886 954 944 1016 hoc
973 955 1124 1036 refertur,

58 1036 127 1114 quod
144 1030 268 1113 ἱμάτιον
289 1037 535 1119 φοινικοβαφὲς,
557 1037 641 1120 quod
669 1040 732 1097 Leo
762 1040 923 1112 Armentis,
950 1059 1053 1099 recens
1075 1044 1124 1100 iu-

61 1129 207 1198 anguratus
236 1121 419 1202 Imperator,
440 1118 521 1180 κοτοί
555 1141 587 1182 τι
621 1115 845 1200 στρατιωτικὸν
879 1115 954 1192 ἔθος
986 1114 1126 1195 ἄζωστον

56 1195 286 1282 inceptivum,
317 1197 422 1281 (ἐπὸν
452 1202 546 1262 τοῦτο
565 1203 716 1263 καλοῦσιν
735 1193 757 1282 ἢ
776 1198 973 1282 Selacosa)
994 1227 1012 1264 n
1026 1205 1125 1266 Leone

59 1293 165 1344 emtum
204 1294 236 1345 et
271 1285 351 1361 sihi,
384 1288 439 1367 qui
459 1284 590 1346 deferret
629 1285 769 1344 manibus
806 1284 950 1346 traditum
982 1287 1125 1348 induerit.

58 1362 164 1426 Partem
184 1367 280 1427 huius
299 1366 381 1444 loci,
402 1389 480 1450 quae
502 1363 556 1427 τὸν
572 1362 666 1428 ἀετὸν
686 1368 767 1428 idem
787 1389 850 1428 esse
871 1379 961 1450 atquc
983 1366 1124 1450 11}de-

57 1446 161 1510 λοοοοτ
181 1449 346 1532 perhibet,
367 1451 400 1512 in
415 1451 582 1532 proximam
594 1451 666 1510 hinc
680 1451 919 1512 observationem
935 1473 1125 1534 seponamus.

59 1526 176 1593 Eandem
207 1532 364 1594 historiam
396 1534 532 1594 referunt
564 1534 696 1616 Symeon
729 1536 871 1614 Magister
891 1557 921 1616 p.
946 1535 1016 1612 loa.
1037 1537 1072 1595 B.
1093 1547 1124 1598 et

58 1611 188 1676 Genesius
208 1638 241 1698 p.
258 1615 310 1692 5.,
332 1637 463 1698 quorum
484 1615 577 1677 verba
597 1637 749 1700 apponere
771 1627 803 1676 et
823 1637 998 1698 comparare
1016 1639 1126 1702 operae

58 1699 170 1770 pretium
191 1710 248 1760 est.
288 1695 517 1760 Ἐκδιδύσκεται
537 1693 596 1778 τὴν
616 1699 759 1779 ἐσθῆτα,
779 1701 822 1758 ait
842 1701 973 1780 Symeo‚
997 1693 1035 1778 ἢν
1055 1701 1127 1761 ἒπε-

55 1775 172 1858 βέβλητο
182 1777 361 1860 ῥοδοειδέσι
367 1784 495 1861 χροιαῖς
514 1778 748 1860 Mineruam,
760 1778 815 1842 sal
828 1775 1006 1860 solimani*
1026 1803 1122 1858 apos-

58 1859 230 1935 ονομάζουσι
253 1858 333 1924 κατὰ
355 1859 392 1924 τὸ
413 1857 547 1924 ἔκπαλαι
576 1864 639 1924 τῶν
660 1865 881 1945 στρατηλατῶν
893 1861 1123 1945 τηρηθὲνέθος.

61 1939 188 2007 Genesius
209 1958 312 2007 autem
332 1949 376 2008 sic
395 1945 507 2008 habet:
529 1941 743 2006 e'xdsdaioxerct
765 1941 824 2027 τὴν
845 1945 978 2026 ἐσθῆτα,
1003 1940 1041 2026 ἢν
1055 1947 1125 2010 s'ns·

57 2021 172 2128 flllipro
201 2028 238 2090 ἐν
271 2025 347 2089 δυσὶ
367 2025 544 2110 palestrites
562 2033 676 2105 χροαῖς
697 2024 895 2103 (landavensi,
921 2023 959 2108 ἢν
981 2025 1126 2107 solidior

57 2104 89 2185 τῇ
117 2109 258 2195 εγχοορτζο
288 2107 381 2192 ῥήσει
412 2105 696 2189 προσονομάζουσι,
729 2109 785 2171 κατ’
814 2107 936 2192 ταύτην
958 2110 1124 2194 ἀνειμένην

56 2183 199 2270 ζωστῆρος
220 2189 301 2254 κατὰ
321 2189 355 2255 τό
374 2187 510 2254 ἔκπαλαι
526 2191 661 2272 τηρηθὲν
691 2188 764 2263 ἔθος
789 2199 854 2268 τοῖς
881 2192 1122 2275 στρατηλάταις.

56 2267 194 2335 Dilicmnt
215 2279 249 2336 in
267 2297 304 2336 eo
325 2276 514 2357 potissimum
534 2275 569 2335 hi
594 2276 655 2335 duo
675 2287 835 2354 auctores,
865 2279 945 2358 quod
980 2279 1126 2340 Genesius

54 2353 142 2415 sitnm
165 2371 196 2418 et
220 2358 373 2419 colobium
394 2360 476 2420 idem
497 2358 584 2429 facit,
606 2358 683 2418 alter
704 2359 836 2420 diversa.
858 2360 1027 2422 Concludas
1050 2383 1126 2442 quo·

54 2455 105 2512 que
122 2459 157 2499 ex
179 2443 289 2502 iisdem
310 2442 392 2520 sere,
406 2445 515 2502 ·aiitum
535 2440 626 2502 fuisse
650 2453 782 2520 vestem,
811 2465 888 2526 qnae
915 2444 1024 2504 soleret
1052 2445 1126 2505 alias

51 2517 160 2599 cingulo
179 2523 337 2607 adstringi.
379 2523 439 2584 Sed
459 2527 492 2584 in
512 2545 559 2598 eo,
582 2545 648 2584 mea
675 2527 798 2605 quidem
819 2529 977 2604 sententia,
997 2526 1126 2586 multum

52 2598 208 2684 falluntur,
239 2618 270 2668 et
289 2617 435 2690 apparet,
464 2627 515 2667 eos
549 2607 702 2668 turbidam
735 2619 789 2668 aut
809 2607 923 2668 nullam
945 2611 1044 2690 potius
1068 2610 1127 2671 aliti

51 2680 138 2745 ideam
166 2689 320 2751 hahuisse.
375 2689 458 2766 Quid
484 2690 614 2750 obscura
642 2701 672 2749 et
701 2689 838 2750 affectata
859 2692 951 2752 dictio
973 2683 1070 2768 ε’σθὴς
1088 2689 1126 2752 lv

51 2763 119 2827 δοοί
149 2768 328 2852 (indesidem
353 2777 467 2852 χροαϊς
495 2770 664 2846 desciuere
684 2772 756 2842 ,sibi
777 2771 872 2848 velit,
896 2795 955 2834 non
977 2771 1124 2833 dixerim:

51 2860 223 2933 vetemus,
244 2876 322 2937 quae
342 2854 497 2936 aquilam,
518 2853 708 2936 chlamydem
728 2855 895 2932 volantem,
916 2858 1070 2931 imitetur,
1087 2875 1127 2916 an

48 2949 118 3009 qaue
141 2939 273 2999 intextas
291 2937 402 2998 habeat
427 2936 566 3020 aquilas?
607 2937 649 2997 Et
669 2938 742 3018 quid
761 2939 883 2998 tandem
904 2950 976 3000 snut
994 2939 1054 2998 duo
1075 2959 1126 2998 ro·

48 3017 88 3070 sei
97 3020 234 3080 colores?
254 3022 372 3081 Suntne
382 3020 444 3081 dno
459 3065 468 3096 ,
490 3031 551 3080 tres
569 3017 708 3101 pluresve
718 3024 796 3082 rosei
814 3021 949 3082 colores?
969 3023 1045 3081 Sunt
1056 3042 1126 3081 sane

48 3113 123 3160 usae
142 3101 259 3164 diversi
278 3103 405 3175 coloris,
428 3103 580 3164 dilutioris
598 3115 629 3163 et
646 3105 798 3200 profunde
812 3109 977 3186 purpurei3
998 3103 1051 3165 sed
1072 3125 1126 3165 oo-

48 3172 88 3237 lor
105 3193 209 3246 tamen
233 3187 265 3247 in
285 3186 419 3248 vestibus
442 3207 504 3247 non
532 3197 577 3245 est
597 3186 654 3247 nisi
678 3209 769 3246 unus.
811 3188 871 3248 Sed
892 3187 966 3271 quid
989 3209 1059 3248 cum
1078 3190 1126 3248 in-

48 3264 127 3340 eptiis
152 3271 320 3351 nugacium
348 3281 380 3330 et
409 3269 570 3330 infantium
600 3269 819 3331 Graeculorum
840 3277 1036 3354 pugnamus?
1077 3269 1127 3330 Ad

48 3349 121 3408 titos
156 3373 214 3413 seu
246 3353 382 3414 volantes
415 3351 590 3433 chlamydes
630 3351 744 3430 redeo,
778 3355 830 3436 qui
852 3355 972 3415 saeculo
996 3353 1050 3412 IX.
1077 3353 1126 3413 vel

48 3429 128 3490 mam
156 3437 250 3495 citius
273 3435 395 3497 desiisse
422 3436 573 3500 videntur.
626 3435 746 3496 Horum
777 3438 875 3519 imago
904 3435 1127 3519 quodammodo

46 3527 202 3591 supersunt
225 3517 316 3580 hodie
336 3517 437 3579 adhuc
458 3516 502 3578 illi
523 3519 608 3600 parvi
629 3519 788 3595 martelli,
818 3541 894 3601 quos
921 3517 1057 3578 advocati
1095 3519 1128 3579 in

47 3595 166 3660 urbibus
181 3602 367 3663 Gemaniae
388 3599 570 3683 quibusdam
586 3645 596 3678 ,
615 3612 652 3662 ut
665 3599 761 3664 Halae
777 3603 1049 3684 Magdehurgicae,
1073 3600 1126 3662 uhi

44 3694 123 3758 saepe
141 3684 234 3756 vidi,
259 3695 393 3765 gestant,
421 3694 483 3745 tam
503 3683 631 3762 breves,
650 3695 686 3744 nt
706 3696 837 3745 extrema
853 3705 957 3744 eornm
979 3685 1008 3743 in
1031 3681 1126 3746 bosca

45 3767 176 3839 loganrm
210 3765 318 3828 destm
348 3768 523 3827 recondant.
565 3767 714 3830 Actorum
747 3789 868 3850 quoque
889 3767 1030 3850 reliquias
1050 3780 1125 3848 puto

42 3859 99 3904 esse
118 3850 243 3911 taenias
268 3849 335 3911 illas
364 3853 512 3930 argenteis
541 3855 699 3932 aureisque
727 3863 758 3912 et
781 3853 882 3912 sericis
909 3849 966 3912 filis
1002 3850 1123 3932 plexas,

42 3921 138 4015 lssssgas
174 3943 207 3992 et
256 3932 457 4016 multiplices,
498 3955 573 4014 quas
608 3934 748 3995 officiales
782 3933 926 3995 militares
970 3935 1125 4011 minores,

43 4016 107 4069 rtem
130 4015 228 4076 valeti
258 4015 442 4076 nobiliorum
474 4015 634 4077 hominnm
662 4029 775 4078 assutas
797 4019 924 4078 humero
949 4017 1052 4076 dextro
1072 4037 1125 4098 ge·

40 4106 117 4155 unt.
161 4099 277 4180 Neque
303 4097 397 4172 aliud,
419 4119 512 4181 quam
531 4100 606 4159 tales
634 4103 712 4161 curti
740 4099 875 4161 mantelli
895 4099 1123 4175 advocatorum,

41 4187 121 4236 erant
148 4180 206 4240 illa
240 4174 382 4242 adsueui
414 4177 517 4243 τούτου
545 4175 728 4259 sensitiva,
764 4205 842 4265 quae
862 4205 881 4244 a
902 4183 1034 4246 CPtanis
1052 4203 1127 4242 aevo

39 4275 89 4316 suo
106 4265 227 4344 gestari
252 4266 442 4328 comnovissc
459 4265 507 4327 bis
529 4277 635 4326 namet
658 4266 791 4348 Nicetes,
799 4267 932 4349 primum
952 4264 1075 4348 quidem
1095 4265 1128 4323 in
