2975 4892
146 335 205 408 AD
236 335 460 404 consum.
489 333 639 402 nomn.
670 335 726 404 DE
754 333 894 404 cuttu.
921 337 1052 410 HM.
1089 337 1169 398 201

89 493 165 576 Cep.
182 492 274 554 1111.
293 490 348 554 lin.
361 513 394 554 a.
414 511 470 574 pro
490 488 642 554 εἰσελθεῖν
665 489 1175 573 (utibirectcestcditurnldede-

86 589 136 639 ret
151 574 312 654 unusqu.
353 575 409 636 Est
424 584 525 636 autem
543 567 625 654 ‘iti
641 568 783 638 curm*
807 574 858 638 vel
878 574 1054 658 simpliciter
1068 573 1089 656 'l
1102 597 1174 639 συν·

87 652 337 737 antinoum,
376 660 492 736 oratio,
575 659 691 720 cinter
815 680 849 720 os
874 670 927 720 aut
953 657 1027 720 elias
1052 661 1175 742 quasvis

87 742 266 826 prolixiores
293 741 443 804 orationes
465 761 483 802 a
535 743 640 802 iacono
657 745 894 824 pronunciatur,
916 752 949 804 ct
970 739 1104 825 psalmos
1120 752 1175 804 aut

87 847 189 908 preces
228 825 400 900 connectit,
436 817 605 896 συνάπτει,
643 825 723 886 unde
749 825 806 907 ipsi
830 847 952 886 nomen.
1011 825 1084 886 vid.
1105 824 1171 886 DC.

87 909 187 970 Closs.
218 909 275 968 Gr.
300 906 333 968 h.
366 927 414 986 v.;
441 917 563 968 vertrmt
591 929 711 1052 qurgue
734 911 925 970 exclamatio.
976 907 1049 968 vid.
1072 905 1173 970 Nicol.

85 993 199 1074 llayaei
218 991 338 1052 dinen.
360 991 399 1051 ad
421 989 603 1051 acoluthinm
625 1013 643 1052 o
675 993 713 1052 cii
732 993 831 1074 graeci
855 991 957 1052 1211.
982 989 1091 1052 Actor.
1117 991 1173 1052 88.

12 1129 13 1148 2
86 1096 183 1136 mens.
210 1074 712 1156 tuniip.xxx.tteinece.111.
761 1075 1023 1159 .278.·Gretser.
1055 1073 1176 1136 adco-

85 1158 149 1218 din.
166 1179 200 1239 p.
219 1177 291 1238 ¹7²·
310 1155 366 1216 Vel
386 1159 477 1217 ctiam
495 1160 536 1218 sic
557 1157 638 1222 dicta
655 1157 715 1220 tuit
734 1097 809 1218 [nec
830 1159 939 1230 oratio,
953 1153 1041 1240 'quis
1059 1157 1176 1242 ubsque

84 1263 177 1324 parua
201 1251 233 1300 et
254 1238 485 1322 interpolatione
502 1241 695 1302 recitabatur.
739 1242 826 1306 Cute
849 1235 1019 1303 συνάπτειν
1057 1263 1093 1304 ro
1114 1263 1174 1303 ιυισ

83 1327 223 1386 mnn‘nuo
237 1325 347 1406 spiritu
374 1325 477 1384 renem
494 1325 650 1386 verborum
667 1325 833 1388 οᾱσιιυιιυε
852 1329 976 1388 νεείεσεε
1109 1324 1174 1388 Ρο·

87 1406 215 1491 lynenus
234 1429 270 1488 p.
292 1407 362 1488 537.
388 1427 420 1487 9.

164 1490 205 1550 C.
231 1488 292 1550 ult.
333 1485 459 1572 με]
483 1486 667 1570 εῑσέρχετυι.
690 1491 733 1554 Μ.
751 1487 958 1571 εἰσέρχονται.

121 1571 177 1658 57.
200 1571 245 1634 A.
278 1591 305 1632 ι.
345 1575 404 1655 95,
425 1567 479 1656 9.]
508 1573 572 1634 τῶν
602 1567 751 1654 ἀργυρῶν
770 1571 888 1638 scier.
931 1574 995 1635 lam
1015 1569 1176 1658 aliquoties

87 1658 202 1718 uenatio
229 1655 311 1716 facta
339 1665 444 1737 portae
471 1665 648 1736 argenteae,
683 1655 715 1716 id
746 1666 793 1718 est
821 1666 964 1738 argentee
991 1655 1104 1718 lamina
1125 1657 1178 1718 ob

88 1741 211 1800 ductae.
256 1737 413 1798 Succurrit
439 1759 519 1798 nunc
546 1739 605 1798 boc
629 1749 793 1814 annotare,
822 1749 943 1820 portam
963 1738 1047 1800 illam
1069 1761 1178 1822 argen-

85 1833 162 1884 tesrn
192 1821 427 1904 Chrysotriclini
451 1821 539 1881 fuisse
564 1841 642 1903 opus
670 1821 861 1883 Constantini
880 1825 977 1884 nostri
999 1821 1176 1904 Porphyro-

85 1907 222 1988 genneti.
267 1905 338 1966 vid.
352 1907 463 1986 Script.
483 1915 551 1986 post
565 1903 748 1988 Theophan.
763 1926 796 1986 p.
817 1903 889 1965 281.
905 1903 945 1966 A.
977 1904 1088 1989 *fflru
1102 1905 1177 1966 olim

87 1992 117 2048 in
140 1989 276 2108 Basilica
300 1987 334 2048 S.
346 1988 430 2051 Petri
449 1999 538 2071 porta
561 1999 711 2072 argentea.
733 1985 895 2050 Mabillon.
917 1987 980 2050 lter
1008 1987 1079 2050 ltal.
1100 2008 1173 2072 pag.

86 2091 103 2132 2
149 2116 158 2132 .

105 2070 146 2152 44
166 2071 215 2216 l.
238 2175 270 2221 α.
331 2151 361 2234 5,
382 2173 429 2216 ιο.
467 2147 658 2238 ω’μσφὸριον.
680 2155 725 2217 Μ.
741 2142 925 2236 ὄμόρσρον.

167 2239 213 2300 Δ.
237 2241 269 2300 3.
306 2238 357 2322 95,
384 2257 432 2299 ιι.
461 2233 491 2298 oi
519 2233 775 2316 κυυβυιυιλείσιυι.
802 2237 965 2300 Cubuclisii
980 2237 1110 2322 dignitas
1131 2246 1178 2298 est

81 2321 300 2384 ecclesiastica.
312 2321 444 2383 viano
461 2319 561 2404 Gange
578 2320 677 2384 Gloss.
697 2325 753 2383 Gr.
769 2319 804 2383 la.
820 2326 929 2404 v.,qui
944 2334 1046 2382 tamen
1065 2321 1178 2381 fatetur

81 2427 146 2466 non
176 2407 260 2468 bene
287 2427 392 2478 nosse,
416 2405 569 2486 quodnam
592 2407 656 2468 eius
674 2425 785 2466 munus
809 2403 910 2467 luerit.
932 2405 1094 2489 *[lonnnes
1117 2403 1178 2463 Cn·

79 2494 242 2564 mahta,
264 2489 317 2569 qui
333 2488 370 2548 de
381 2488 552 2550 Thessaliae
564 2490 678 2550 excidio
694 2489 823 2569 scripsit,
832 2498 898 2548 erat
913 2485 1177 2565 ιιυυβυυκλείσεος,

80 2585 118 2633 nt
142 2576 176 2634 in
195 2569 292 2632 titulo
308 2571 497 2654 appelletur,
519 2569 602 2654 quod
625 2574 656 2634 in
674 2573 809 2674 marpine
845 2571 918 2631 edit.
940 2570 1180 2631 Combelisisnse

77 2676 113 2739 p.
129 2657 214 2740 3¹7·
231 2653 291 2716 boc
303 2655 416 2716 scholio
432 2657 611 2738 exponitur:
629 2657 774 2736 κληριιιος
791 2653 855 2714 τῶν
869 2653 904 2716 ἐν
926 2658 991 2725 τοϊς
1003 2646 1100 2721 οἴκοις
1117 2649 1181 2710 τῶν
1301 2678 1308 2697 ·

76 2737 248 2818 βασιλέων
273 2735 465 2816 τεταγμένων
478 2729 569 2822 εἷς.]*
602 2739 742 2800 Obscure
764 2748 795 2798 et
813 2755 918 2820 preve.
952 2736 988 2797 ln
1008 2733 1069 2797 fine
1084 2729 1179 2794 libelli

75 2821 261 2922 appellatur
277 2819 326 2882 ille
339 2821 511 2884 Camenieta
530 2819 780 2900 εουβουιιλείσιος
797 2819 854 2902 τῆς
870 2813 1044 2898 ἁγιωτάτης
1063 2835 1180 2900 μητρο-

77 2911 213 2977 wieres
223 2903 462 2984 Θεσσαλονίκης.

164 2989 213 3050 Α.
235 2985 267 3046 8.
292 2985 358 3070 [95,
376 2985 442 3070 ¹4]
463 2985 691 3070 κουκουμάρια.
704 2985 857 3048 Videntur
869 2987 974 3050 calices
989 2981 1082 3066 ampli
1100 3003 1180 3045 ven·

73 3073 131 3134 tris
150 3071 198 3132 ad
220 3071 319 3130 instar
335 3071 542 3152 cymbalorum
556 3083 609 3132 aut
622 3070 770 3135 dimidiati
787 3069 868 3152 globi
885 3071 993 3144 titisse,
1015 3079 1047 3128 et
1067 3085 1180 3126 nomen

73 3177 92 3216 a
112 3156 265 3216 cucumis
295 3156 435 3228 traxisse,
459 3156 539 3216 vasis
553 3155 651 3215 aeneis
671 3156 866 3240 ventricosis,
899 3157 931 3216 in
961 3151 1073 3235 quibus
1101 3167 1180 3229 aqua

73 3239 204 3301 solebat
236 3233 378 3296 calefieri.
401 3237 470 3300 bin.
496 3257 544 3298 ta.
570 3259 627 3320 pro
652 3230 716 3320 inp·
731 3235 791 3319 leg.
807 3245 853 3296 est
866 3233 952 3322 salini
967 3257 985 3296 e
999 3232 1122 3307 codice,
1143 3239 1180 3289 ut

73 3345 174 3407 supra
206 3321 271 3378 iam
292 3322 407 3380 monui.

162 3405 215 3467 A.
237 3401 298 3462 ult.
323 3400 464 3486 [95,1fl.]
487 3399 562 3485 ὁδῷ.
579 3405 624 3463 Μ.
646 3421 750 3464 rursus
770 3397 868 3485 υυδρῖ.

162 3489 206 3552 Β.
230 3483 263 3545 8.
289 3483 357 3568 [95‚
373 3485 441 3569 25.]
463 3481 615 3558 ὥσαύτως
639 3479 740 3545 καὶέν
764 3489 836 3554 ταῖς
861 3481 923 3546 rob
947 3476 1121 3562 slpsopt'oer
1136 3510 1182 3526 ··

74 3571 222 3654 χρειῶν.
244 3569 329 3628 Haec
352 3569 510 3630 verbaaut
526 3569 586 3631 huc
603 3590 664 3630 non
684 3571 860 3648 pertinent,
892 3576 946 3626 nut
968 3561 1076 3626 mutila
1100 3571 1182 3626 sunt.

71 3657 143 3739 Ego
160 3663 254 3716 certe
279 3673 341 3712 non
364 3653 515 3734 percipio,
537 3653 611 3735 quid
629 3652 686 3712 sibi
699 3650 807 3714 velint.
828 3645 1043 3726 Εἰσοδιὲξυδυς
1062 3655 1106 3706 est
1122 3666 1181 3705 vor

69 3759 181 3800 novae
203 3755 334 3816 gruem
355 3737 599 3818 compositionis,
621 3739 758 3798 ιἰιιιυὶειιι
773 3748 803 3794 et
825 3735 932 3796 extlus·
983 3727 1184 3810 intelligimus

70 3823 173 3891 igitur
202 3839 241 3878 er
262 3817 419 3892 hocloco,
444 3818 575 3902 singulos
592 3822 700 3880 missus
724 3840 743 3879 n
762 3815 961 3893 Patritrcha,
982 3826 1036 3875 aut
1050 3833 1108 3885 eo,
1132 3811 1184 3871 cui

72 3885 149 3966 isid
172 3903 318 3963 muneris
336 3901 481 3982 deputare
504 3901 664 3978 voluisset,
688 3905 773 3984 prius
798 3899 973 3962 benedictos
996 3897 1103 3967 brine,
1133 3914 1184 3954 an·

73 3999 212 4071 taquam
228 3997 498 4060 consumerentur,
523 3996 553 4047 ct
579 3985 790 4048 Patriarcham
811 3984 1002 4045 consuevisse
1030 3989 1185 4057 menope-

72 4069 136 4132 litis
158 4069 198 4131 id
223 4065 382 4151 delegare,
403 4079 434 4128 et
452 4089 549 4131 unum
570 4081 638 4154 post
657 4069 809 4148 alterurn,
829 4066 965 4150 singulos
991 4062 1030 4125 ed
1051 4058 1187 4142 singulos

72 4159 220 4228 rnissns,
252 4151 420 4214 secundum
449 4153 589 4216 ordinem
615 4151 829 4236 ecclesiarum,
863 4149 976 4237 quibus
1006 4151 1184 4230 praeerant,

76 4238 241 4299 excitasse.
