2975 4892
303 351 388 439 836
501 376 559 443 ιο.
592 373 674 443 uc,
701 320 849 441 narsni
880 372 1166 440 commutari

304 542 368 601 eius
388 538 597 622 pertinerent,
627 546 658 597 et
675 556 733 618 pro
752 535 870 594 ratione
888 544 1060 617 temporum
1080 530 1305 612 hominumque
1325 526 1396 613 plns

303 624 444 683 minusve
471 620 511 681 de
542 640 645 680 rerum
672 617 932 679 administratione
959 616 1192 700 participabant.
1249 616 1294 675 Ut
1381 648 1397 663 ·

304 705 372 767 oelli
400 715 487 767 erant
517 724 586 787 pars
613 702 771 784 praecipua
792 698 908 761 consilii
936 698 1167 781 patriarchalis,
1198 699 1243 759 ita
1319 700 1326 713 '
1351 718 1399 757 ern

303 788 433 849 Scherili
464 808 585 869 quinque
615 785 654 844 de
680 782 859 843 consiliariis
884 780 1072 843 Chalifarum
1103 791 1212 858 erant,
1247 782 1305 841 sed
1337 802 1398 841 non

304 874 474 954 praecipuis
493 881 523 929 et
542 867 670 942 intimis,
692 865 749 926 nisi
773 865 850 926 forte
872 886 951 926 unus
974 887 1081 927 eorum
1101 875 1155 924 aut
1172 863 1253 926 alter
1273 866 1399 925 fortuna

305 955 450 1037 gauderet
472 951 604 1023 Chalifae
623 948 775 1029 placendi.
818 949 935 1009 Verum
953 948 1091 1009 Chalifae
1109 968 1171 1009 non
1185 958 1222 1007 ut
1236 968 1401 1029 praesun-

305 1040 362 1099 tivi
385 1054 581 1107 successores,
606 1052 626 1089 n
666 1053 706 1092 ue
725 1030 915 1093 mediatores
939 1042 970 1093 et
990 1033 1096 1093 vicarii
1125 1042 1213 1091 eraut
1243 1031 1287 1091 ad
1320 1028 1401 1091 latus

305 1120 444 1203 appositi,
463 1115 624 1197 memadm
666 1136 720 1174 um
743 1112 868 1197 syncelli
882 1115 1074 1196 patriarchis.
1117 1112 1404 1195 Chalil'arumquo-

306 1224 366 1284 que
378 1221 438 1261 non
451 1197 549 1258 solum
560 1200 697 1280 potentia
710 1196 749 1257 ad
769 1218 873 1273 sacra,
897 1196 950 1258 sed
977 1200 1072 1259 etiam
1094 1196 1134 1257 ad
1155 1196 1259 1257 civilia
1281 1208 1405 1279 specta-

305 1285 369 1346 bat.
409 1283 602 1342 successores
625 1280 686 1341 illis
711 1281 790 1342 vivis
817 1300 879 1339 non
909 1279 1164 1364 designabantur3
1194 1301 1214 1339 u
1267 1302 1297 1340 re
1326 1279 1403 1342 hae-

304 1366 478 1427 reditarium
493 1376 560 1425 erat
576 1384 723 1447 reguum,
740 1362 794 1423 sed
809 1362 981 1434 electivum.
1019 1364 1171 1425 Defuncto
1184 1361 1250 1423 Cha
1264 1363 1306 1423 iu
1320 1384 1405 1445 qno-

303 1468 466 1531 quenovns
476 1448 532 1528 ipsi
544 1446 749 1508 sufficiehatar
761 1467 795 1505 ex
811 1445 936 1507 arbitrio
951 1468 1124 1528 procerum3
1140 1456 1276 1506 attamen
1293 1446 1406 1509 Abba·

302 1529 571 1592 sitaScharifcrum
584 1526 737 1591 Alitarum
748 1528 891 1603 Nalihus,
907 1528 947 1591 de
960 1552 1021 1613 quo
1032 1531 1166 1591 Zonaras
1177 1528 1288 1611 procul
1303 1530 1405 1592 dubio

303 1613 450 1695 loquitur,
467 1624 586 1696 poterat
604 1612 739 1693 quidem,
756 1622 792 1671 ut
810 1633 889 1674 unua
905 1634 1077 1695 prooemm,
1093 1634 1179 1675 suam
1191 1633 1403 1695 quoquesen·

301 1698 429 1757 tentiam
439 1700 470 1757 in
482 1696 627 1757 electione
636 1694 771 1756 Chalifae
782 1694 860 1755 ferre
872 1706 903 1755 et
914 1696 1116 1757 adhibebatur
1126 1716 1247 1777 semper
1264 1696 1322 1757 tali
1346 1696 1403 1757 de·

303 1772 500 1857 liberationi{
518 1791 549 1840 at
562 1782 627 1861 ipse
636 1790 736 1839 tamen
753 1777 792 1837 ad
808 1778 984 1861 dignitatem
990 1779 1194 1840 Chalisaenon
1204 1790 1332 1860 poterat
1344 1778 1401 1839 ad·

302 1866 428 1947 spirare.
454 1864 530 1924 Eius
540 1865 621 1923 enim
636 1882 708 1945 gens
720 1860 825 1921 abillo
839 1860 935 1944 gradu
949 1863 979 1922 in
989 1873 1168 1945 perpetuum
1186 1872 1254 1923 erat
1264 1862 1400 1923 exclusa.

386 1948 421 2007 Β.
440 1948 470 2007 3.
507 1946 578 2029 713,
594 1946 641 2026 5.]
663 1942 838 2023 στρατηγοῦ
859 1944 923 2005 τῶν
947 1943 1150 2005 ἀνατολικῶν.
1193 1945 1401 2028 subintellige

302 2025 464 2108 θεμάτων.
510 2030 617 2110 trategi
629 2027 844 2110 posterioribus
863 2027 945 2088 aevis
957 2039 1042 2089 erant
1052 2028 1155 2102 iidem,
1168 2030 1221 2110 qui
1237 2029 1315 2090 olim
1327 2050 1400 2111 pro-

304 2124 458 2195 praetores
477 2124 507 2172 et
528 2110 721 2194 proconsules
747 2113 778 2169 in
798 2112 961 2192 provinciis
981 2123 1089 2188 erant,
1118 2112 1263 2194 praelecti
1287 2132 1399 2194 nempe

303 2198 528 2278 provinciarum
548 2206 579 2253 et
597 2195 671 2254 iuris
692 2193 851 2254 dictatores
872 2206 935 2253 tarn
959 2195 990 2257 in
1013 2196 1104 2255 rebus
1124 2193 1279 2269 civilibus,
1302 2218 1398 2278 qnam

303 2280 336 2339 in
350 2278 547 2355 militaribus,
570 2277 705 2358 magistri
728 2275 858 2337 militum
880 2276 969 2337 simul
985 2288 1016 2338 et
1027 2278 1245 2361 gubernatores
1259 2278 1401 2340 urbium.

304 2359 366 2436 Qui
380 2359 431 2419 hic
442 2370 638 2436 memoratur,
659 2368 725 2418 erat
744 2370 943 2441 strategorum
962 2364 1098 2421 omnium
1112 2365 1262 2443 princeps,
1288 2373 1323 2423 et
1334 2384 1398 2424 uon

302 2444 393 2502 nnius
420 2440 579 2519 thematis,
613 2452 649 2503 ut
674 2444 805 2514 caeteri,
835 2442 887 2503 sed
913 2443 1050 2503 omnium
1069 2445 1263 2506 orientalium
1288 2466 1400 2528 supre-

302 2543 371 2585 mus
392 2524 474 2602 dux,
504 2536 541 2586 ut
569 2527 623 2605 qui
650 2526 829 2602 auctoritate
857 2525 948 2587 duces
979 2526 1053 2587 alios
1079 2527 1202 2588 creandi
1223 2527 1397 2609 gauderet,

302 2627 365 2689 qua
385 2608 495 2668 caeteri
515 2608 669 2669 carebant.
712 2606 913 2689 Theophanes
936 2630 1006 2669 eum
1031 2605 1206 2691 στρατηγὸν
1234 2610 1294 2691 τῆς
1308 2604 1400 2695 iniec

302 2684 405 2771 πάσης
425 2690 556 2773 appellat
574 2714 604 2772 p.
630 2711 697 2751 ιιο.
713 2690 755 2749 A.
778 2712 808 2832 p.
827 2690 952 2773 *[rlpud
968 2693 1110 2753 Anastas.
1125 2692 1270 2755 Biblioth.
1284 2715 1397 2755 auur-

302 2773 344 2833 rit
364 2783 511 2856 strategus
519 2772 698 2855 Orientis.]*
732 2772 775 2833 Mi
789 2776 873 2834 itaris
894 2774 1009 2836 ordinis
1033 2787 1120 2837 erant
1132 2777 1270 2859 strategi,
1286 2790 1398 2839 canu-a

302 2875 395 2938 quam
415 2856 510 2931 olim,
541 2878 635 2939 quum
655 2855 752 2917 civilis
780 2860 972 2939 magistratus
1001 2870 1111 2920 essent.
1163 2859 1255 2938 Quod
1284 2872 1396 2921 natum

302 2958 338 3001 ex
361 2939 480 3001 diversa
499 2940 693 3023 usurpatione
715 2939 797 2999 vocis
817 2933 969 3020 στρατὸς,
1000 2941 1050 3003 vel
1080 2945 1180 3023 potius
1212 2964 1247 3004 ex
1268 2942 1396 3007 diverso

302 3020 428 3081 militiae
448 3044 566 3103 genere.
618 3023 708 3083 Initio
740 3022 864 3103 quidem
898 3024 979 3085 cives
1014 3024 1098 3087 urbis
1127 3026 1254 3087 alicuius
1284 3040 1394 3089 coum

301 3102 404 3165 hostes
424 3126 495 3165 suos
519 3107 575 3186 ipsi
593 3106 625 3165 in
647 3126 731 3165 arma
751 3104 846 3166 ibant.
889 3106 1055 3189 Propterea
1085 3104 1221 3188 στρατός
1245 3108 1395 3171 diceban·

301 3196 374 3264 tur3
403 3197 433 3248 et
454 3180 471 3243 ὁ
494 3186 593 3268 δῆμος
611 3198 701 3270 atque
721 3180 738 3249 d
755 3183 891 3265 στρατὸς
912 3189 992 3251 idem
1011 3201 1086 3267 erat,
1111 3202 1141 3251 et
1162 3212 1250 3273 saepe
1272 3192 1394 3255 Pinda-

301 3290 355 3332 rus
374 3272 523 3352 posterius
546 3274 666 3352 posuit,
690 3270 743 3330 uhi
765 3270 815 3334 alii
837 3272 919 3353 prius
939 3294 1050 3353 ponere
1064 3273 1259 3352 maluissent3
1281 3287 1313 3337 et
1326 3298 1393 3337 ma

302 3354 388 3437 gistri
407 3374 523 3430 eorum,
546 3349 575 3413 oi
601 3349 735 3434 inpressos*
762 3352 812 3413 vel
837 3366 1011 3435 praetores,
1031 3354 1201 3438 στρατηγοὶ
1220 3357 1269 3419 vel
1290 3380 1394 3437 orpu-

300 3432 422 3519 τάρχαι
447 3436 620 3498 audiebant.
663 3436 781 3496 Deinde
813 3457 887 3498 vero
920 3443 1032 3501 mansit
1058 3441 1181 3523 quidem
1210 3441 1392 3523 significatio

301 3522 386 3581 vocis
406 3515 551 3600 στρατὸς,
584 3521 685 3600 itaque
705 3519 777 3580 dicti
805 3522 858 3600 qui
885 3522 1030 3591 adversus
1053 3524 1171 3585 hostem
1194 3546 1280 3586 arma
1302 3546 1392 3607 gere·

301 3612 389 3677 rent,
414 3603 467 3663 sed
491 3603 634 3683 oppidani
654 3603 711 3684 ipsi
732 3623 793 3662 non
814 3602 944 3686 amplius
963 3608 996 3667 in
1025 3627 1165 3689 campum
1193 3608 1302 3679 ibant,
1335 3608 1392 3669 sed

300 3679 411 3742 milites
430 3685 567 3745 mercede
588 3706 641 3744 seu
672 3685 711 3746 ad
732 3696 864 3767 tempus,
894 3708 947 3747 seu
978 3688 1016 3749 ad
1048 3702 1226 3771 perpetuum
1246 3689 1392 3752 conducti

299 3782 358 3843 pro
382 3763 453 3844 ipsis
476 3768 641 3828 bellabant.
684 3770 754 3845 Quo
774 3768 899 3843 factum,
922 3782 1085 3833 uteorum
1107 3774 1253 3854 magistri,
1277 3794 1391 3856 quam

184 3889 186 3894 ,
265 3889 269 3899 .
299 3844 348 3905 vis
370 3846 553 3923 immediate,
580 3850 660 3933 plebi
686 3872 747 3911 non
769 3854 976 3933 imperarent,
1012 3852 1183 3937 στρατηγοὶ
1202 3856 1391 3919 dicerentur.

383 3927 419 3986 B.
436 3930 468 4005 d.
492 3931 579 4014 [713,
593 3932 643 4017 4.]
665 3932 721 3993 rori
741 3930 926 4011 δομεστίκου
946 3936 1008 3998 τοῖν
1028 3938 1163 4016 σχολῶν.
1203 3940 1394 4002 Damnatus

300 4008 493 4155 “Pttlht‘
512 4013 899 4169 enatuere*
925 4019 1259 4171 attinnt
1280 4044 1392 4167 ἐφ’

298 4112 392 4237 zeus
420 4198 476 4260 pro
499 4117 605 4261 legato
617 4227 627 4258 ,
653 4122 858 4245 corlimis'sario
886 4144 1058 4247 diceretur.
1100 4149 1259 4271 Est’ergo
1282 4128 1393 4251 ὀξεῖ

297 4260 391 4323 sticas
410 4260 582 4324 scholarum
604 4264 686 4328 idem
709 4276 799 4351 atque
821 4266 936 4352 legatus
962 4268 1156 4352 scholarum,
1187 4274 1242 4355 qui
1258 4271 1307 4373 ¹ab
1327 4272 1393 4335 lm·
