<?xml version="1.0" encoding="UTF-8"?>
<!DOCTYPE html PUBLIC "-//W3C//DTD XHTML 1.0 Transitional//EN"
    "http://www.w3.org/TR/xhtml1/DTD/xhtml1-transitional.dtd">
<html xmlns="http://www.w3.org/1999/xhtml" xml:lang="en" lang="en">
 <head>
  <title>
</title>
<meta http-equiv="Content-Type" content="text/html;charset=utf-8" />
  <meta name='ocr-system' content='tesseract 3.04.00' />
  <meta name='ocr-capabilities' content='ocr_page ocr_carea ocr_par ocr_line ocrx_word'/>
</head>
<body>
  <div class='ocr_page' id='page_1' title='image "./corpusscriptoru45theogoog/corpusscriptoru45theogoog_0388.png"; bbox 0 0 2975 4892; ppageno 0'>
   <div class='ocr_carea' id='block_1_1' title="bbox 173 303 1188 400">
    <p class='ocr_par' dir='ltr' id='par_1_1' title="bbox 173 303 1188 400">
     <span class='ocr_line' id='line_1_1' title="bbox 173 303 1188 400; baseline -0.004 -2"><span class='ocrx_word' id='word_1_1' title='bbox 173 331 231 398; x_wconf 73' lang='lat' dir='ltr'>ao</span> <span class='ocrx_word' id='word_1_2' title='bbox 263 328 487 398; x_wconf 73' lang='grc' dir='ltr'><strong><em>αοιιοτιιιτ.</em></strong></span> <span class='ocrx_word' id='word_1_3' title='bbox 506 327 654 398; x_wconf 80' lang='lat' dir='ltr'>roma.</span> <span class='ocrx_word' id='word_1_4' title='bbox 683 333 738 400; x_wconf 81' lang='lat' dir='ltr'>na</span> <span class='ocrx_word' id='word_1_5' title='bbox 771 333 909 400; x_wconf 80' lang='lat' dir='ltr'>mam.</span> <span class='ocrx_word' id='word_1_6' title='bbox 939 335 1013 399; x_wconf 78' lang='lat' dir='ltr'>am</span> <span class='ocrx_word' id='word_1_7' title='bbox 1043 339 1070 400; x_wconf 88' lang='grc' dir='ltr'>ι.</span> <span class='ocrx_word' id='word_1_8' title='bbox 1107 303 1188 396; x_wconf 74' lang='lat'>³81</span> 
     </span>
    </p>
   </div>
   <div class='ocr_carea' id='block_1_2' title="bbox 103 488 1375 4304">
    <p class='ocr_par' dir='ltr' id='par_1_2' title="bbox 103 488 1375 4304">
     <span class='ocr_line' id='line_1_2' title="bbox 116 488 1193 576; baseline 0.007 -26"><span class='ocrx_word' id='word_1_9' title='bbox 116 488 222 550; x_wconf 78' lang='lat' dir='ltr'>hasulis</span> <span class='ocrx_word' id='word_1_10' title='bbox 239 491 332 552; x_wconf 86' lang='lat' dir='ltr'>maris</span> <span class='ocrx_word' id='word_1_11' title='bbox 348 489 461 574; x_wconf 74' lang='lat' dir='ltr'>Aegaei</span> <span class='ocrx_word' id='word_1_12' title='bbox 483 499 513 553; x_wconf 83' lang='lat' dir='ltr'>et</span> <span class='ocrx_word' id='word_1_13' title='bbox 532 511 602 554; x_wconf 87' lang='lat' dir='ltr'>eum</span> <span class='ocrx_word' id='word_1_14' title='bbox 614 489 752 556; x_wconf 80' lang='lat' dir='ltr'>Hellade.</span> <span class='ocrx_word' id='word_1_15' title='bbox 791 491 870 554; x_wconf 78' lang='lat' dir='ltr'>Sunt</span> <span class='ocrx_word' id='word_1_16' title='bbox 886 513 958 576; x_wconf 76' lang='lat' dir='ltr'>ergo</span> <span class='ocrx_word' id='word_1_17' title='bbox 972 491 1193 558; x_wconf 79' lang='lat' dir='ltr'>lnsulaomarls</span> 
     </span>
     <span class='ocr_line' id='line_1_3' title="bbox 115 573 1196 658; baseline 0.006 -24"><span class='ocrx_word' id='word_1_18' title='bbox 115 573 325 634; x_wconf 69' lang='lat' dir='ltr'>mediterranei</span> <span class='ocrx_word' id='word_1_19' title='bbox 344 575 424 634; x_wconf 86' lang='lat' dir='ltr'>inter</span> <span class='ocrx_word' id='word_1_20' title='bbox 453 574 507 636; x_wconf 84' lang='lat' dir='ltr'>Pel</span> <span class='ocrx_word' id='word_1_21' title='bbox 567 595 713 650; x_wconf 84' lang='lat' dir='ltr'>nnesum,</span> <span class='ocrx_word' id='word_1_22' title='bbox 736 574 910 658; x_wconf 74' lang='lat' dir='ltr'>Aegyptum</span> <span class='ocrx_word' id='word_1_23' title='bbox 937 586 968 638; x_wconf 87' lang='lat' dir='ltr'>et</span> <span class='ocrx_word' id='word_1_24' title='bbox 988 577 1123 639; x_wconf 81' lang='lat' dir='ltr'>Africam</span> <span class='ocrx_word' id='word_1_25' title='bbox 1143 599 1196 640; x_wconf 82' lang='lat' dir='ltr'>us-</span> 
     </span>
     <span class='ocr_line' id='line_1_4' title="bbox 116 653 1197 760; baseline 0.003 -44"><span class='ocrx_word' id='word_1_26' title='bbox 116 676 173 760; x_wconf 67' lang='lat' dir='ltr'>pne</span> <span class='ocrx_word' id='word_1_27' title='bbox 192 655 233 716; x_wconf 90' lang='lat' dir='ltr'>ad</span> <span class='ocrx_word' id='word_1_28' title='bbox 241 653 375 717; x_wconf 79' lang='lat' dir='ltr'>Siciliam</span> <span class='ocrx_word' id='word_1_29' title='bbox 389 659 474 718; x_wconf 87' lang='lat' dir='ltr'>sitae.</span> <span class='ocrx_word' id='word_1_30' title='bbox 538 658 607 719; x_wconf 86' lang='lat' dir='ltr'>dem</span> <span class='ocrx_word' id='word_1_31' title='bbox 625 679 657 740; x_wconf 88' lang='lat' dir='ltr'>p.</span> <span class='ocrx_word' id='word_1_32' title='bbox 683 659 754 742; x_wconf 74' lang='grc' dir='ltr'><strong><em>δρα.</em></strong></span> <span class='ocrx_word' id='word_1_33' title='bbox 768 657 804 717; x_wconf 87' lang='grc' dir='ltr'>Β.</span> <span class='ocrx_word' id='word_1_34' title='bbox 828 659 858 721; x_wconf 83' lang='lat'>5.</span> <span class='ocrx_word' id='word_1_35' title='bbox 880 653 922 720; x_wconf 75' lang='lat' dir='ltr'>sd</span> <span class='ocrx_word' id='word_1_36' title='bbox 942 655 1095 720; x_wconf 78' lang='grc' dir='ltr'><strong><em>κατωτικὰ</em></strong></span> <span class='ocrx_word' id='word_1_37' title='bbox 1114 659 1197 740; x_wconf 73' lang='grc' dir='ltr'>μέρη</span> 
     </span>
     <span class='ocr_line' id='line_1_5' title="bbox 115 737 1375 825; baseline 0.004 -27"><span class='ocrx_word' id='word_1_38' title='bbox 115 759 171 810; x_wconf 66' lang='lat' dir='ltr'>ana</span> <span class='ocrx_word' id='word_1_39' title='bbox 190 737 336 810; x_wconf 74' lang='grc' dir='ltr'>Σικελίας</span> <span class='ocrx_word' id='word_1_40' title='bbox 354 741 455 802; x_wconf 86' lang='lat' dir='ltr'>habet.</span> <span class='ocrx_word' id='word_1_41' title='bbox 497 739 577 801; x_wconf 85' lang='lat' dir='ltr'>Hinc</span> <span class='ocrx_word' id='word_1_42' title='bbox 597 739 744 824; x_wconf 73' lang='lat' dir='ltr'>intelligas</span> <span class='ocrx_word' id='word_1_43' title='bbox 772 740 859 801; x_wconf 90' lang='lat' dir='ltr'>illum</span> <span class='ocrx_word' id='word_1_44' title='bbox 881 739 1032 803; x_wconf 83' lang='lat' dir='ltr'>Alexiadis</span> <span class='ocrx_word' id='word_1_45' title='bbox 1051 741 1151 803; x_wconf 85' lang='lat' dir='ltr'>locum</span> <span class='ocrx_word' id='word_1_46' title='bbox 1163 765 1196 825; x_wconf 91' lang='lat' dir='ltr'>p.</span> <span class='ocrx_word' id='word_1_47' title='bbox 1206 757 1256 814; x_wconf 70' lang='lat' dir='ltr'>m</span> <span class='ocrx_word' id='word_1_48' title='bbox 1275 757 1305 810; x_wconf 80' lang='grc' dir='ltr'>ι..</span> <span class='ocrx_word' id='word_1_49' title='bbox 1326 771 1375 815; x_wconf 66' lang='grc' dir='ltr'>..ο</span> 
     </span>
     <span class='ocr_line' id='line_1_6' title="bbox 117 811 1194 904; baseline 0.006 -22"><span class='ocrx_word' id='word_1_50' title='bbox 117 819 187 882; x_wconf 74' lang='lat'><strong>538.</strong></span> <span class='ocrx_word' id='word_1_51' title='bbox 204 820 247 881; x_wconf 90' lang='lat' dir='ltr'>D.</span> <span class='ocrx_word' id='word_1_52' title='bbox 267 811 344 886; x_wconf 76' lang='grc' dir='ltr'>3.εὸ</span> <span class='ocrx_word' id='word_1_53' title='bbox 367 818 629 902; x_wconf 83' lang='grc' dir='ltr'><strong><em>Καντακοοζηνὸς</em></strong></span> <span class='ocrx_word' id='word_1_54' title='bbox 650 819 707 884; x_wconf 79' lang='grc' dir='ltr'><strong><em>τόν</em></strong></span> <span class='ocrx_word' id='word_1_55' title='bbox 726 821 757 884; x_wconf 88' lang='grc' dir='ltr'>Γ</span> <span class='ocrx_word' id='word_1_56' title='bbox 755 823 905 884; x_wconf 78' lang='grc' dir='ltr'><strong><em>ενοοαίων</em></strong></span> <span class='ocrx_word' id='word_1_57' title='bbox 931 819 1042 886; x_wconf 79' lang='grc' dir='ltr'><strong><em>στόλον</em></strong></span> <span class='ocrx_word' id='word_1_58' title='bbox 1062 820 1194 904; x_wconf 75' lang='grc' dir='ltr'><strong><em>περὶτὰ</em></strong></span> 
     </span>
     <span class='ocr_line' id='line_1_7' title="bbox 116 897 1195 988; baseline 0.006 -25"><span class='ocrx_word' id='word_1_59' title='bbox 116 899 278 983; x_wconf 70' lang='grc' dir='ltr'><strong><em>κατώτερα</em></strong></span> <span class='ocrx_word' id='word_1_60' title='bbox 299 904 380 986; x_wconf 80' lang='grc' dir='ltr'><strong><em>μέρη</em></strong></span> <span class='ocrx_word' id='word_1_61' title='bbox 401 901 587 966; x_wconf 73' lang='grc' dir='ltr'><strong><em>διαπλέοντα</em></strong></span> <span class='ocrx_word' id='word_1_62' title='bbox 607 899 702 986; x_wconf 71' lang='grc' dir='ltr'><strong><em>ἐγγύς</em></strong></span> <span class='ocrx_word' id='word_1_63' title='bbox 719 923 782 966; x_wconf 80' lang='lat' dir='ltr'>noo</span> <span class='ocrx_word' id='word_1_64' title='bbox 802 897 883 966; x_wconf 75' lang='lat' dir='ltr'>alans</span> <span class='ocrx_word' id='word_1_65' title='bbox 901 903 1106 988; x_wconf 68' lang='grc' dir='ltr'><strong><em>μεμαθηκώς.</em></strong></span> <span class='ocrx_word' id='word_1_66' title='bbox 1140 909 1195 970; x_wconf 84' lang='lat' dir='ltr'>ln·</span> 
     </span>
     <span class='ocr_line' id='line_1_8' title="bbox 116 980 1195 1072; baseline 0.006 -26"><span class='ocrx_word' id='word_1_67' title='bbox 116 996 231 1068; x_wconf 74' lang='lat' dir='ltr'>tapies</span> <span class='ocrx_word' id='word_1_68' title='bbox 246 985 339 1048; x_wconf 86' lang='lat' dir='ltr'>verba</span> <span class='ocrx_word' id='word_1_69' title='bbox 355 1007 394 1046; x_wconf 84' lang='lat' dir='ltr'>na</span> <span class='ocrx_word' id='word_1_70' title='bbox 415 983 481 1048; x_wconf 69' lang='lat' dir='ltr'>tat</span> <span class='ocrx_word' id='word_1_71' title='bbox 494 980 653 1068; x_wconf 71' lang='grc' dir='ltr'><strong><em>κατώτερα</em></strong></span> <span class='ocrx_word' id='word_1_72' title='bbox 667 983 749 1068; x_wconf 77' lang='grc' dir='ltr'>μέρη</span> <span class='ocrx_word' id='word_1_73' title='bbox 762 991 927 1070; x_wconf 88' lang='lat' dir='ltr'>praeteriit.</span> <span class='ocrx_word' id='word_1_74' title='bbox 948 987 1125 1072; x_wconf 75' lang='lat' dir='ltr'>Significant</span> <span class='ocrx_word' id='word_1_75' title='bbox 1134 1011 1195 1052; x_wconf 83' lang='lat' dir='ltr'>nu-</span> 
     </span>
     <span class='ocr_line' id='line_1_9' title="bbox 116 1007 1195 1154; baseline 0.005 -25"><span class='ocrx_word' id='word_1_76' title='bbox 116 1079 175 1128; x_wconf 87' lang='lat' dir='ltr'>tem</span> <span class='ocrx_word' id='word_1_77' title='bbox 191 1079 323 1130; x_wconf 87' lang='lat' dir='ltr'>tractum</span> <span class='ocrx_word' id='word_1_78' title='bbox 341 1007 437 1130; x_wconf 79' lang='lat' dir='ltr'>Elidis</span> <span class='ocrx_word' id='word_1_79' title='bbox 459 1079 489 1130; x_wconf 85' lang='lat' dir='ltr'>et</span> <span class='ocrx_word' id='word_1_80' title='bbox 504 1070 629 1154; x_wconf 84' lang='lat' dir='ltr'>Spartae</span> <span class='ocrx_word' id='word_1_81' title='bbox 650 1081 682 1132; x_wconf 88' lang='lat' dir='ltr'>et</span> <span class='ocrx_word' id='word_1_82' title='bbox 705 1091 799 1148; x_wconf 89' lang='lat' dir='ltr'>mare,</span> <span class='ocrx_word' id='word_1_83' title='bbox 813 1070 896 1152; x_wconf 88' lang='lat' dir='ltr'>qnod</span> <span class='ocrx_word' id='word_1_84' title='bbox 909 1069 977 1132; x_wconf 89' lang='lat' dir='ltr'>illas</span> <span class='ocrx_word' id='word_1_85' title='bbox 998 1071 1103 1145; x_wconf 87' lang='lat' dir='ltr'>alluit,</span> <span class='ocrx_word' id='word_1_86' title='bbox 1123 1093 1195 1134; x_wconf 81' lang='lat' dir='ltr'>ver-</span> 
     </span>
     <span class='ocr_line' id='line_1_10' title="bbox 118 1151 1195 1238; baseline 0.006 -26"><span class='ocrx_word' id='word_1_87' title='bbox 118 1171 164 1212; x_wconf 85' lang='lat' dir='ltr'>sus</span> <span class='ocrx_word' id='word_1_88' title='bbox 177 1151 300 1213; x_wconf 80' lang='lat' dir='ltr'>Cretam</span> <span class='ocrx_word' id='word_1_89' title='bbox 319 1163 505 1236; x_wconf 82' lang='lat' dir='ltr'>porrectum.</span> <span class='ocrx_word' id='word_1_90' title='bbox 548 1153 736 1216; x_wconf 87' lang='lat' dir='ltr'>Confirmant</span> <span class='ocrx_word' id='word_1_91' title='bbox 755 1156 923 1236; x_wconf 84' lang='lat' dir='ltr'>sequentia,</span> <span class='ocrx_word' id='word_1_92' title='bbox 945 1157 976 1214; x_wconf 90' lang='lat' dir='ltr'>in</span> <span class='ocrx_word' id='word_1_93' title='bbox 995 1155 1106 1238; x_wconf 86' lang='lat' dir='ltr'>quihus</span> <span class='ocrx_word' id='word_1_94' title='bbox 1122 1177 1195 1238; x_wconf 89' lang='lat' dir='ltr'>prn-</span> 
     </span>
     <span class='ocr_line' id='line_1_11' title="bbox 118 1235 1195 1302; baseline 0.007 -8"><span class='ocrx_word' id='word_1_95' title='bbox 118 1238 301 1296; x_wconf 88' lang='lat' dir='ltr'>mnntorinm</span> <span class='ocrx_word' id='word_1_96' title='bbox 317 1235 434 1298; x_wconf 82' lang='lat' dir='ltr'>Maleae</span> <span class='ocrx_word' id='word_1_97' title='bbox 461 1247 657 1300; x_wconf 82' lang='lat' dir='ltr'>memoratur.</span> <span class='ocrx_word' id='word_1_98' title='bbox 702 1237 750 1298; x_wconf 84' lang='lat' dir='ltr'>Ex</span> <span class='ocrx_word' id='word_1_99' title='bbox 778 1236 906 1298; x_wconf 78' lang='lat' dir='ltr'>Hellade</span> <span class='ocrx_word' id='word_1_100' title='bbox 925 1236 1021 1298; x_wconf 82' lang='lat' dir='ltr'>CPlin</span> <span class='ocrx_word' id='word_1_101' title='bbox 1070 1239 1195 1302; x_wconf 78' lang='lat' dir='ltr'>infectio</span> 
     </span>
     <span class='ocr_line' id='line_1_12' title="bbox 118 1308 1195 1396; baseline 0.007 -20"><span class='ocrx_word' id='word_1_102' title='bbox 118 1329 160 1377; x_wconf 84' lang='lat' dir='ltr'>est</span> <span class='ocrx_word' id='word_1_103' title='bbox 181 1308 315 1396; x_wconf 74' lang='grc' dir='ltr'><strong><em>ἄνοδος,</em></strong></span> <span class='ocrx_word' id='word_1_104' title='bbox 345 1329 375 1379; x_wconf 88' lang='lat' dir='ltr'>et</span> <span class='ocrx_word' id='word_1_105' title='bbox 401 1323 570 1394; x_wconf 72' lang='lat' dir='ltr'>contrado,</span> <span class='ocrx_word' id='word_1_106' title='bbox 602 1341 655 1382; x_wconf 87' lang='lat' dir='ltr'>seu</span> <span class='ocrx_word' id='word_1_107' title='bbox 674 1319 746 1380; x_wconf 85' lang='lat' dir='ltr'>hine</span> <span class='ocrx_word' id='word_1_108' title='bbox 767 1318 856 1396; x_wconf 81' lang='lat' dir='ltr'>illuc,</span> <span class='ocrx_word' id='word_1_109' title='bbox 886 1330 932 1380; x_wconf 86' lang='lat' dir='ltr'>est</span> <span class='ocrx_word' id='word_1_110' title='bbox 990 1315 997 1334; x_wconf 90' lang='lat'><em>&#39;</em></span> <span class='ocrx_word' id='word_1_111' title='bbox 1058 1340 1093 1395; x_wconf 84' lang='grc' dir='ltr'>ος</span> <span class='ocrx_word' id='word_1_112' title='bbox 1112 1343 1129 1382; x_wconf 92' lang='lat' dir='ltr'>a</span> <span class='ocrx_word' id='word_1_113' title='bbox 1150 1323 1195 1384; x_wconf 91' lang='lat' dir='ltr'>nd</span> 
     </span>
     <span class='ocr_line' id='line_1_13' title="bbox 119 1399 1196 1486; baseline 0.008 -26"><span class='ocrx_word' id='word_1_114' title='bbox 119 1399 304 1466; x_wconf 74' lang='lat' dir='ltr'>constantin.</span> <span class='ocrx_word' id='word_1_115' title='bbox 325 1401 357 1462; x_wconf 93' lang='lat' dir='ltr'>in</span> <span class='ocrx_word' id='word_1_116' title='bbox 378 1403 441 1463; x_wconf 86' lang='lat' dir='ltr'>vita</span> <span class='ocrx_word' id='word_1_117' title='bbox 458 1403 560 1464; x_wconf 85' lang='lat' dir='ltr'>Basilii</span> <span class='ocrx_word' id='word_1_118' title='bbox 581 1401 754 1464; x_wconf 88' lang='lat' dir='ltr'>Macedonis</span> <span class='ocrx_word' id='word_1_119' title='bbox 775 1423 807 1484; x_wconf 92' lang='lat' dir='ltr'>p.</span> <span class='ocrx_word' id='word_1_120' title='bbox 835 1401 903 1486; x_wconf 74' lang='lat'>196.</span> <span class='ocrx_word' id='word_1_121' title='bbox 930 1400 1015 1482; x_wconf 61' lang='lat' dir='ltr'>sti</span> <span class='ocrx_word' id='word_1_122' title='bbox 1057 1403 1103 1468; x_wconf 83' lang='lat' dir='ltr'>Ex</span> <span class='ocrx_word' id='word_1_123' title='bbox 1162 1425 1196 1468; x_wconf 79' lang='lat' dir='ltr'>e·</span> 
     </span>
     <span class='ocr_line' id='line_1_14' title="bbox 117 1482 1191 1572; baseline 0.006 -29"><span class='ocrx_word' id='word_1_124' title='bbox 117 1484 238 1544; x_wconf 81' lang='lat' dir='ltr'>sandrin</span> <span class='ocrx_word' id='word_1_125' title='bbox 253 1487 432 1566; x_wconf 73' lang='lat' dir='ltr'><strong>Byzantium</strong></span> <span class='ocrx_word' id='word_1_126' title='bbox 446 1486 588 1568; x_wconf 79' lang='lat' dir='ltr'>navigare</span> <span class='ocrx_word' id='word_1_127' title='bbox 602 1498 650 1548; x_wconf 84' lang='lat' dir='ltr'>est</span> <span class='ocrx_word' id='word_1_128' title='bbox 665 1482 910 1562; x_wconf 71' lang='grc' dir='ltr'><strong><em>α’νακομίζεαθαι</em></strong></span> <span class='ocrx_word' id='word_1_129' title='bbox 934 1485 1082 1568; x_wconf 73' lang='lat' dir='ltr'>Agathino</span> <span class='ocrx_word' id='word_1_130' title='bbox 1096 1507 1129 1570; x_wconf 91' lang='lat' dir='ltr'>p.</span> <span class='ocrx_word' id='word_1_131' title='bbox 1139 1485 1191 1572; x_wconf 69' lang='grc'>49.</span> 
     </span>
     <span class='ocr_line' id='line_1_15' title="bbox 116 1565 1194 1733; baseline 0.006 -106"><span class='ocrx_word' id='word_1_132' title='bbox 116 1586 209 1707; x_wconf 69' lang='lat' dir='ltr'>p7.,e</span> <span class='ocrx_word' id='word_1_133' title='bbox 229 1567 356 1710; x_wconf 61' lang='lat' dir='ltr'>Grgecia</span> <span class='ocrx_word' id='word_1_134' title='bbox 363 1587 414 1733; x_wconf 55' lang='lat' dir='ltr'>tremp</span> <span class='ocrx_word' id='word_1_135' title='bbox 425 1569 721 1713; x_wconf 54' lang='lat' dir='ltr'>pgglllmflmglgahm</span> <span class='ocrx_word' id='word_1_136' title='bbox 739 1565 1076 1712; x_wconf 46' lang='lat' dir='ltr'>dmplrhfPlptalpufilpp</span> <span class='ocrx_word' id='word_1_137' title='bbox 1093 1571 1194 1714; x_wconf 51' lang='lat' dir='ltr'>l&#39;Ftap</span> 
     </span>
     <span class='ocr_line' id='line_1_16' title="bbox 133 1669 1192 1714; baseline 0.006 -6"><span class='ocrx_word' id='word_1_138' title='bbox 133 1692 141 1707; x_wconf 94' lang='grc'><strong>.</strong></span> <span class='ocrx_word' id='word_1_139' title='bbox 192 1669 362 1711; x_wconf 77' lang='lat' dir='ltr'>.21.an</span> <span class='ocrx_word' id='word_1_140' title='bbox 418 1695 426 1713; x_wconf 92' lang='grc'><strong>.</strong></span> <span class='ocrx_word' id='word_1_141' title='bbox 492 1675 526 1712; x_wconf 90' lang='grc' dir='ltr'>ι.</span> <span class='ocrx_word' id='word_1_142' title='bbox 581 1695 590 1712; x_wconf 90' lang='grc'><strong>.</strong></span> <span class='ocrx_word' id='word_1_143' title='bbox 651 1673 772 1712; x_wconf 80' lang='lat' dir='ltr'>eani.</span> <span class='ocrx_word' id='word_1_144' title='bbox 849 1669 912 1710; x_wconf 90' lang='lat' dir='ltr'>on.</span> <span class='ocrx_word' id='word_1_145' title='bbox 975 1673 991 1712; x_wconf 87' lang='grc' dir='ltr'><strong><em>τ</em></strong></span> <span class='ocrx_word' id='word_1_146' title='bbox 1063 1673 1192 1714; x_wconf 81' lang='grc' dir='ltr'><strong><em>ια..</em></strong></span> 
     </span>
     <span class='ocr_line' id='line_1_17' title="bbox 116 1672 1195 1812; baseline 0.006 -19"><span class='ocrx_word' id='word_1_147' title='bbox 116 1751 144 1812; x_wconf 88' lang='lat' dir='ltr'>p.</span> <span class='ocrx_word' id='word_1_148' title='bbox 167 1672 242 1794; x_wconf 64' lang='lat' dir='ltr'>ise.</span> <span class='ocrx_word' id='word_1_149' title='bbox 266 1753 297 1793; x_wconf 78' lang='lat' dir='ltr'>n.</span> <span class='ocrx_word' id='word_1_150' title='bbox 338 1733 444 1795; x_wconf 89' lang='lat' dir='ltr'>Unum</span> <span class='ocrx_word' id='word_1_151' title='bbox 460 1733 559 1796; x_wconf 88' lang='lat' dir='ltr'>adhuc</span> <span class='ocrx_word' id='word_1_152' title='bbox 574 1675 687 1796; x_wconf 74' lang='lat' dir='ltr'>addadi</span> <span class='ocrx_word' id='word_1_153' title='bbox 705 1755 722 1795; x_wconf 89' lang='lat' dir='ltr'>e</span> <span class='ocrx_word' id='word_1_154' title='bbox 737 1727 967 1794; x_wconf 73' lang='lat' dir='ltr'>Commentariis</span> <span class='ocrx_word' id='word_1_155' title='bbox 986 1735 1138 1796; x_wconf 86' lang='lat' dir='ltr'>Eustathii</span> <span class='ocrx_word' id='word_1_156' title='bbox 1155 1737 1195 1799; x_wconf 86' lang='lat' dir='ltr'>ad</span> 
     </span>
     <span class='ocr_line' id='line_1_18' title="bbox 117 1809 1196 1898; baseline 0.004 -24"><span class='ocrx_word' id='word_1_157' title='bbox 117 1813 283 1876; x_wconf 79' lang='lat' dir='ltr'>Homerum</span> <span class='ocrx_word' id='word_1_158' title='bbox 299 1818 444 1898; x_wconf 84' lang='lat' dir='ltr'>insignem</span> <span class='ocrx_word' id='word_1_159' title='bbox 467 1816 589 1878; x_wconf 85' lang='lat' dir='ltr'>locum:</span> <span class='ocrx_word' id='word_1_160' title='bbox 612 1813 647 1880; x_wconf 82' lang='grc' dir='ltr'>τὸ</span> <span class='ocrx_word' id='word_1_161' title='bbox 683 1809 836 1897; x_wconf 73' lang='grc' dir='ltr'><strong><em>ἀνήγαγον</em></strong></span> <span class='ocrx_word' id='word_1_162' title='bbox 855 1809 960 1892; x_wconf 72' lang='grc' dir='ltr'><strong><em>ὕψους</em></strong></span> <span class='ocrx_word' id='word_1_163' title='bbox 978 1813 1047 1878; x_wconf 71' lang='lat' dir='ltr'>tort</span> <span class='ocrx_word' id='word_1_164' title='bbox 1064 1815 1196 1898; x_wconf 73' lang='grc' dir='ltr'><strong><em>δηλωτι-</em></strong></span> 
     </span>
     <span class='ocr_line' id='line_1_19' title="bbox 115 1893 1196 2000; baseline 0.008 -46"><span class='ocrx_word' id='word_1_165' title='bbox 115 1895 187 1972; x_wconf 78' lang='grc' dir='ltr'><strong><em>κὸν,</em></strong></span> <span class='ocrx_word' id='word_1_166' title='bbox 215 1893 272 1959; x_wconf 82' lang='grc' dir='ltr'><strong><em>καί</em></strong></span> <span class='ocrx_word' id='word_1_167' title='bbox 290 1902 394 1971; x_wconf 76' lang='grc' dir='ltr'><strong><em>καλῶς</em></strong></span> <span class='ocrx_word' id='word_1_168' title='bbox 424 1895 546 1980; x_wconf 76' lang='grc' dir='ltr'><strong><em>εἴρηται</em></strong></span> <span class='ocrx_word' id='word_1_169' title='bbox 557 1945 576 2000; x_wconf 55' lang='grc' dir='ltr'>,Ι</span> <span class='ocrx_word' id='word_1_170' title='bbox 589 1894 631 1973; x_wconf 67' lang='grc' dir='ltr'>οἷς</span> <span class='ocrx_word' id='word_1_171' title='bbox 658 1899 717 1961; x_wconf 75' lang='grc' dir='ltr'>τοῦ</span> <span class='ocrx_word' id='word_1_172' title='bbox 740 1899 787 1970; x_wconf 83' lang='grc' dir='ltr'>είς</span> <span class='ocrx_word' id='word_1_173' title='bbox 810 1893 926 1980; x_wconf 82' lang='grc' dir='ltr'><strong><em>Τροίαν</em></strong></span> <span class='ocrx_word' id='word_1_174' title='bbox 946 1897 983 1958; x_wconf 78' lang='grc' dir='ltr'>ἐκ</span> <span class='ocrx_word' id='word_1_175' title='bbox 1001 1899 1065 1960; x_wconf 71' lang='grc' dir='ltr'><strong><em>τῶν</em></strong></span> <span class='ocrx_word' id='word_1_176' title='bbox 1083 1898 1196 1963; x_wconf 79' lang='grc' dir='ltr'><strong><em>νοτίων</em></strong></span> 
     </span>
     <span class='ocr_line' id='line_1_20' title="bbox 114 1975 1266 2064; baseline 0.003 -26"><span class='ocrx_word' id='word_1_177' title='bbox 114 1976 211 2039; x_wconf 76' lang='lat' dir='ltr'>sidon</span> <span class='ocrx_word' id='word_1_178' title='bbox 234 1979 399 2062; x_wconf 74' lang='grc' dir='ltr'>ἀναγωγῆς</span> <span class='ocrx_word' id='word_1_179' title='bbox 434 2001 530 2060; x_wconf 88' lang='grc' dir='ltr'><strong><em>τινος,</em></strong></span> <span class='ocrx_word' id='word_1_180' title='bbox 554 2001 625 2064; x_wconf 83' lang='grc' dir='ltr'><strong><em>ητοι</em></strong></span> <span class='ocrx_word' id='word_1_181' title='bbox 657 1978 842 2060; x_wconf 70' lang='grc' dir='ltr'><strong><em>ἀναβάσεως</em></strong></span> <span class='ocrx_word' id='word_1_182' title='bbox 861 1979 918 2040; x_wconf 85' lang='grc' dir='ltr'><strong><em>καί</em></strong></span> <span class='ocrx_word' id='word_1_183' title='bbox 935 1975 980 2053; x_wconf 75' lang='grc' dir='ltr'>ὥς</span> <span class='ocrx_word' id='word_1_184' title='bbox 999 1979 1098 2043; x_wconf 73' lang='grc' dir='ltr'><strong><em>εἰπεῖν</em></strong></span> <span class='ocrx_word' id='word_1_185' title='bbox 1118 1977 1197 2044; x_wconf 76' lang='grc' dir='ltr'><strong><em>οἶνοί·</em></strong></span> <span class='ocrx_word' id='word_1_186' title='bbox 1260 1993 1266 2003; x_wconf 91' lang='grc'><strong>’</strong></span> 
     </span>
     <span class='ocr_line' id='line_1_21' title="bbox 113 2051 1197 2163; baseline 0.006 -42"><span class='ocrx_word' id='word_1_187' title='bbox 113 2065 191 2122; x_wconf 77' lang='lat' dir='ltr'>alon</span> <span class='ocrx_word' id='word_1_188' title='bbox 212 2051 321 2139; x_wconf 80' lang='grc' dir='ltr'><strong><em>ὄντος,</em></strong></span> <span class='ocrx_word' id='word_1_189' title='bbox 344 2055 417 2146; x_wconf 79' lang='grc' dir='ltr'><strong><em>ὅπερ</em></strong></span> <span class='ocrx_word' id='word_1_190' title='bbox 439 2059 495 2126; x_wconf 78' lang='grc' dir='ltr'><strong><em>καί</em></strong></span> <span class='ocrx_word' id='word_1_191' title='bbox 514 2062 531 2126; x_wconf 82' lang='grc' dir='ltr'><em>ὃ</em></span> <span class='ocrx_word' id='word_1_192' title='bbox 551 2065 672 2128; x_wconf 60' lang='lat' dir='ltr'>§aaran</span> <span class='ocrx_word' id='word_1_193' title='bbox 690 2058 1081 2163; x_wconf 72' lang='grc' dir='ltr'><strong><em>ἅνάῥρονς“Ελλρ’σποντος</em></strong></span> <span class='ocrx_word' id='word_1_194' title='bbox 1099 2061 1197 2150; x_wconf 77' lang='lat' dir='ltr'>[retro</span> 
     </span>
     <span class='ocr_line' id='line_1_22' title="bbox 115 2136 1195 2248; baseline 0.004 -43"><span class='ocrx_word' id='word_1_195' title='bbox 115 2164 238 2206; x_wconf 77' lang='lat' dir='ltr'>nameus</span> <span class='ocrx_word' id='word_1_196' title='bbox 264 2144 493 2248; x_wconf 61' lang='lat' dir='ltr'>Hellespontusl</span> <span class='ocrx_word' id='word_1_197' title='bbox 512 2147 606 2227; x_wconf 77' lang='grc' dir='ltr'><strong><em>δηλοῖ</em></strong></span> <span class='ocrx_word' id='word_1_198' title='bbox 622 2140 800 2226; x_wconf 76' lang='grc' dir='ltr'><strong><em>κατάρρους</em></strong></span> <span class='ocrx_word' id='word_1_199' title='bbox 819 2136 875 2206; x_wconf 75' lang='grc' dir='ltr'><strong><em>ὄν·</em></strong></span> <span class='ocrx_word' id='word_1_200' title='bbox 898 2145 948 2206; x_wconf 79' lang='grc' dir='ltr'>διο</span> <span class='ocrx_word' id='word_1_201' title='bbox 967 2145 1023 2207; x_wconf 81' lang='grc' dir='ltr'><strong><em>καί</em></strong></span> <span class='ocrx_word' id='word_1_202' title='bbox 1039 2144 1195 2210; x_wconf 70' lang='grc' dir='ltr'><strong><em>κατωτικιὶ</em></strong></span> 
     </span>
     <span class='ocr_line' id='line_1_23' title="bbox 110 2221 1196 2313; baseline 0.004 -25"><span class='ocrx_word' id='word_1_203' title='bbox 110 2221 244 2288; x_wconf 75' lang='grc' dir='ltr'><strong><em>Ἑλλάδα</em></strong></span> <span class='ocrx_word' id='word_1_204' title='bbox 277 2225 296 2288; x_wconf 82' lang='lat' dir='ltr'>d</span> <span class='ocrx_word' id='word_1_205' title='bbox 326 2225 425 2304; x_wconf 79' lang='grc' dir='ltr'><strong><em>κοινὸς</em></strong></span> <span class='ocrx_word' id='word_1_206' title='bbox 457 2232 546 2312; x_wconf 78' lang='grc' dir='ltr'><strong><em>λογος</em></strong></span> <span class='ocrx_word' id='word_1_207' title='bbox 576 2229 667 2313; x_wconf 71' lang='grc' dir='ltr'><strong><em>φησί,</em></strong></span> <span class='ocrx_word' id='word_1_208' title='bbox 714 2228 873 2291; x_wconf 89' lang='lat' dir='ltr'>Helladem</span> <span class='ocrx_word' id='word_1_209' title='bbox 903 2229 1036 2312; x_wconf 79' lang='lat' dir='ltr'>appellnt</span> <span class='ocrx_word' id='word_1_210' title='bbox 1062 2229 1196 2313; x_wconf 79' lang='lat' dir='ltr'>vulgario</span> 
     </span>
     <span class='ocr_line' id='line_1_24' title="bbox 112 2304 1192 2393; baseline 0.002 -21"><span class='ocrx_word' id='word_1_211' title='bbox 112 2329 208 2372; x_wconf 75' lang='lat' dir='ltr'>sermo</span> <span class='ocrx_word' id='word_1_212' title='bbox 232 2321 333 2393; x_wconf 87' lang='lat' dir='ltr'>partes</span> <span class='ocrx_word' id='word_1_213' title='bbox 351 2313 525 2386; x_wconf 85' lang='lat' dir='ltr'>inferiores,</span> <span class='ocrx_word' id='word_1_214' title='bbox 549 2309 592 2384; x_wconf 72' lang='grc' dir='ltr'>ὥς</span> <span class='ocrx_word' id='word_1_215' title='bbox 615 2304 698 2374; x_wconf 79' lang='grc' dir='ltr'><strong><em>κάτω</em></strong></span> <span class='ocrx_word' id='word_1_216' title='bbox 718 2311 869 2388; x_wconf 78' lang='grc' dir='ltr'><strong><em>κειμένων</em></strong></span> <span class='ocrx_word' id='word_1_217' title='bbox 889 2316 954 2373; x_wconf 74' lang='grc' dir='ltr'><strong><em>τοῖν</em></strong></span> <span class='ocrx_word' id='word_1_218' title='bbox 974 2311 1045 2372; x_wconf 69' lang='grc' dir='ltr'>ἐκεῖ</span> <span class='ocrx_word' id='word_1_219' title='bbox 1058 2307 1137 2392; x_wconf 82' lang='grc' dir='ltr'><strong><em>πρὸς</em></strong></span> <span class='ocrx_word' id='word_1_220' title='bbox 1152 2310 1192 2374; x_wconf 76' lang='lat' dir='ltr'>ut</span> 
     </span>
     <span class='ocr_line' id='line_1_25' title="bbox 112 2391 1196 2480; baseline 0.006 -29"><span class='ocrx_word' id='word_1_221' title='bbox 112 2393 182 2452; x_wconf 73' lang='grc' dir='ltr'><strong><em>καθ’</em></strong></span> <span class='ocrx_word' id='word_1_222' title='bbox 201 2391 301 2474; x_wconf 82' lang='grc' dir='ltr'><strong><em>ἡμᾶς.</em></strong></span> <span class='ocrx_word' id='word_1_223' title='bbox 344 2396 488 2480; x_wconf 78' lang='lat' dir='ltr'>lntelligit</span> <span class='ocrx_word' id='word_1_224' title='bbox 509 2395 717 2472; x_wconf 81' lang='lat' dir='ltr'>Thessaliam,</span> <span class='ocrx_word' id='word_1_225' title='bbox 746 2396 831 2456; x_wconf 85' lang='lat' dir='ltr'>cuius</span> <span class='ocrx_word' id='word_1_226' title='bbox 861 2405 999 2478; x_wconf 79' lang='lat' dir='ltr'>respectu</span> <span class='ocrx_word' id='word_1_227' title='bbox 1027 2394 1131 2458; x_wconf 85' lang='lat' dir='ltr'>llellas</span> <span class='ocrx_word' id='word_1_228' title='bbox 1155 2395 1196 2458; x_wconf 88' lang='lat' dir='ltr'>ad</span> 
     </span>
     <span class='ocr_line' id='line_1_26' title="bbox 112 2477 1196 2560; baseline 0.006 -27"><span class='ocrx_word' id='word_1_229' title='bbox 112 2488 250 2538; x_wconf 77' lang='lat' dir='ltr'>ausuum</span> <span class='ocrx_word' id='word_1_230' title='bbox 268 2480 356 2539; x_wconf 82' lang='lat' dir='ltr'>iacet.</span> <span class='ocrx_word' id='word_1_231' title='bbox 408 2479 532 2540; x_wconf 80' lang='lat' dir='ltr'>lnversa</span> <span class='ocrx_word' id='word_1_232' title='bbox 552 2501 608 2540; x_wconf 84' lang='lat' dir='ltr'>noa</span> <span class='ocrx_word' id='word_1_233' title='bbox 632 2481 749 2539; x_wconf 89' lang='lat' dir='ltr'>ratione</span> <span class='ocrx_word' id='word_1_234' title='bbox 784 2480 900 2560; x_wconf 78' lang='lat' dir='ltr'>agimus</span> <span class='ocrx_word' id='word_1_235' title='bbox 939 2488 969 2538; x_wconf 85' lang='lat' dir='ltr'>et</span> <span class='ocrx_word' id='word_1_236' title='bbox 998 2477 1038 2539; x_wconf 89' lang='lat' dir='ltr'>ad</span> <span class='ocrx_word' id='word_1_237' title='bbox 1059 2489 1196 2540; x_wconf 84' lang='lat' dir='ltr'>austrum</span> 
     </span>
     <span class='ocr_line' id='line_1_27' title="bbox 109 2561 1196 2642; baseline 0.006 -26"><span class='ocrx_word' id='word_1_238' title='bbox 109 2561 164 2620; x_wconf 87' lang='lat' dir='ltr'>sita</span> <span class='ocrx_word' id='word_1_239' title='bbox 189 2563 370 2642; x_wconf 81' lang='lat' dir='ltr'>superiora,</span> <span class='ocrx_word' id='word_1_240' title='bbox 401 2563 438 2622; x_wconf 90' lang='lat' dir='ltr'>ad</span> <span class='ocrx_word' id='word_1_241' title='bbox 460 2563 583 2624; x_wconf 76' lang='lat' dir='ltr'>horem</span> <span class='ocrx_word' id='word_1_242' title='bbox 606 2561 749 2623; x_wconf 81' lang='lat' dir='ltr'>inferiora</span> <span class='ocrx_word' id='word_1_243' title='bbox 765 2562 906 2621; x_wconf 82' lang='lat' dir='ltr'>dicimus.</span> <span class='ocrx_word' id='word_1_244' title='bbox 953 2561 992 2620; x_wconf 86' lang='lat' dir='ltr'>E.</span> <span class='ocrx_word' id='word_1_245' title='bbox 1012 2581 1041 2627; x_wconf 89' lang='grc' dir='ltr'><strong><em>α.</em></strong></span> <span class='ocrx_word' id='word_1_246' title='bbox 1065 2561 1196 2623; x_wconf 73' lang='lat' dir='ltr'>Saxonis</span> 
     </span>
     <span class='ocr_line' id='line_1_28' title="bbox 199 2644 1194 2728; baseline 0.001 -24"><span class='ocrx_word' id='word_1_247' title='bbox 199 2646 248 2704; x_wconf 89' lang='lat' dir='ltr'>&#39;or</span> <span class='ocrx_word' id='word_1_248' title='bbox 276 2655 321 2704; x_wconf 91' lang='lat' dir='ltr'>est</span> <span class='ocrx_word' id='word_1_249' title='bbox 346 2656 449 2706; x_wconf 82' lang='lat' dir='ltr'>nostra</span> <span class='ocrx_word' id='word_1_250' title='bbox 467 2646 542 2706; x_wconf 84' lang='lat' dir='ltr'>haee</span> <span class='ocrx_word' id='word_1_251' title='bbox 573 2647 691 2728; x_wconf 89' lang='lat' dir='ltr'>patria,</span> <span class='ocrx_word' id='word_1_252' title='bbox 727 2644 852 2704; x_wconf 80' lang='lat' dir='ltr'>inferior</span> <span class='ocrx_word' id='word_1_253' title='bbox 877 2663 956 2725; x_wconf 83' lang='lat' dir='ltr'>quae</span> <span class='ocrx_word' id='word_1_254' title='bbox 983 2663 1088 2704; x_wconf 80' lang='lat' dir='ltr'>remus</span> <span class='ocrx_word' id='word_1_255' title='bbox 1116 2645 1194 2706; x_wconf 89' lang='lat' dir='ltr'>ostia</span> 
     </span>
     <span class='ocr_line' id='line_1_29' title="bbox 109 2723 1196 2810; baseline 0.005 -27"><span class='ocrx_word' id='word_1_256' title='bbox 109 2723 197 2788; x_wconf 80' lang='lat' dir='ltr'>Abia</span> <span class='ocrx_word' id='word_1_257' title='bbox 228 2736 263 2786; x_wconf 85' lang='lat' dir='ltr'>et</span> <span class='ocrx_word' id='word_1_258' title='bbox 290 2727 428 2810; x_wconf 83' lang='lat' dir='ltr'>Visurgis</span> <span class='ocrx_word' id='word_1_259' title='bbox 450 2728 488 2789; x_wconf 88' lang='lat' dir='ltr'>ad</span> <span class='ocrx_word' id='word_1_260' title='bbox 513 2749 596 2790; x_wconf 87' lang='lat' dir='ltr'>mare</span> <span class='ocrx_word' id='word_1_261' title='bbox 624 2729 840 2788; x_wconf 86' lang='lat' dir='ltr'>Germanicum</span> <span class='ocrx_word' id='word_1_262' title='bbox 870 2735 1052 2808; x_wconf 83' lang='lat' dir='ltr'>prospectat.</span> <span class='ocrx_word' id='word_1_263' title='bbox 1091 2725 1133 2786; x_wconf 84' lang='lat' dir='ltr'>Et</span> <span class='ocrx_word' id='word_1_264' title='bbox 1152 2729 1196 2789; x_wconf 84' lang='lat' dir='ltr'>sio</span> 
     </span>
     <span class='ocr_line' id='line_1_30' title="bbox 108 2806 1191 2890; baseline 0.002 -22"><span class='ocrx_word' id='word_1_265' title='bbox 108 2809 168 2868; x_wconf 86' lang='lat' dir='ltr'>iam</span> <span class='ocrx_word' id='word_1_266' title='bbox 186 2806 266 2870; x_wconf 87' lang='lat' dir='ltr'>olim</span> <span class='ocrx_word' id='word_1_267' title='bbox 283 2811 422 2872; x_wconf 82' lang='lat' dir='ltr'>Zosimus</span> <span class='ocrx_word' id='word_1_268' title='bbox 442 2807 500 2890; x_wconf 69' lang='grc' dir='ltr'><strong><em>τὴν</em></strong></span> <span class='ocrx_word' id='word_1_269' title='bbox 524 2807 609 2872; x_wconf 79' lang='grc' dir='ltr'><strong><em>κοίταν</em></strong></span> <span class='ocrx_word' id='word_1_270' title='bbox 631 2808 814 2889; x_wconf 75' lang='grc' dir='ltr'><strong><em>Γερμανίαν</em></strong></span> <span class='ocrx_word' id='word_1_271' title='bbox 835 2809 972 2890; x_wconf 82' lang='lat' dir='ltr'>Belgium</span> <span class='ocrx_word' id='word_1_272' title='bbox 988 2807 1063 2869; x_wconf 82' lang='lat' dir='ltr'>dixit</span> <span class='ocrx_word' id='word_1_273' title='bbox 1082 2807 1133 2870; x_wconf 93' lang='lat' dir='ltr'>Vl.</span> <span class='ocrx_word' id='word_1_274' title='bbox 1159 2829 1191 2870; x_wconf 77' lang='lat' dir='ltr'>n.</span> 
     </span>
     <span class='ocr_line' id='line_1_31' title="bbox 107 2881 1193 2977; baseline -0.001 -25"><span class='ocrx_word' id='word_1_275' title='bbox 107 2889 165 2952; x_wconf 85' lang='lat' dir='ltr'>Sed</span> <span class='ocrx_word' id='word_1_276' title='bbox 187 2893 233 2952; x_wconf 90' lang='lat' dir='ltr'>ibi</span> <span class='ocrx_word' id='word_1_277' title='bbox 256 2895 377 2955; x_wconf 83' lang='lat' dir='ltr'>variant</span> <span class='ocrx_word' id='word_1_278' title='bbox 396 2894 529 2966; x_wconf 83' lang='lat' dir='ltr'>codices,</span> <span class='ocrx_word' id='word_1_279' title='bbox 552 2915 683 2977; x_wconf 89' lang='lat' dir='ltr'>quornm</span> <span class='ocrx_word' id='word_1_280' title='bbox 704 2892 756 2952; x_wconf 87' lang='lat' dir='ltr'>alii</span> <span class='ocrx_word' id='word_1_281' title='bbox 777 2881 845 2954; x_wconf 76' lang='grc' dir='ltr'><strong><em>ἅνω</em></strong></span> <span class='ocrx_word' id='word_1_282' title='bbox 870 2891 1066 2973; x_wconf 84' lang='lat' dir='ltr'>praeierunt,</span> <span class='ocrx_word' id='word_1_283' title='bbox 1087 2891 1193 2972; x_wconf 82' lang='lat' dir='ltr'>qnod,</span> 
     </span>
     <span class='ocr_line' id='line_1_32' title="bbox 107 2975 1194 3060; baseline 0.001 -26"><span class='ocrx_word' id='word_1_284' title='bbox 107 2977 252 3054; x_wconf 82' lang='lat' dir='ltr'>quamvis</span> <span class='ocrx_word' id='word_1_285' title='bbox 270 2976 393 3036; x_wconf 88' lang='lat' dir='ltr'>damnet</span> <span class='ocrx_word' id='word_1_286' title='bbox 414 2977 435 3038; x_wconf 89' lang='lat' dir='ltr'>S</span> <span class='ocrx_word' id='word_1_287' title='bbox 458 2977 612 3060; x_wconf 82' lang='lat' dir='ltr'>lburgius,</span> <span class='ocrx_word' id='word_1_288' title='bbox 635 2977 735 3036; x_wconf 83' lang='lat' dir='ltr'>neseio</span> <span class='ocrx_word' id='word_1_289' title='bbox 765 2985 867 3036; x_wconf 89' lang='lat' dir='ltr'>tamen</span> <span class='ocrx_word' id='word_1_290' title='bbox 895 2995 997 3035; x_wconf 91' lang='lat' dir='ltr'>annon</span> <span class='ocrx_word' id='word_1_291' title='bbox 1018 2979 1058 3036; x_wconf 89' lang='lat' dir='ltr'>sit</span> <span class='ocrx_word' id='word_1_292' title='bbox 1076 2975 1194 3056; x_wconf 78' lang='lat' dir='ltr'>praefe-</span> 
     </span>
     <span class='ocr_line' id='line_1_33' title="bbox 106 2999 1192 3141; baseline 0 -24"><span class='ocrx_word' id='word_1_293' title='bbox 106 3059 249 3120; x_wconf 87' lang='lat' dir='ltr'>rendum.</span> <span class='ocrx_word' id='word_1_294' title='bbox 295 3059 413 3121; x_wconf 83' lang='lat' dir='ltr'>Pariter</span> <span class='ocrx_word' id='word_1_295' title='bbox 436 2999 556 3121; x_wconf 77' lang='lat' dir='ltr'>llicetas</span> <span class='ocrx_word' id='word_1_296' title='bbox 576 3059 738 3120; x_wconf 84' lang='lat' dir='ltr'>Choniates</span> <span class='ocrx_word' id='word_1_297' title='bbox 754 3080 787 3141; x_wconf 77' lang='lat' dir='ltr'>p,</span> <span class='ocrx_word' id='word_1_298' title='bbox 811 3056 883 3120; x_wconf 81' lang='lat'>215.</span> <span class='ocrx_word' id='word_1_299' title='bbox 905 3056 942 3118; x_wconf 90' lang='lat' dir='ltr'>C.</span> <span class='ocrx_word' id='word_1_300' title='bbox 962 3079 994 3141; x_wconf 88' lang='lat'>9.</span> <span class='ocrx_word' id='word_1_301' title='bbox 1010 3057 1060 3118; x_wconf 90' lang='lat' dir='ltr'>ed.</span> <span class='ocrx_word' id='word_1_302' title='bbox 1081 3059 1192 3119; x_wconf 72' lang='lat' dir='ltr'>Vener.</span> 
     </span>
     <span class='ocr_line' id='line_1_34' title="bbox 104 3137 1191 3224; baseline 0.001 -25"><span class='ocrx_word' id='word_1_303' title='bbox 104 3137 287 3202; x_wconf 87' lang='lat' dir='ltr'>Flandriam</span> <span class='ocrx_word' id='word_1_304' title='bbox 300 3137 357 3215; x_wconf 81' lang='grc' dir='ltr'><strong><em>τοὶς</em></strong></span> <span class='ocrx_word' id='word_1_305' title='bbox 369 3139 451 3204; x_wconf 72' lang='lat' dir='ltr'>aciaco</span> <span class='ocrx_word' id='word_1_306' title='bbox 472 3141 623 3220; x_wconf 78' lang='grc' dir='ltr'><strong><em>Γαλλίας,</em></strong></span> <span class='ocrx_word' id='word_1_307' title='bbox 644 3142 696 3202; x_wconf 81' lang='lat' dir='ltr'><em>W</em></span> <span class='ocrx_word' id='word_1_308' title='bbox 692 3142 836 3202; x_wconf 81' lang='lat' dir='ltr'>ollonium</span> <span class='ocrx_word' id='word_1_309' title='bbox 855 3143 1037 3221; x_wconf 70' lang='lat' dir='ltr'>inkn‘noem,</span> <span class='ocrx_word' id='word_1_310' title='bbox 1049 3140 1191 3224; x_wconf 85' lang='lat' dir='ltr'>appellat.</span> 
     </span>
     <span class='ocr_line' id='line_1_35' title="bbox 106 3217 1196 3309; baseline 0.002 -27"><span class='ocrx_word' id='word_1_311' title='bbox 106 3225 264 3284; x_wconf 82' lang='lat' dir='ltr'>Maximus</span> <span class='ocrx_word' id='word_1_312' title='bbox 283 3245 405 3309; x_wconf 90' lang='lat' dir='ltr'>quoqne</span> <span class='ocrx_word' id='word_1_313' title='bbox 430 3225 542 3308; x_wconf 84' lang='lat' dir='ltr'>Tyrius</span> <span class='ocrx_word' id='word_1_314' title='bbox 557 3235 635 3286; x_wconf 87' lang='lat' dir='ltr'>orat.</span> <span class='ocrx_word' id='word_1_315' title='bbox 671 3226 762 3285; x_wconf 84' lang='lat' dir='ltr'><strong>XIX.</strong></span> <span class='ocrx_word' id='word_1_316' title='bbox 794 3219 847 3285; x_wconf 81' lang='grc' dir='ltr'><strong><em>τὸν</em></strong></span> <span class='ocrx_word' id='word_1_317' title='bbox 867 3217 1061 3286; x_wconf 72' lang='grc' dir='ltr'><strong><em>κατελθόντα</em></strong></span> <span class='ocrx_word' id='word_1_318' title='bbox 1081 3217 1196 3298; x_wconf 79' lang='grc' dir='ltr'><strong><em>λοιμόν</em></strong></span> 
     </span>
     <span class='ocr_line' id='line_1_36' title="bbox 104 3304 1195 3391; baseline -0.001 -24"><span class='ocrx_word' id='word_1_319' title='bbox 104 3319 221 3386; x_wconf 80' lang='lat' dir='ltr'>pestem</span> <span class='ocrx_word' id='word_1_320' title='bbox 240 3308 337 3385; x_wconf 85' lang='lat' dir='ltr'>dixit,</span> <span class='ocrx_word' id='word_1_321' title='bbox 367 3329 443 3391; x_wconf 89' lang='lat' dir='ltr'>qnae</span> <span class='ocrx_word' id='word_1_322' title='bbox 473 3329 508 3369; x_wconf 86' lang='lat' dir='ltr'>ex</span> <span class='ocrx_word' id='word_1_323' title='bbox 528 3307 690 3389; x_wconf 78' lang='lat' dir='ltr'>Aethiopia</span> <span class='ocrx_word' id='word_1_324' title='bbox 714 3306 868 3368; x_wconf 86' lang='lat' dir='ltr'>descendit</span> <span class='ocrx_word' id='word_1_325' title='bbox 892 3309 927 3367; x_wconf 92' lang='lat' dir='ltr'>in</span> <span class='ocrx_word' id='word_1_326' title='bbox 946 3304 1099 3377; x_wconf 79' lang='lat' dir='ltr'>Atticam,</span> <span class='ocrx_word' id='word_1_327' title='bbox 1121 3316 1158 3364; x_wconf 87' lang='lat' dir='ltr'>nt</span> <span class='ocrx_word' id='word_1_328' title='bbox 1177 3323 1195 3366; x_wconf 83' lang='lat' dir='ltr'>e</span> 
     </span>
     <span class='ocr_line' id='line_1_37' title="bbox 104 3387 1194 3474; baseline 0 -26"><span class='ocrx_word' id='word_1_329' title='bbox 104 3392 313 3472; x_wconf 75' lang='lat' dir='ltr'>superiorein</span> <span class='ocrx_word' id='word_1_330' title='bbox 333 3391 518 3454; x_wconf 83' lang='lat' dir='ltr'>inferiorem.</span> <span class='ocrx_word' id='word_1_331' title='bbox 560 3391 607 3453; x_wconf 91' lang='lat' dir='ltr'>Ne</span> <span class='ocrx_word' id='word_1_332' title='bbox 628 3389 702 3474; x_wconf 87' lang='lat' dir='ltr'>quid</span> <span class='ocrx_word' id='word_1_333' title='bbox 714 3391 838 3450; x_wconf 85' lang='lat' dir='ltr'>tandem</span> <span class='ocrx_word' id='word_1_334' title='bbox 853 3387 1053 3464; x_wconf 76' lang='lat' dir='ltr'>dissimulem,</span> <span class='ocrx_word' id='word_1_335' title='bbox 1071 3396 1149 3448; x_wconf 79' lang='lat' dir='ltr'>esset</span> <span class='ocrx_word' id='word_1_336' title='bbox 1161 3387 1194 3448; x_wconf 86' lang='lat' dir='ltr'>in</span> 
     </span>
     <span class='ocr_line' id='line_1_38' title="bbox 103 3461 1194 3556; baseline -0.002 -24"><span class='ocrx_word' id='word_1_337' title='bbox 103 3471 205 3535; x_wconf 87' lang='lat' dir='ltr'>Dione</span> <span class='ocrx_word' id='word_1_338' title='bbox 236 3473 361 3553; x_wconf 81' lang='lat' dir='ltr'>Cassio,</span> <span class='ocrx_word' id='word_1_339' title='bbox 386 3495 438 3536; x_wconf 82' lang='lat' dir='ltr'>seu</span> <span class='ocrx_word' id='word_1_340' title='bbox 466 3473 641 3556; x_wconf 89' lang='lat' dir='ltr'>Xiphilino,</span> <span class='ocrx_word' id='word_1_341' title='bbox 673 3473 795 3534; x_wconf 84' lang='lat' dir='ltr'>lectioni</span> <span class='ocrx_word' id='word_1_342' title='bbox 823 3461 889 3532; x_wconf 72' lang='grc' dir='ltr'><strong><em>ἄνω</em></strong></span> <span class='ocrx_word' id='word_1_343' title='bbox 909 3471 1112 3552; x_wconf 81' lang='lat' dir='ltr'>praesidium,</span> <span class='ocrx_word' id='word_1_344' title='bbox 1141 3470 1194 3550; x_wconf 90' lang='lat' dir='ltr'>qui</span> 
     </span>
     <span class='ocr_line' id='line_1_39' title="bbox 103 3549 1194 3640; baseline -0.005 -23"><span class='ocrx_word' id='word_1_345' title='bbox 103 3575 133 3635; x_wconf 95' lang='lat' dir='ltr'>p.</span> <span class='ocrx_word' id='word_1_346' title='bbox 155 3579 252 3619; x_wconf 80' lang='lat' dir='ltr'>sono.</span> <span class='ocrx_word' id='word_1_347' title='bbox 275 3555 329 3633; x_wconf 71' lang='grc'>45.</span> <span class='ocrx_word' id='word_1_348' title='bbox 359 3551 487 3637; x_wconf 73' lang='grc' dir='ltr'><strong><em>ἀνάγειν</em></strong></span> <span class='ocrx_word' id='word_1_349' title='bbox 518 3561 619 3640; x_wconf 89' lang='lat' dir='ltr'>posuit</span> <span class='ocrx_word' id='word_1_350' title='bbox 643 3577 699 3640; x_wconf 90' lang='lat' dir='ltr'>pro</span> <span class='ocrx_word' id='word_1_351' title='bbox 737 3577 780 3616; x_wconf 76' lang='lat' dir='ltr'>ex</span> <span class='ocrx_word' id='word_1_352' title='bbox 809 3555 885 3616; x_wconf 81' lang='lat' dir='ltr'>Asia</span> <span class='ocrx_word' id='word_1_353' title='bbox 909 3555 1038 3613; x_wconf 78' lang='lat' dir='ltr'>Romam</span> <span class='ocrx_word' id='word_1_354' title='bbox 1065 3549 1194 3632; x_wconf 69' lang='grc' dir='ltr'><strong><em>ἄνοιτο,</em></strong></span> 
     </span>
     <span class='ocr_line' id='line_1_40' title="bbox 104 3634 1197 3722; baseline -0.004 -23"><span class='ocrx_word' id='word_1_355' title='bbox 104 3640 159 3701; x_wconf 91' lang='lat' dir='ltr'>nisi</span> <span class='ocrx_word' id='word_1_356' title='bbox 182 3641 226 3702; x_wconf 90' lang='lat' dir='ltr'>de</span> <span class='ocrx_word' id='word_1_357' title='bbox 249 3641 401 3702; x_wconf 82' lang='lat' dir='ltr'>contraria</span> <span class='ocrx_word' id='word_1_358' title='bbox 429 3641 638 3722; x_wconf 84' lang='lat' dir='ltr'>profectione,</span> <span class='ocrx_word' id='word_1_359' title='bbox 667 3641 764 3700; x_wconf 81' lang='lat' dir='ltr'>Roma</span> <span class='ocrx_word' id='word_1_360' title='bbox 789 3637 828 3698; x_wconf 92' lang='lat' dir='ltr'>ad</span> <span class='ocrx_word' id='word_1_361' title='bbox 856 3635 1063 3718; x_wconf 82' lang='lat' dir='ltr'>Euphratem,</span> <span class='ocrx_word' id='word_1_362' title='bbox 1084 3634 1197 3696; x_wconf 85' lang='lat' dir='ltr'>Aristi·</span> 
     </span>
     <span class='ocr_line' id='line_1_41' title="bbox 104 3713 1196 3806; baseline -0.004 -23"><span class='ocrx_word' id='word_1_363' title='bbox 104 3721 215 3784; x_wconf 84' lang='lat' dir='ltr'>desT.</span> <span class='ocrx_word' id='word_1_364' title='bbox 239 3724 264 3785; x_wconf 93' lang='lat' dir='ltr'>l.</span> <span class='ocrx_word' id='word_1_365' title='bbox 289 3745 319 3804; x_wconf 89' lang='lat' dir='ltr'>p.</span> <span class='ocrx_word' id='word_1_366' title='bbox 344 3745 415 3806; x_wconf 82' lang='lat'>²¹9·</span> <span class='ocrx_word' id='word_1_367' title='bbox 447 3745 472 3784; x_wconf 86' lang='lat' dir='ltr'>c.</span> <span class='ocrx_word' id='word_1_368' title='bbox 489 3725 543 3784; x_wconf 85' lang='lat' dir='ltr'>fin.</span> <span class='ocrx_word' id='word_1_369' title='bbox 563 3713 628 3784; x_wconf 72' lang='grc' dir='ltr'><strong><em>ἅνω</em></strong></span> <span class='ocrx_word' id='word_1_370' title='bbox 650 3721 731 3786; x_wconf 78' lang='grc' dir='ltr'><strong><em>ἰέναι</em></strong></span> <span class='ocrx_word' id='word_1_371' title='bbox 745 3723 876 3782; x_wconf 82' lang='lat' dir='ltr'>dixisset.</span> <span class='ocrx_word' id='word_1_372' title='bbox 917 3721 962 3781; x_wconf 83' lang='lat' dir='ltr'>Er</span> <span class='ocrx_word' id='word_1_373' title='bbox 983 3718 1032 3780; x_wconf 90' lang='lat' dir='ltr'>his</span> <span class='ocrx_word' id='word_1_374' title='bbox 1054 3719 1196 3781; x_wconf 83' lang='lat' dir='ltr'>omnibns</span> 
     </span>
     <span class='ocr_line' id='line_1_42' title="bbox 105 3802 1197 3884; baseline -0.005 -16"><span class='ocrx_word' id='word_1_375' title='bbox 105 3804 223 3868; x_wconf 71' lang='lat' dir='ltr'>effluere</span> <span class='ocrx_word' id='word_1_376' title='bbox 238 3827 302 3866; x_wconf 92' lang='lat' dir='ltr'>non</span> <span class='ocrx_word' id='word_1_377' title='bbox 315 3805 401 3867; x_wconf 86' lang='lat' dir='ltr'>valeo</span> <span class='ocrx_word' id='word_1_378' title='bbox 413 3809 469 3867; x_wconf 87' lang='lat' dir='ltr'>nisi</span> <span class='ocrx_word' id='word_1_379' title='bbox 486 3807 545 3867; x_wconf 80' lang='lat' dir='ltr'>hoe</span> <span class='ocrx_word' id='word_1_380' title='bbox 559 3827 667 3884; x_wconf 90' lang='lat' dir='ltr'>unum,</span> <span class='ocrx_word' id='word_1_381' title='bbox 687 3816 825 3866; x_wconf 81' lang='lat' dir='ltr'>auctores</span> <span class='ocrx_word' id='word_1_382' title='bbox 834 3804 959 3864; x_wconf 88' lang='lat' dir='ltr'>modum</span> <span class='ocrx_word' id='word_1_383' title='bbox 978 3805 1010 3862; x_wconf 92' lang='lat' dir='ltr'>in</span> <span class='ocrx_word' id='word_1_384' title='bbox 1018 3802 1067 3863; x_wconf 89' lang='lat' dir='ltr'>his</span> <span class='ocrx_word' id='word_1_385' title='bbox 1078 3821 1197 3884; x_wconf 77' lang='lat' dir='ltr'>geogra-</span> 
     </span>
     <span class='ocr_line' id='line_1_43' title="bbox 105 3886 1195 3967; baseline -0.004 -20"><span class='ocrx_word' id='word_1_386' title='bbox 105 3889 198 3967; x_wconf 87' lang='lat' dir='ltr'>phicis</span> <span class='ocrx_word' id='word_1_387' title='bbox 214 3889 350 3950; x_wconf 77' lang='lat' dir='ltr'>aundem</span> <span class='ocrx_word' id='word_1_388' title='bbox 364 3911 427 3950; x_wconf 92' lang='lat' dir='ltr'>non</span> <span class='ocrx_word' id='word_1_389' title='bbox 445 3893 586 3963; x_wconf 86' lang='lat' dir='ltr'>tenuisse,</span> <span class='ocrx_word' id='word_1_390' title='bbox 610 3902 640 3951; x_wconf 88' lang='lat' dir='ltr'>et</span> <span class='ocrx_word' id='word_1_391' title='bbox 651 3890 691 3950; x_wconf 94' lang='lat' dir='ltr'>ob</span> <span class='ocrx_word' id='word_1_392' title='bbox 709 3887 788 3948; x_wconf 89' lang='lat' dir='ltr'>hane</span> <span class='ocrx_word' id='word_1_393' title='bbox 803 3886 1036 3949; x_wconf 81' lang='lat' dir='ltr'>inconstantiam</span> <span class='ocrx_word' id='word_1_394' title='bbox 1048 3886 1195 3945; x_wconf 80' lang='lat' dir='ltr'>Nostrum</span> 
     </span>
     <span class='ocr_line' id='line_1_44' title="bbox 105 3965 1191 4054; baseline -0.006 -21"><span class='ocrx_word' id='word_1_395' title='bbox 105 3984 182 4033; x_wconf 84' lang='lat' dir='ltr'>reete</span> <span class='ocrx_word' id='word_1_396' title='bbox 202 3973 309 4032; x_wconf 82' lang='lat' dir='ltr'>videri</span> <span class='ocrx_word' id='word_1_397' title='bbox 327 3995 412 4054; x_wconf 88' lang='lat' dir='ltr'>posse</span> <span class='ocrx_word' id='word_1_398' title='bbox 427 3973 544 4034; x_wconf 84' lang='lat' dir='ltr'>ltaliam</span> <span class='ocrx_word' id='word_1_399' title='bbox 568 3967 607 4034; x_wconf 76' lang='lat' dir='ltr'>ui</span> <span class='ocrx_word' id='word_1_400' title='bbox 631 3965 698 4033; x_wconf 73' lang='grc' dir='ltr'><strong><em>ἄνια</em></strong></span> <span class='ocrx_word' id='word_1_401' title='bbox 718 3971 801 4051; x_wconf 76' lang='grc' dir='ltr'><strong><em>μέρη</em></strong></span> <span class='ocrx_word' id='word_1_402' title='bbox 821 3971 947 4048; x_wconf 84' lang='lat' dir='ltr'>dixisse,</span> <span class='ocrx_word' id='word_1_403' title='bbox 970 3967 1191 4030; x_wconf 75' lang='lat' dir='ltr'>nausa-alen.</span> 
     </span>
     <span class='ocr_line' id='line_1_45' title="bbox 165 4047 1196 4140; baseline -0.006 -24"><span class='ocrx_word' id='word_1_404' title='bbox 165 4077 243 4138; x_wconf 78' lang='lat'>²29·</span> <span class='ocrx_word' id='word_1_405' title='bbox 270 4055 312 4116; x_wconf 80' lang='lat' dir='ltr'>A.</span> <span class='ocrx_word' id='word_1_406' title='bbox 340 4055 371 4117; x_wconf 87' lang='lat'>5.</span> <span class='ocrx_word' id='word_1_407' title='bbox 394 4055 477 4140; x_wconf 80' lang='lat'>[393‚</span> <span class='ocrx_word' id='word_1_408' title='bbox 504 4054 551 4139; x_wconf 84' lang='lat'>5.]</span> <span class='ocrx_word' id='word_1_409' title='bbox 574 4047 747 4135; x_wconf 69' lang='lat' dir='ltr'>inoperire.</span> <span class='ocrx_word' id='word_1_410' title='bbox 789 4057 837 4114; x_wconf 93' lang='lat' dir='ltr'>De</span> <span class='ocrx_word' id='word_1_411' title='bbox 860 4055 1001 4114; x_wconf 75' lang='lat' dir='ltr'>laureatis</span> <span class='ocrx_word' id='word_1_412' title='bbox 1030 4051 1137 4113; x_wconf 83' lang='lat' dir='ltr'>litteris</span> <span class='ocrx_word' id='word_1_413' title='bbox 1164 4059 1196 4110; x_wconf 83' lang='lat' dir='ltr'>et</span> 
     </span>
     <span class='ocr_line' id='line_1_46' title="bbox 106 4131 1196 4222; baseline -0.007 -24"><span class='ocrx_word' id='word_1_414' title='bbox 106 4136 292 4218; x_wconf 78' lang='lat' dir='ltr'>imaginibus</span> <span class='ocrx_word' id='word_1_415' title='bbox 312 4141 393 4213; x_wconf 84' lang='lat' dir='ltr'>auis,</span> <span class='ocrx_word' id='word_1_416' title='bbox 415 4159 489 4222; x_wconf 86' lang='lat' dir='ltr'>quas</span> <span class='ocrx_word' id='word_1_417' title='bbox 511 4143 582 4200; x_wconf 90' lang='lat' dir='ltr'>novi</span> <span class='ocrx_word' id='word_1_418' title='bbox 605 4141 638 4198; x_wconf 94' lang='lat' dir='ltr'>in</span> <span class='ocrx_word' id='word_1_419' title='bbox 660 4138 815 4198; x_wconf 87' lang='lat' dir='ltr'>occidente</span> <span class='ocrx_word' id='word_1_420' title='bbox 825 4137 1023 4220; x_wconf 86' lang='lat' dir='ltr'>Imperatores</span> <span class='ocrx_word' id='word_1_421' title='bbox 1040 4137 1072 4194; x_wconf 92' lang='lat' dir='ltr'>in</span> <span class='ocrx_word' id='word_1_422' title='bbox 1094 4131 1196 4193; x_wconf 91' lang='lat' dir='ltr'>orien-</span> 
     </span>
     <span class='ocr_line' id='line_1_47' title="bbox 104 4216 1196 4304; baseline -0.005 -27"><span class='ocrx_word' id='word_1_423' title='bbox 104 4227 163 4281; x_wconf 74' lang='lat' dir='ltr'>tem</span> <span class='ocrx_word' id='word_1_424' title='bbox 189 4223 316 4283; x_wconf 86' lang='lat' dir='ltr'>mittere</span> <span class='ocrx_word' id='word_1_425' title='bbox 339 4221 514 4298; x_wconf 86' lang='lat' dir='ltr'>dehebant,</span> <span class='ocrx_word' id='word_1_426' title='bbox 547 4243 584 4284; x_wconf 88' lang='lat' dir='ltr'>eo</span> <span class='ocrx_word' id='word_1_427' title='bbox 609 4224 740 4304; x_wconf 71' lang='lat' dir='ltr'>auspicia</span> <span class='ocrx_word' id='word_1_428' title='bbox 767 4221 852 4303; x_wconf 80' lang='lat' dir='ltr'>regni</span> <span class='ocrx_word' id='word_1_429' title='bbox 876 4223 924 4280; x_wconf 89' lang='lat' dir='ltr'>sui</span> <span class='ocrx_word' id='word_1_430' title='bbox 954 4216 1148 4302; x_wconf 76' lang='lat' dir='ltr'>significaturi</span> <span class='ocrx_word' id='word_1_431' title='bbox 1165 4221 1196 4272; x_wconf 85' lang='lat' dir='ltr'>et</span> 
     </span>
    </p>
   </div>
   <div class='ocr_carea' id='block_1_3' title="bbox 0 0 1492 4892">
    <p class='ocr_par' dir='ltr' id='par_1_3' title="bbox 0 0 1492 4892">
     <span class='ocr_line' id='line_1_48' title="bbox 0 0 1492 4892; baseline 0 0"><span class='ocrx_word' id='word_1_432' title='bbox 0 0 1492 4892; x_wconf 95' lang='lat' dir='ltr'> </span> 
     </span>
    </p>
   </div>
  </div>
 </body>
</html>
