2975 4892
132 335 190 402 so
221 331 449 402 consrtur.
479 331 631 400 roma.
657 333 713 398 ns
740 329 878 398 cnam
905 333 981 398 nu.
999 337 1042 400 11.
1070 308 1151 422 691

69 491 212 554 emendes
231 491 308 556 iilud
330 487 503 575 Antegorae
535 489 616 573 apud
644 489 812 586 Diogenem
841 489 998 553 Laertium
1017 513 1050 576 p.
1067 491 1155 574 ndns

69 571 216 658 καθαρὸς
233 569 339 655 daorsis
360 573 474 658 σοφίας
493 571 651 672 ‘TW
671 572 798 672 ἐκοσμει
819 566 926 652 ἀγῶνα
944 577 1019 654 (non
1032 575 1155 658 αἰῶνα),

65 657 1037 825 mitt.istit‚titttttftt‘tttfftt‘j'n
1056 746 1155 826 ..pn

70 823 126 884 An
147 823 328 905 διαογίτας,
337 827 515 903 fenestras?
556 820 633 882 illuc
653 833 734 882 certe
746 822 860 904 respexi
881 824 913 884 in
932 827 1078 887 versione.
1092 829 1159 888 Me-

67 907 131 968 lius
153 929 234 968 nunc
256 928 317 967 non
346 908 505 967 succurrit.
555 905 608 966 Ad
629 907 783 986 sequeutia
801 905 932 967 conferri
952 919 1053 989 potest
1073 909 1156 970 Con-

69 993 197 1050 stantini
216 991 256 1051 de
274 989 472 1050 Thematibus
492 987 575 1048 iocus
606 988 679 1069 μά.
692 987 752 1066 A„
772 988 827 1049 ubi
846 990 925 1050 male
945 991 1081 1054 Banduri
1102 993 1157 1054 de-

68 1073 119 1134 dit
140 1070 244 1152 doyd,
265 1072 373 1134 melius
397 1073 546 1132 Meursius
576 1063 719 1150 ἀργυρᾶ,
741 1083 848 1132 neuter
868 1083 950 1136 rente
968 1077 1072 1143 vertit.

156 1157 196 1215 D.
210 1177 239 1238 7.
262 1155 350 1239 [582‚
370 1159 430 1239 ip]
450 1148 691 1232 peooxon'reitn.
736 1153 807 1214 Non
823 1176 842 1215 a
861 1155 966 1233 μέσος,
987 1157 1041 1218 sed
1060 1179 1079 1218 a
1098 1155 1158 1234 μέ-

69 1259 129 1310 σα,
150 1237 208 1302 hoc
229 1251 274 1300 est
295 1237 420 1316 μένοα,
457 1236 652 1318 repetendum
673 1245 717 1295 est
737 1235 796 1297 hoc
816 1238 1010 1300 vocabulum.
1054 1241 1158 1302 Medio

68 1341 149 1382 aevo
171 1321 252 1382 haud
274 1323 361 1402 pauci
381 1342 460 1380 mesa
477 1341 534 1402 pro
556 1340 656 1378 nsensa
676 1317 841 1380 efferebant
861 1330 891 1380 et
910 1326 997 1382 meeis
1006 1345 1063 1405 pro
1073 1345 1157 1384 men-

66 1408 123 1464 sis.
169 1404 243 1466 Atto
264 1404 431 1486 Episcopus
452 1403 542 1484 (apud
563 1403 613 1460 Du
635 1402 785 1482 Congium
811 1423 843 1464 v.
869 1404 1048 1484 Corfferunn)
1067 1419 1158 1469 vocat

64 1489 282 1564 commessatio,
291 1509 369 1570 quae
377 1487 508 1548 Isidorus
518 1487 667 1546 Mercator
674 1487 892 1547 oonanerunlr'a.
904 1487 981 1548 Pesa
988 1509 1045 1572 pro
1050 1509 1155 1574 pensa,

65 1573 256 1654 pensatione,
278 1581 308 1632 ct
323 1591 429 1653 pesas-e
447 1590 503 1652 pro
515 1589 651 1653 pensare,
662 1567 842 1648 ponderare.
863 1569 968 1652 ltaque
980 1573 1159 1636 omittebant

67 1677 109 1725 n,
123 1653 191 1714 tubi
214 1675 275 1715 non
298 1653 445 1727 debebat,
476 1663 507 1712 et
538 1662 645 1712 contra
678 1661 798 1732 praeter
818 1672 882 1711 rem
902 1663 933 1712 et
951 1658 1158 1718 necessitatem

69 1736 290 1810 inserviebant,
321 1748 356 1797 ut
380 1739 409 1796 in
443 1735 577 1818 proxime
597 1733 794 1816 praecedente
812 1753 888 1794 voce
906 1730 1080 1818 μινσούρια
1099 1759 1158 1820 pro

65 1821 220 1892 massonis,
242 1841 321 1902 quae
338 1822 380 1880 sic
404 1818 496 1895 diota,
517 1815 600 1900 quod
618 1819 651 1877 in
672 1815 730 1876 iliis
750 1818 859 1877 missus
879 1816 1076 1882 inferrentur.
1106 1822 1158 1882 lo·

66 1923 166 1964 annes
187 1903 353 1984 Episcopus
372 1902 447 1962 Citri
481 1923 513 1983 p.
529 1901 601 1962 530.
642 1899 720 1960 iuris
740 1900 974 1962 Graecommani
995 1923 1058 1963 non
1079 1903 1158 1964 mate

67 1987 235 2058 absonat,
257 2006 363 2046 vocem
390 1982 501 2059 μίνοον
521 1985 680 2059 ‚mis-sum,
704 1983 872 2064 significare
891 1977 973 2044 κατὰ
1003 1980 1061 2065 τὴν
1076 1977 1158 2047 Ἰτο-

66 2063 163 2148 inp
185 2067 328 2146 γλῶσσαν
348 2063 382 2129 τὸ
404 2061 721 2145 πεπραγματευμένον
743 2070 810 2136 τοῖς
830 2060 995 2142 ὄψοοοιοῖς
1015 2062 1154 2129 e’dsordv.
1185 2061 1190 2068 ’

154 2151 197 2210 D.
213 2149 243 2212 8.
269 2147 437 2234 [582‚18.]
460 2143 640 2230 drciytopn.
684 2148 771 2207 Verti
793 2148 947 2208 interdum
966 2150 1068 2210 ἱευαοα
1084 2171 1158 2234 ope-

64 2257 115 2295 ra.
162 2234 213 2294 Sic
233 2237 314 2294 enim
347 2232 461 2296 caelata
482 2233 512 2292 in
534 2233 645 2312 figuras
665 2241 813 2292 exstantes
833 2231 1024 2314 appellabant
1045 2231 1158 2295 Latini.

65 2316 336 2399 Monostdngiic.
354 2318 394 2376 Τ.
411 2317 466 2374 lli.
479 2337 508 2396 p.
522 2315 593 2375 310.
608 2335 617 2374 r
639 2335 728 2374 raucm
742 2337 798 2374 ons
811 2328 978 2396 argentonem
988 2315 1033 2376 ad
1044 2337 1157 2401 apuam

64 2399 277 2460 benedietionis
306 2419 374 2460 cum
401 2419 488 2482 opere
511 2398 608 2457 levato
636 2397 674 2456 de
696 2397 874 2477 imagim'luu
893 2411 922 2460 et
952 2400 1030 2459 iruer
1052 2401 1159 2484 laque·

62 2497 116 2543 ato
145 2483 185 2542 de
206 2483 323 2558 ornem,
347 2480 377 2541 id
397 2491 442 2542 est
470 2483 502 2540 in
538 2501 599 2562 quo
620 2481 753 2560 pampini
770 2480 972 2541 discurrentes
991 2481 1157 2563 distingue·

63 2577 138 2626 rent
159 2568 303 2646 imagines
322 2564 561 2646 protuberantes.
602 2561 806 2644 Appaliabant
831 2565 1156 2647 quoquet'nterrnsitia,

61 2649 142 2731 qnia
164 2650 261 2728 spatia
289 2648 368 2708 inter
392 2649 535 2727 imagines
555 2665 648 2723 rasa,
670 2645 777 2705 abrasa
798 2657 913 2719 essent,
936 2649 1074 2727 quamvis
1094 2667 1158 2708 non

62 2751 197 2814 negem,
233 2731 397 2791 ἰιιιονναοίἱε
415 2735 506 2789 etiam
527 2749 591 2788 esse
607 2730 792 2810 perfomtum
820 2741 850 2787 et
861 2721 1026 2802 tmlucens',
1048 2740 1083 2788 ut
1102 2750 1157 2809 pa-

38 2815 107 2875 'tet
130 2835 151 2872 e
172 2811 240 2872 ioco
268 2814 398 2874 samoris
418 2813 525 2872 incerti
548 2811 639 2891 (apud
673 2812 722 2870 Du
746 2810 894 2892 Cangmm
914 2831 945 2872 v.
964 2811 1156 2892 Insere-asilii)

60 2899 101 2958 de
123 2895 342 2958 Theodoricos
365 2897 512 2955 laminam
532 2905 653 2956 aeneam
666 2895 750 2954 iussit
761 2894 958 2953 iruerrnsttem
966 2894 1048 2980 fieri
1058 2939 1067 2971 ,
1079 2913 1156 2979 pisa·

59 2995 135 3041 tuor
157 2979 272 3038 litteras
294 2979 409 3038 LEGI
426 2977 479 3060 [sic
494 2976 574 3060 ieg.,
596 2997 659 3037 non
680 2977 775 3058 Regu,
796 2986 832 3035 ut
852 2974 968 3059 editur]
989 2977 1155 3039 habement.

60 3063 232 3138 Missoria,
253 3060 350 3122 ianoes
361 3073 391 3122 et
404 3059 538 3142 reliquus
551 3070 713 3140 apparatus
734 3056 902 3119 convivalis
920 3070 1057 3120 veterum
1078 3058 1158 3121 sole·

59 3146 116 3289 ppt
125 3144 245 3289 1lexunto
262 3144 396 3227 sculptus
415 3164 505 3226 opere
525 3163 600 3204 esse.
651 3143 730 3203 Hinc
761 3143 804 3202 ait
822 3141 964 3206 Sidonius
984 3141 1159 3228 Apollines.

237 3327 347 3388 Geruli
366 3325 490 3412 [nempe
511 3321 710 3410 serculorum]
730 3335 819 3409 caput
831 3323 979 3409 patmus

237 3411 447 3495 Anngiyptico
468 3409 588 3471 metallo

213 3493 357 3576 ,Epulas
377 3495 556 3578 neperhiores

237 3575 379 3636 Hunteris
401 3589 515 3656 gestaru
544 3575 662 3635 omrem.
713 3595 721 3606 ·

58 3679 103 3742 V.
118 3697 205 3762 quae
216 3673 343 3736 Salmas.
363 3675 402 3735 ad
415 3675 454 3734 T.
473 3675 513 3733 11.
525 3673 635 3756 Script.
656 3673 734 3736 Hist.
759 3672 840 3756 Aug.
847 3695 881 3756 p.
894 3669 966 3751 dos.
986 3673 1026 3735 ad
1046 3675 1159 3738 boletar

58 3763 259 3822 halieuticum
289 3768 384 3819 notat.
435 3755 574 3839 Effigiem
607 3756 675 3817 talis
706 3756 849 3818 boletaris
882 3767 936 3817 aut
954 3756 1061 3818 saltem
1082 3761 1157 3820 disci

58 3843 246 3918 bohemici,
268 3862 320 3902 seu
342 3843 522 3922 piscatorum
543 3842 637 3922 pisces
661 3837 752 3901 hamo
774 3837 994 3901 extruitentium
1016 3842 1156 3921 imagini·

58 3929 120 3990 bus
143 3925 279 3986 distincti
301 3925 403 3984 videre
425 3934 469 3984 est
487 3923 566 4006 apud
595 3922 744 4004 Ciampin.
766 3925 807 3984 T.
824 3923 865 3982 11.
888 3925 1027 3988 itionum.
1051 3927 1154 3986 Veter.

58 4013 127 4071 tab.
156 4009 183 4068 1.
207 4007 318 4089 Scyphi
350 4005 511 4089 anaglyphi
540 4004 658 4086 elegans
681 4017 711 4065 et
731 4018 804 4066 nota
824 4015 870 4068 est
890 4005 1050 4088 descriptio
1071 4008 1157 4068 initio

55 4091 234 4164 Theocriti,
249 4111 340 4172 quam
353 4109 527 4171 comparare
540 4087 688 4149 lieetcum
708 4087 769 4150 illis
789 4088 912 4150 chartae
934 4092 1042 4150 veteris
1065 4091 1157 4170 (apud

59 4178 115 4237 Du
138 4176 291 4256 Congium
313 4194 345 4233 v.
362 4173 585 4248 'Crneib'olwn):
604 4173 746 4254 scyphum
759 4193 856 4232 noewn
869 4171 1046 4234 densatim
1061 4187 1091 4231 et
1099 4193 1159 4256 per

58 4275 159 4322 totam
177 4271 297 4341 partem
323 4258 503 4317 exteriorem
531 4255 703 4316 vinorum
733 4254 779 4316 ad
799 4255 943 4317 dmcom
959 4256 1157 4340 pugnantibus
