2975 4892
239 277 243 289 “
287 317 367 376 110
496 320 552 383 ιο.
583 315 669 382 nc.
702 315 852 380 susm
880 312 1166 381 commanens
1213 317 1220 329 ⁸

288 513 291 520 ·
365 473 401 534 B.
424 493 453 534 r.
479 471 547 556 [16‚
563 469 612 556 4.]
631 463 801 549 θομαιτόι.
844 467 913 531 lion
935 471 1053 552 reperio
1071 471 1103 530 in
1121 470 1181 531 boc
1201 467 1309 552 codice
1328 469 1375 532 ri·

172 617 175 632 ,
283 565 350 616 tum
371 556 583 638 στανροειδῶς
602 553 796 633 incensandi,
832 557 887 637 qui
909 549 1002 615 hodie
1023 555 1147 615 Graecis
1165 553 1294 614 necatos
1313 565 1373 615 est.

283 637 370 722 *[De
399 641 461 700 ritu
492 639 664 700 incensandi
697 639 842 719 imagines
862 641 896 697 in
924 637 1013 698 altari
1035 638 1214 698 constitutae
1230 657 1263 696 v.
1288 637 1374 699 Ord.

281 721 414 782 Roman.
436 744 468 806 p.
491 721 561 802 340.
604 725 675 783 Duo
694 719 838 782 Canonici
863 720 1021 781 incensant
1041 739 1187 803 maguum
1207 717 1304 780 altare
1323 722 1377 781 in-

282 813 331 866 tra
361 805 510 868 cancellos
539 817 571 866 et
594 817 687 867 exne.
730 803 866 866 Meleon.
888 825 922 886 p.
937 802 1030 886 88.]*
1072 805 1224 864 Memorat
1245 803 1377 882 Noster,

283 889 337 948 sed
357 909 438 951 nnnc
458 909 521 950 non
542 890 690 951 succurrit
710 908 774 969 quo
795 887 883 961 loco,
915 887 1059 948 incensati
1082 888 1294 969 Imperatoris,
1316 887 1378 969 qui

283 989 351 1032 mos
373 994 392 1032 a
412 971 581 1056 gentilismo
603 980 773 1034 asservatus
792 971 859 1031 ibit.
901 970 1028 1031 Veteres
1048 971 1149 1045 enim,
1169 972 1197 1032 si
1214 991 1307 1052 quem
1319 971 1380 1031 bo·

283 1076 393 1116 uorare
413 1055 546 1132 vellent,
570 1057 649 1117 inter
669 1055 728 1116 alia
748 1073 871 1136 quoque
890 1051 1084 1114 thuribulum
1104 1054 1227 1114 fumans
1248 1051 1306 1136 ipsi
1323 1052 1380 1114 ol'·

284 1135 434 1199 ferebant.
477 1141 512 1200 ln
535 1139 734 1202 Monumento
756 1139 945 1220 Pergameno
969 1137 1052 1219 apud
1072 1135 1224 1198 Cbisbull.
1246 1136 1377 1221 p-147·

283 1219 427 1317 leguntur
470 1220 568 1284 haec:
615 1217 720 1298 ἔδοξεν
749 1219 917 1283 ’ἐπαινέσαι
959 1239 995 1280 τι
1026 1212 1127 1281 οὗτοι
1162 1219 1221 1281 καί
1253 1239 1381 1302 crepo·

283 1323 386 1364 νωσαι
407 1303 518 1388 χρυσῷ
543 1299 709 1392 στεφάνῳ,
741 1294 824 1386 εἶναι
845 1300 882 1363 δὲ
908 1298 995 1386 αὐτῷ
1013 1295 1070 1363 καὶ
1092 1301 1216 1382 σίτησιν
1235 1301 1271 1364 ἓν
1291 1323 1382 1382 προ-

283 1385 414 1470 ιανείφ,
450 1386 692 1470 προσφέρεσθαι
718 1381 830 1450 δὲκαὶ
851 1379 1024 1464 tamaris.
1064 1385 1112 1446 De
1129 1384 1231 1446 tburie
1255 1385 1290 1446 in
1306 1395 1376 1448 vet.

284 1467 526 1531 Giristianorum
545 1473 636 1533 saeris
653 1493 712 1532 usu
733 1471 975 1531 dissertationem
996 1471 1153 1550 superiore
1171 1489 1255 1530 anno
1268 1472 1302 1530 iu
1315 1468 1382 1532 buc

284 1551 437 1615 academia
460 1554 555 1615 edidit
576 1555 621 1615 M.
643 1557 755 1638 Georg.
778 1553 905 1614 Henric.
927 1553 1065 1636 Martini.

367 1635 403 1696 B.
420 1635 450 1715 4.
469 1637 537 1721 [16,
552 1633 602 1722 6.]
635 1634 847 1720 μηταταρίοα.
891 1635 954 1715 „ln
974 1632 1117 1696 inferiore
1138 1633 1260 1716 porticu
1282 1636 1383 1696 meri-

284 1717 399 1780 dionali
421 1719 474 1803 [S.
499 1719 650 1805 Sophiae]
672 1721 784 1782 exstitit
804 1719 942 1785 aedicula
963 1718 1014 1780 vel
1034 1718 1182 1797 aula,.iu
1200 1739 1262 1798 qua
1278 1719 1383 1800 Impe-

154 1819 155 1823 ’
285 1813 371 1863 rator
388 1824 458 1864 cum
481 1825 637 1867 sacrorum
651 1804 801 1866 librorum
820 1802 980 1863 lectionem
994 1801 1102 1862 auditu
1115 1802 1282 1882 exciperet,
1304 1823 1383 1863 con-

283 1886 388 1949 sistere
411 1885 538 1949 solebat.
582 1888 637 1949 Ait
660 1889 741 1948 enim
761 1886 951 1947 Silentiarius
971 1896 1051 1946 stare
1069 1885 1108 1945 ad
1130 1883 1285 1945 meridiem
1307 1907 1384 1966 por-

283 1970 378 2028 ticum
409 1991 610 2032 marmoream
636 1968 863 2051 septentrionali
884 1971 1010 2030 omnino
1037 1968 1187 2046 similem,
1220 1968 1274 2029 scd
1290 1967 1384 2030 illam

284 2051 431 2132 quiddam
452 2053 564 2114 habere
586 2053 735 2136 amplius3
768 2073 859 2112 muro
887 2053 970 2112 enim
996 2051 1147 2113 seclusum
1167 2050 1289 2125 locum,
1319 2052 1384 2112 ubi

284 2133 486 2215 Imperatores
507 2157 662 2198 sacrorum
684 2135 833 2196 librorum
851 2134 995 2197 lectiones
1014 2135 1122 2196 auditu
1143 2135 1303 2218 excipiant.
1322 2135 1384 2197 sie

285 2217 367 2279 euim
385 2217 437 2280 ille
457 2231 538 2302 part.
565 2241 595 2281 a.
620 2241 667 2281 ve.
695 2217 778 2298 164:

413 2333 522 2414 Τει’χει
540 2329 603 2416 γάρ
627 2317 690 2395 τινι
711 2334 820 2415 χῶρον
841 2331 1055 2414 α’ποιιριθὲντα
1075 2327 1235 2418 φυλάσσει

409 2409 582 2480 Αὐσονίαν
602 2417 734 2518 βασιλῆι·
753 2417 954 2488 &seminecis
972 2415 1006 2477 ἐν
1031 2409 1168 2493 ἑορταῖς.

343 2561 346 2568 ,
404 2487 533 2562 ’liverii’
555 2499 632 2578 ἐμος
652 2501 850 2582 σκηπτοῦχος
871 2489 1030 2582 ἐφήμενος
1049 2489 1151 2581 videlic
1171 2494 1267 2586 θώκιρ

281 2659 284 2666 Δ
408 2579 616 2663 μοστιπόλοις
634 2582 792 2664 delitescis
813 2576 871 2666 ἑὴν
893 2581 1064 2644 ἐπέτασσεν
1084 2577 1232 2664 deontia?

286 2715 390 2780 Verba
412 2730 484 2780 arnt
504 2717 548 2778 Ι).
565 2719 602 2780 C.
624 2717 663 2780 ad
685 2717 793 2778 Silent.
815 2739 850 2802 p.
867 2715 938 2796 554.
981 2715 1066 2777 Idem
1087 2737 1120 2798 p.
1135 2714 1209 2781 580.
1231 2715 1307 2777 baec
1317 2714 1384 2778 ha·

285 2797 361 2877 bet,
381 2801 434 2860 ubi
453 2801 588 2882 loquitur
609 2802 648 2862 de
667 2801 806 2877 concha,
830 2821 907 2886 ροσε
922 2797 967 2860 ad
979 2801 1130 2863 σίαιζςιναια
1149 2822 1202 2860 seu
1218 2801 1384 2861 nsen'air'em

283 2881 394 2940 altor-alr
418 2893 463 2942 est
479 2886 668 2964 paratorium
691 2883 766 2944 alias
783 2883 917 2956 dictum,
948 2893 980 2943 et
999 2883 1138 2966 Cyclium
1161 2883 1250 2962 (vide
1270 2881 1383 2964 paullo

286 2965 380 3043 ente).
427 2964 579 3042 „Peracto
602 2965 749 3026 sacrificio
771 2987 809 3026 eo
829 2965 1009 3027 secedebant
1036 2966 1205 3028 sacerdotes
1224 2977 1257 3026 et
1277 2965 1385 3027 diaco-

284 3045 338 3122 ni,
369 3057 400 3107 et
434 3067 590 3108 sacrorum
611 3047 761 3110 librorum
780 3048 1046 3131 lectionioperam
1066 3049 1190 3109 dabant.
1235 3050 1322 3109 Certe
1342 3052 1383 3111 in

286 3147 323 3188 ea
358 3129 507 3192 conchula
538 3130 632 3192 factas
661 3132 811 3210 eiusmodi
835 3132 993 3207 lectiones,
1022 3133 1111 3194 docet
1132 3135 1205 3193 satis
1224 3153 1384 3214 superque

285 3210 422 3276 Codinm
441 3213 505 3276 off.
529 3215 565 3274 C.
589 3215 663 3275 XV.
685 3235 717 3274 n.
738 3210 794 3293 4.,
814 3216 888 3276 dum
902 3217 965 3288 ait,
987 3217 1204 3298 imperatorem
1223 3219 1257 3276 in
1268 3215 1384 3278 aedem

282 3293 470 3376 sophianam
503 3299 665 3376 secedere,
692 3296 796 3380 ibique
819 3301 865 3360 M.
881 3297 984 3361 Basilii
1004 3299 1191 3382 precationes
1210 3321 1228 3358 a
1242 3299 1382 3360 Paniar-

284 3375 343 3438 cba
374 3381 538 3461 praelectas
567 3382 673 3443 audire
694 3381 828 3462 πλησίον
847 3383 907 3442 τοῦ
931 3381 1112 3443 tramete
1121 3427 1131 3459 ‚
1152 3382 1211 3443 boc
1225 3393 1272 3443 est
1290 3382 1383 3445 iuxta

269 3461 487 3540 conchulam,
520 3485 598 3546 quae
634 3459 822 3528 Διακονικὸν
854 3476 995 3526 vocatur.
1036 3465 1116 3526 Nam
1146 3465 1231 3526 haud
1266 3467 1382 3547 procul

217 3608 220 3620 ,
283 3547 430 3608 exstitisse
460 3546 562 3607 sedem
588 3549 804 3630 imperatoris,
840 3569 937 3630 quum
973 3569 1129 3609 sacrorum
1158 3547 1308 3609 librorum
1329 3547 1383 3610 le-

283 3627 399 3688 ctiones
433 3629 541 3690 auditu
578 3630 761 3714 excipiebat,
795 3653 889 3715 supra
910 3630 1109 3714 probavimus
1133 3653 1169 3692 ex
1187 3631 1381 3694 silentiario.
1417 3697 1421 3703 ,

282 3707 482 3772 Diaconicum
515 3714 608 3794 igitur
632 3714 782 3796 appellata
800 3715 875 3776 haec
896 3714 1067 3790 conchula,
1098 3713 1181 3797 quod
1201 3725 1279 3776 esset
1297 3735 1383 3796 quo-

282 3791 446 3854 dammodo
480 3795 629 3877 appendix
657 3799 780 3859 maioris
799 3799 945 3860 diaconici
973 3819 1027 3860 seu
1054 3799 1225 3875 secretarii,
1257 3800 1291 3860 in
1312 3819 1383 3879 quo

281 3872 481 3938 Ecclesiastae
495 3889 593 3940 vestes
608 3890 639 3940 et
651 3901 736 3942 sacra
751 3883 918 3943 ministeria
938 3882 1181 3944 asservabantur.
1205 3915 1222 3928 ·
1236 3915 1252 3928 -
1266 3882 1382 3942 Sceno-

282 3957 459 4041 phylncium
492 3961 644 4022 interdurn
682 3977 820 4025 vocatur.
864 3968 1017 4026 Metatorii
1044 3967 1175 4047 denique
1197 3963 1380 4047 appellatio-

282 4063 354 4104 nem
382 4043 490 4106 habuit
527 4046 632 4107 eadem
662 4049 832 4131 conchula,
863 4048 1119 4130 quenadmodum
1145 4049 1243 4108 maius
1272 4046 1379 4108 diaco-

281 4127 416 4188 nicum.”
453 4129 542 4189 Conf.
580 4152 612 4211 p.
636 4128 707 4212 593.
733 4153 816 4215 sqq.,
835 4133 888 4192 ubi
918 4135 1125 4193 ‘Diaconicum
1158 4132 1379 4214 secretarium

174 4229 183 4248 ³
283 4211 466 4291 sacristiam,
495 4223 525 4274 et
545 4215 741 4276 Metatorium
761 4217 841 4279 idem
862 4215 954 4278 sitisse
974 4215 1085 4300 probat
1108 4213 1223 4276 multis.
