2975 4892
120 281 170 354 ln
195 285 417 392 coruum.
437 291 585 360 nonen.
611 293 667 358 nn
695 289 833 359 centu.
863 295 941 358 nn.
969 297 1011 360 ιι.
1042 237 1124 354 6δί

69 441 294 523 pererantadhuc
303 443 422 506 saeculo
441 443 531 506 xv1.
546 455 577 506 et
590 443 693 508 xv1t.
715 445 1031 528 etsnpersuntudhuc
1048 445 1133 529 apud

69 535 203 590 matronas
222 539 367 589 nostrates
380 530 411 589 in
428 527 494 590 loro
514 527 659 610 pelliceo,
681 529 765 610 quod
778 529 908 591 liberum
923 551 977 590 seu
998 531 1133 594 vestibus

69 607 175 690 reliquis
194 631 253 670 non
273 623 422 686 assutum,
445 611 498 671 sed
518 611 655 672 exeintile
669 616 750 672 circa
765 613 879 674 collum
899 623 1015 696 gestant
1035 625 1065 674 et
1080 635 1133 696 ge·

68 691 192 769 stabant,
212 695 406 782 appendicem
429 705 589 779 utramque
608 716 699 778 super
719 707 823 779 pectus
844 696 1023 758 decussatim
1047 717 1134 758 com·

67 785 207 853 ponentes.

140 857 213 918 Hinc
233 857 293 919 iam
311 857 496 941 intelligatur
515 857 632 920 celeber
654 859 706 922 ille
720 858 804 922 locus
813 860 1020 944 supposititiae
1027 863 1136 922 Dona·

68 937 147 1000 tionis
167 940 353 1001 Constantini
369 943 414 1002 M.
429 941 574 1004 Silvestre
587 943 705 1024 Papae,
726 954 762 1002 ut
772 947 868 1015 sirint,
891 945 1005 1006 factae:
1026 945 1135 1006 demde
1237 960 1250 980 ‘

67 1018 201 1098 diadema,
218 1025 302 1102 (haec
321 1025 443 1106 lingitur
457 1026 612 1106 Augentus
625 1025 766 1087 Pontifici
788 1027 949 1088 indulsisse
956 1032 978 1104 ,)
996 1028 1138 1088 vtilelz‘oet

67 1123 191 1168 eoronam
211 1109 317 1191 eapitis
346 1109 453 1180 nostri,
489 1109 636 1192 sr'nmlque
657 1109 819 1191 phrygium
855 1112 908 1170 uel
932 1113 1053 1170 mittum
1079 1105 1152 1171 nee‘

67 1205 117 1246 nort
136 1203 162 1248 et
181 1191 425 1273 superhumerale,
446 1191 584 1251 otiielt‘cet
602 1185 719 1268 fortun,
741 1193 823 1275 quod
833 1194 989 1275 imperiale
1007 1195 1135 1253 aucuns·

68 1267 130 1327 date
146 1271 216 1332 solet
245 1273 365 1334 collium.
412 1273 655 1356 Reprehenditur
682 1272 774 1334 huius
803 1273 861 1335 loci
885 1277 1020 1337 Graecus
1041 1277 1136 1336 inter·

67 1371 142 1430 pres,
162 1355 247 1438 quod
268 1355 361 1418 verba
382 1379 435 1418 nec
453 1379 513 1418 non
532 1371 561 1418 et
585 1359 839 1442 superhumerale,
862 1359 998 1420 uidelicet
1017 1359 1133 1430 lenm,

37 1491 39 1508 .
70 1435 216 1499 reddiderit
235 1429 304 1515 ἅμα
324 1438 382 1504 καί
399 1433 436 1500 τὸ
472 1439 573 1520 loipor
591 1435 647 1500 eoi
664 1433 699 1500 so*
724 1431 908 1522 ω’μοφόριον
926 1433 1003 1520 ὅπερ
1023 1443 1140 1503 auxio&

67 1509 113 1575 τόν
134 1515 297 1596 βασιλικὸν
316 1519 485 1602 τράχηλον.
525 1521 667 1584 Peccavit
696 1522 832 1603 profecto
852 1525 885 1582 in
906 1543 956 1600 eo,
976 1524 1059 1605 quod
1079 1545 1137 1605 pro

67 1597 175 1663 diversis
201 1601 313 1664 habuit
340 1601 441 1664 lorum
470 1618 501 1667 et
528 1603 786 1686 superhumerale.
836 1604 898 1666 Sed
929 1616 1029 1688 potest
1049 1605 1138 1669 facile

67 1687 183 1746 exemeri
201 1697 231 1747 et
266 1687 438 1752 emendari.
463 1685 498 1750 τὸ
519 1700 589 1749 ante
612 1685 669 1748 καί
688 1688 840 1769 poliendo,
861 1688 917 1748 sic:
940 1680 1009 1764 ἅμα
1029 1688 1085 1748 καὶ
1101 1683 1137 1750 τὸ

67 1761 170 1846 loipor,
191 1765 226 1830 τὰ
250 1769 307 1830 καί
327 1765 518 1852 ὥμοφόριον.
563 1769 644 1832 Male
672 1781 774 1832 tamen
794 1791 828 1831 ex
848 1768 908 1830 hoc
925 1768 993 1831 loco
1012 1770 1137 1830 deduci·

67 1853 204 1933 tur‘origo
226 1851 312 1934 pallii
325 1854 515 1916 sacerdotalis
543 1864 573 1914 et
592 1849 795 1927 concluditur,
818 1851 921 1916 lorum
940 1862 970 1914 et
988 1851 1138 1933 omopho-

66 1929 131 1990 rium
159 1935 239 1996 idem
282 1957 354 1996 esse.
408 1937 440 2000 Si
469 1937 617 1997 Blastares
645 1936 860 2018 omophorium
886 1936 937 1998 hic
957 1937 1135 2018 usurpavit,

68 2015 134 2092 quod
155 2029 277 2098 putaret
297 2018 354 2078 alia
377 2019 493 2080 Graeca
514 2041 589 2080 voce
617 2019 805 2080 commodius
825 2039 887 2079 non
907 2019 1033 2101 exprimi
1054 2019 1139 2078 Lati-

66 2111 154 2158 nams
207 2101 396 2175 rhimerole,
430 2101 663 2164 condonandum
684 2103 743 2166 hoc
771 2101 900 2179 intest,
934 2103 1029 2162 ebuso
1048 2101 1139 2162 dicti·

67 2197 121 2240 one.
170 2183 285 2265 ,abuit
305 2185 385 2244 enim
416 2187 473 2268 ipsi
495 2188 670 2258 notionem,
703 2206 795 2268 quam
815 2205 922 2246 revera
942 2195 1062 2266 poterat
1084 2205 1140 2267 per

66 2268 259 2340 grammaticas
279 2269 434 2346 rationes,
455 2279 487 2330 st
507 2289 565 2329 usu
579 2267 811 2332 contradicente.
854 2268 931 2330 Nam
947 2267 1142 2350 quodGrae·
1235 2319 1238 2336 ,

66 2345 87 2402 ci
104 2348 313 2430 omophorium
335 2348 427 2432 vulgo
447 2349 545 2413 solent
565 2351 739 2434 appellare,
782 2349 898 2411 etiamsi
918 2371 1009 2432 super
1028 2350 1138 2412 hume-

67 2427 100 2486 ris
124 2451 182 2492 non
212 2455 301 2494 secus
328 2443 420 2516 atque
446 2432 546 2494 lorum
567 2445 721 2517 portetur,
760 2453 823 2493 non
843 2445 944 2494 tamen
965 2434 1045 2494 idem
1066 2455 1138 2495 cum

66 2504 141 2590 l⁰r0,
174 2515 227 2576 sed
249 2515 380 2576 multum
402 2517 556 2578 diversum
589 2527 634 2577 est
648 2525 717 2593 „ut
735 2535 791 2575 suo
811 2514 879 2576 loco
898 2516 1136 2578 demonstratur.

65 2587 173 2658 Erravit
200 2615 325 2681 quoque
347 2599 502 2675 Balsamo,
527 2599 628 2661 lorum
648 2620 704 2682 pro
725 2598 817 2658 mitra
845 2597 894 2661 vel
929 2597 1066 2681 colyptra
1086 2621 1138 2660 ec-

64 2675 161 2755 cipiens
182 2680 241 2743 illis
264 2685 297 2745 in
316 2682 411 2759 locis,
439 2703 516 2766 quos
537 2684 588 2743 Du
620 2681 722 2779 Gange
740 2679 791 2742 Gl.
815 2682 870 2741 Gr.
890 2680 928 2778 h.⁸
947 2702 978 2778 v.
998 2682 1137 2764 protulit,

65 2765 313 2912 ttttllltt
336 2765 572 2910 lttttllt
595 2763 1139 2924 lttttttlltttttltttz

64 2919 122 2986 bet:
145 2927 246 3010 ζώνην
281 2923 343 2992 ἀπὸ
368 2931 494 3014 χρυσοῦ
509 2931 569 2994 καί
588 2927 687 2990 λίθων
706 2926 763 2991 καὶ
778 2925 965 3011 μαργάρων,
989 2919 1058 3010 ἤτοι
1078 2928 1140 2989 loi-

63 3023 119 3080 tvt·
157 3011 296 3074 Dubium
316 3025 373 3092 est,
405 3005 477 3094 ἦτοι
506 3012 742 3094 interpretativa,
770 3033 811 3073 en
830 3011 1010 3073 disiunctive
1029 3010 1140 3072 debeat

62 3087 182 3176 intelligi.
196 3095 341 3179 Utroque
355 3097 446 3158 modo
466 3108 546 3158 recte
566 3096 612 3173 fit,
624 3097 650 3156 si
670 3097 829 3177 posterius,
854 3095 953 3174 λῶρος
973 3104 1140 3176 potestant

64 3165 206 3238 baltheum
230 3182 260 3256 (a
281 3201 355 3240 rona
368 3179 522 3244 diversum
542 3179 640 3260 ¹quid),
663 3190 716 3238 aut
734 3182 869 3238 orarium
890 3177 1070 3258 significare,
1084 3198 1139 3238 seu

63 3253 160 3320 collare
171 3263 322 3323 cervicem
350 3273 380 3324 et
408 3273 512 3344 pectus
531 3260 726 3344 amplectens.
770 3261 1077 3342 *[Vid.‘Comment.
1099 3259 1140 3320 ad

63 3333 162 3404 Donat.
182 3346 377 3406 Constantini
405 3347 449 3413 M.
470 3368 501 3427 p.
516 3347 569 3427 95.
601 3337 789 3426 'Theophilus
818 3345 986 3425 Imperator
1018 3356 1137 3415 vestes,

62 3438 125 3498 qtue
138 3426 204 3487 loro
226 3439 386 3506 vocantur,
409 3429 599 3491 restauravit.
615 3428 726 3508 Georg.
747 3424 891 3488 Monaeh.
915 3448 947 3507 p.
966 3425 1039 3488 516.
1051 3426 1140 3486 Conf.

60 3499 176 3582 Symeon
200 3511 332 3594 Logoth.
354 3534 383 3593 p.
400 3509 513 3608 416.]*
559 3513 675 3572 Locum
692 3511 850 3592 Symeonis
870 3505 973 3574 ottttlit
995 3512 1044 3570 Du
1059 3509 1141 3568 Can·

61 3603 89 3662 tt
107 3588 153 3652 Gl.
173 3593 232 3654 Gr.
252 3615 282 3676 p.
296 3593 384 3670 838„
405 3595 455 3654 cui
477 3592 673 3676 mtelligendo
701 3590 850 3653 fecithoc
872 3591 1022 3668 tenuisse,
1045 3602 1143 3652 vestes

62 3664 220 3750 luperiales
231 3677 319 3738 aulae
331 3677 481 3754 CPtanae,
497 3698 627 3759 quarum
637 3677 667 3738 in
678 3675 917 3758 processionibus
929 3673 1058 3756 publicis
1070 3695 1144 3736 usus
1205 3711 1208 3721 ·

62 3766 146 3833 tstet,
167 3779 233 3820 non
266 3781 284 3820 a
313 3762 423 3842 quovis
443 3761 649 3843 Imperatore,
672 3769 727 3820 aut
749 3758 890 3840 saepius,
911 3779 1006 3818 novas
1026 3758 1142 3835 factas,

61 3833 103 3893 ted
133 3853 253 3903 veteres
286 3853 417 3919 retentas
451 3853 481 3903 et
507 3853 667 3924 usurpatas
688 3842 792 3917 fuisse,
815 3841 912 3900 donec
932 3841 1060 3902 detritae
1080 3861 1144 3901 non

64 3919 177 3998 ampliu.
197 3937 321 4006 possent
342 3926 493 3991 adhiberi.
535 3927 701 4007 Propterea
730 3923 810 3984 ridet
831 3924 1035 4006 Luitprandus
1053 3924 1144 3984 Nice·

62 3997 174 4074 phorum
197 4007 356 4087 Phocum,
378 4011 484 4091 aitque
503 4009 628 4070 brevem
649 4017 765 4070 statura
786 4006 873 4068 illum
893 4019 924 4068 et
944 4005 1146 4068 foedum'ad·

63 4095 150 4156 trouu
171 4089 340 4152 foediorem
374 4092 489 4153 factum
512 4111 549 4152 eo
569 4093 679 4158 luisse.
701 4089 786 4173 quod
806 4099 986 4152 ornamenta
1006 4091 1145 4171 imperie-

64 4156 227 4250 legerem
266 4185 417 4260 vetustate
446 4175 561 4244 detrita.
589 4185 619 4240 et
651 4173 690 4238 ad
711 4175 861 4240 maiorum
882 4192 1027 4257 personas
1046 4181 1145 4232 sumta
