2975 4892
373 333 460 437 edd
579 353 1226 430 10.nc.rusuicouusnrim1

371 521 465 582 cbiur's
484 519 545 578 acti
563 515 666 576 librari
690 531 770 577 certa
793 516 857 598 lege
878 513 1035 589 mamare,
1057 515 1100 574 sie
1115 516 1204 576 ettam
1226 509 1402 583 eamdem-

371 607 411 666 sis
433 622 552 688 quoque
568 614 600 660 et
628 598 729 659 inditis
750 613 814 658 arte
836 599 977 680 organica
990 597 1139 674 modulis,
1162 595 1328 681 pipilahant.
1343 593 1404 652 Hm

371 701 400 748 et
421 687 484 746 alric
499 685 590 768 plura
606 703 782 763 magicumne
795 703 883 764 opum
900 682 1029 741 illmtrm
1048 681 1228 750 decimenta,
1246 699 1311 762 quae
1320 677 1404 755 singule

366 787 538 854 percensere
564 767 690 826 nimium
713 779 742 824 et
760 765 858 824 taedio
882 776 972 837 esset,
994 777 1150 848 postquam
1172 762 1284 822 vidisset
1307 759 1405 818 Graecae

370 853 523 934 legatrhnts
550 849 707 932 princeps,
730 848 898 932 exportabat
917 847 1063 907 mandam
1085 868 1139 906 sua
1164 866 1260 904 curam
1286 843 1315 902 al
1331 841 1406 899 (tut-

358 939 417 1016 sa,
443 931 649 994 inter-nimam
677 929 730 990 W
725 933 809 990 atim
832 943 946 1011 agente.
989 930 1142 988 Hactenus
1162 925 1310 987 Abulfeda
1341 922 1404 981 Feri·

370 1017 400 1078 le
420 1017 526 1098 liquet,
548 1013 625 1074 hanc
658 1011 799 1074 arborem
818 1034 881 1074 esse
899 1011 1041 1094 reliquias
1066 1011 1181 1093 platani
1198 1030 1298 1070 aureae
1313 1007 1405 1076 Xuris,

371 1099 443 1161 olim
466 1099 586 1158 Graecis
614 1106 771 1178 tantopere
804 1095 992 1169 celebratae,
1015 1095 1079 1155 sive
1103 1116 1139 1156 ea
1171 1093 1304 1152 manserit
1319 1093 1345 1147 in
1358 1086 1405 1146 aula

368 1181 659 1326 ttttdtttt?
671 1192 715 1322 ei*
731 1170 1407 1348 §tmnttttttttf‘ldtttdh

369 1369 387 1408 a
409 1347 508 1411 Persis
526 1347 564 1408 ed
576 1347 707 1407 Graecos
728 1348 842 1426 primos
862 1344 947 1422 etab
973 1343 1020 1403 bis
1046 1342 1085 1402 ad
1104 1343 1265 1402 Saracenos
1282 1339 1406 1401 monent.

366 1430 404 1490 ld
424 1441 540 1490 certum
568 1440 623 1503 est,
649 1450 668 1488 a
684 1429 806 1491 Graecis
826 1428 857 1486 in
878 1425 1052 1487 ulteriorem
1080 1425 1282 1501 occidentem,
1300 1424 1327 1482 in
1344 1421 1407 1500 ipseo

367 1523 502 1574 nostram
533 1513 726 1573 Germaniam
756 1521 925 1591 penetrasse
951 1509 1030 1569 hauc
1096 1530 1184 1592 mpae
1214 1518 1244 1568 et
1275 1505 1407 1566 divitianm

361 1598 608 1660 ostentationem.
650 1594 731 1674 Lego
749 1595 831 1652 enim
852 1595 885 1654 iu
905 1592 1029 1652 historia
1049 1530 1212 1666 dirodina,
1235 1581 1406 1649 Henrieunll

365 1677 492 1740 lustrem
513 1699 592 1738 auno
619 1675 707 1737 1265.
739 1677 771 1736 in
800 1687 1007 1736 torneamento
1034 1676 1115 1756 apud
1145 1673 1334 1736 Nordhausen
1349 1667 1406 1726 insse

367 1773 436 1824 tuto
457 1761 594 1822 arborem
615 1769 787 1838 argenteam
799 1770 965 1840 spectatum
984 1762 1164 1840 exposuisse.
1205 1751 1406 1816 ehmniconte

367 1844 562 1908 tmocellense
583 1844 623 1903 T.
641 1843 848 1923 ll.'Scriptor.
871 1843 941 1901 lter.
953 1843 1096 1901 German.
1120 1840 1272 1900 Menhenii
1285 1831 1404 1909 culdei:

362 1928 445 2007 „bic
464 1929 603 2010 princeps
623 1925 754 1999 inclitus,
768 1945 887 2006 ¹magna
902 1922 990 1984 laude
1013 1922 1219 2006 dignissimus,
1250 1926 1323 1981 iuter
1338 1931 1407 1976 oum

366 2011 518 2094 principes
532 2009 727 2070 Alemanniae
740 2008 901 2068 ditissimus
922 2019 952 2067 et
971 2009 1084 2066 virtute
1104 2005 1323 2075 famosissimus,
1342 1995 1406 2080 quod

367 2095 438 2154 dam
458 2091 616 2169 forestum,
630 2090 789 2150 arboribus
808 2088 955 2151 viridibus
969 2090 1131 2168 consitum,
1152 2092 1184 2148 in
1195 2087 1349 2168 Thuringia
1363 2099 1408 2162 pre

365 2198 406 2258 pe
425 2178 577 2238 civitatem
611 2175 724 2254 regiam
757 2173 930 2234 Northusen
964 2171 1095 2233 mirabili
1125 2170 1341 2254 pulchritudine
1360 2183 1408 2223 con

366 2261 443 2318 strui
463 2259 544 2332 lecit,
568 2255 622 2316 ubi
641 2265 787 2338 tauquam
807 2256 883 2317 alter
901 2257 1049 2318 Assverus
1068 2255 1185 2316 cunctis
1205 2249 1407 2337 segnitiem

366 2342 434 2401 niae
454 2337 649 2422 optimatibus
665 2341 838 2400 convocatis
867 2340 985 2402 divitias
1013 2340 1098 2420 regni
1119 2339 1167 2398 sui
1187 2337 1323 2398 ostendit.
1356 2330 1408 2390 Nm

366 2435 432 2484 arte
454 2423 553 2484 fabrili
574 2444 609 2483 ex
629 2443 703 2484 auro
725 2434 755 2484 et
774 2433 897 2505 argento
919 2422 1060 2483 arborem
1079 2421 1192 2482 factam
1211 2423 1301 2480 mirae
1317 2409 1409 2498 phur}

369 2507 485 2568 tudinis
508 2503 626 2566 ibidem
646 2503 793 2586 collocari
814 2507 883 2566 feeit
923 2517 954 2566 et
973 2507 1068 2587 siquis
1088 2509 1260 2580 comitum,
1277 2502 1408 2563 hamum,

367 2589 497 2651 militum
516 2592 548 2648 in
574 2587 737 2650 hastiludio
754 2587 871 2649 hastam
893 2611 978 2650 suam
998 2609 1088 2670 super
1107 2587 1170 2648 alio
1190 2588 1289 2668 fregit,
1309 2601 1365 2643 mox
1378 2575 1409 2634 io

368 2669 444 2734 lium
465 2683 640 2754 argenteum
677 2670 715 2731 de
740 2672 848 2732 arbore
878 2675 910 2732 in
940 2672 1060 2754 siguum
1080 2672 1236 2732 virilitatis
1254 2687 1306 2750 pro
1332 2659 1410 2724 merliu

367 2751 541 2816 obtinebat:
579 2756 714 2838 quisquis
733 2776 808 2816 vero
836 2758 950 2816 socium
970 2775 1023 2815 seu
1044 2773 1220 2836 comparem
1240 2753 1278 2812 de
1295 2767 1361 2829 equo
1374 2741 1410 2801 dt·

366 2838 499 2934 iecerat,
529 2841 594 2919 ipso
613 2839 799 2919 persistente,
819 2859 888 2898 mox
907 2837 1014 2898 folium
1037 2859 1164 2898 aureum
1186 2835 1318 2898 dedicta
1333 2826 1411 2889 arbem

365 2942 543 3091 hildini
556 2911 1411 3084 pfflffipfffipoeffippffi

366 3084 406 3145 ad
426 3106 519 3146 risum
540 3085 650 3146 leones.
690 3087 760 3146 Dixi
780 3087 870 3169 paulo
890 3097 971 3164 ente,
992 3085 1032 3146 ab
1050 3085 1097 3146 his
1117 3084 1258 3147 leonibus
1273 3081 1370 3142 dietim
1378 3071 1412 3131 fil·

366 3167 424 3227 isse
443 3165 501 3228 hoc
519 3167 629 3228 solium
648 3168 876 3230 Salomoneum.
928 3169 970 3229 Et
987 3167 1121 3229 dubitari
1145 3191 1182 3230 ea
1204 3169 1241 3228 de
1260 3187 1293 3225 re
1307 3181 1358 3222 oon
1374 3154 1411 3214 dt

365 3248 428 3310 bet.
469 3249 545 3311 Erat
557 3262 664 3324 tamen
693 3255 725 3312 in
752 3274 836 3313 more
855 3254 987 3335 positum
1006 3251 1147 3334 gentibus
1160 3249 1213 3312 vel
1231 3249 1289 3310 illis
1306 3257 1412 3326 quoque,
1449 3280 1450 3327 r

366 3333 477 3414 quibus
497 3332 665 3396 Salomonis
684 3335 906 3398 etludaeorum
926 3354 1049 3416 prorsus
1070 3335 1175 3416 ignota
1196 3341 1281 3394 erant
1297 3327 1411 3392 aaut.

366 3415 467 3478 Persis
497 3427 571 3498 puta
605 3418 796 3496 recreetis,
826 3429 861 3479 ut
889 3417 1007 3478 monis
1025 3439 1131 3500 regum
1152 3435 1277 3478 suorum
1295 3418 1413 3494 prom
1449 3436 1450 3493 j

365 3497 497 3560 serarum
527 3513 710 3581 apponerent
749 3522 786 3561 ro
805 3499 1025 3562 sustentaculis.
1068 3500 1097 3560 A
1117 3500 1222 3561 Persis
1241 3497 1316 3558 docti
1332 3490 1412 3550 niue
1449 3522 1450 3581 l

366 3580 489 3642 suerunt
509 3583 638 3658 Graeci,
672 3583 711 3642 ab
729 3523 780 3644 his
807 3585 947 3649 Romani.
976 3577 1097 3644 'Didici
1117 3582 1177 3643 boe
1199 3604 1234 3644 ex
1255 3575 1349 3658 insigni
1364 3569 1412 3629 ¹0⁰⁰
1449 3600 1450 3613 ¹

364 3659 493 3723 Diodori
514 3664 606 3726 Siculi
634 3664 673 3725 T.
688 3667 727 3725 ll.
763 3689 793 3748 p.
814 3667 903 3741 aas,
923 3687 986 3748 quo
1006 3666 1116 3727 solium
1135 3665 1215 3728 illud
1233 3657 1411 3742 magnificum.

365 3745 430 3802 sive
450 3756 581 3806 castrum
610 3747 721 3810 doloris
755 3760 809 3810 aut
838 3725 951 3810 lectum
983 3759 1145 3830 paraturae
1163 3747 1255 3828 malis
1274 3737 1411 3824 appellere,

363 3821 538 3887 Alexandro
566 3831 611 3890 M.
638 3832 700 3891 vita
721 3831 864 3893 defuncto
884 3832 1008 3894 abelus
1028 3831 1156 3893 ducibus
1177 3830 1413 3894 doctisssime
1449 3830 1450 3839 ’

362 3907 448 3983 piose
467 3901 619 3971 describit.
664 3915 764 3990 Quem
785 3913 886 3976 locum
906 3917 1023 3979 utinam
1042 3915 1207 3976 transferre
1226 3904 1413 3972 hmiomme
1449 3914 1450 3985 t

364 3987 403 4080 ad
426 3988 528 4050 Nostri
546 3992 752 4058 Ceremoniale
779 3999 932 4080 applicare
947 4009 979 4059 et
1005 3998 1128 4059 uberius
1158 4011 1303 4078 exponere
1319 4006 1366 4068 pff
1380 3981 1413 4040 1⁰·

362 4075 459 4164 stttuti
481 4075 538 4132 mei
559 4079 838 4160 rationeepossem.
880 4078 1029 4163 Allegaho
1051 4084 1144 4163 igitur
1170 4068 1365 4139 mummmodo
1380 4062 1412 4120 ¹st

363 4170 414 4244 cos
435 4151 501 4212 illos
523 4153 619 4219 dictae
639 4163 811 4241 periochae,
832 4165 885 4246 qui
906 4168 1028 4246 proprie
1049 4165 1173 4224 adrem
1193 4165 1365 4243 praesentem
1381 4143 1412 4204 i*
1449 4160 1450 4167 ’

361 4244 453 4300 crunt.
496 4236 551 4300 Ait
569 4240 660 4323 igitur
684 4245 852 4331 Diodorus,
875 4249 963 4311 luisse
984 4247 1028 4309 ihi
1048 4247 1243 4330 conspicuum
1261 4237 1359 4302 solium
1373 4246 1411 4287 Ν·
