2975 4892
160 323 217 390 so
252 321 475 391 cossim.
493 323 642 391 nonen.
672 325 727 390 on
757 321 894 392 unm
919 325 994 391 us.
1023 327 1066 392 u.
1096 295 1185 386 665

98 493 137 542 ut
159 503 217 564 pro
237 481 380 544 fasciculo
408 481 544 544 libellum
563 481 727 566 supplicem
747 483 895 546 inferente
924 479 1082 546 bmnium
1114 483 1185 567 pul·
1290 453 1306 468 ο

99 585 174 624 vere
197 578 250 626 aut
277 577 357 626 terra
388 566 506 647 plenam
527 567 584 628 sibi
604 569 669 627 fieri
699 578 729 628 et
758 571 791 627 in
811 587 919 628 manus
937 567 1003 628 dari
1024 579 1185 648 curarent,

98 658 244 730 tunquam
268 649 341 710 alias
368 651 547 710 conditionis
575 670 647 710 suae
668 671 728 710 non
750 670 897 712 memores
919 649 1034 725 futuri,
1056 661 1109 711 snt
1130 651 1185 713 tali

98 729 227 792 bursnla
247 744 366 814 arrepta
387 737 523 813 protinus
542 755 662 794 omnem
681 733 793 793 fastum
820 734 952 794 exuturi.
994 733 1055 794 Alii
1076 734 1184 796 Graeci

51 857 57 868 .
99 813 288 891 dubitantes,
317 815 463 898 quidnam
492 815 549 876 sibi
577 817 667 876 vellet
692 813 744 876 illa
772 834 843 876 cum
865 815 972 877 rotulis
991 815 1186 878 membrana·

98 899 852 1064 itti‘tttgtitti&dilituit
863 898 1186 1044 nituisti

98 1061 273 1138 harduino,
308 1065 422 1148 ubique
442 1085 498 1146 pro
517 1065 618 1126 acacia
640 1063 775 1125 codicem
794 1063 1029 1147 Evangeliornm
1051 1065 1185 1146 impera·

100 1146 220 1207 toribus
241 1147 371 1208 CPtanis
392 1151 424 1207 in
444 1169 552 1210 manus
570 1145 696 1221 tribuit,
718 1159 754 1208 ut
768 1168 799 1229 p.
817 1149 885 1224 140.
929 1147 999 1208 Non
1020 1147 1185 1210 atmodum

101 1229 299 1310 improbabile
319 1241 374 1290 aut
396 1232 598 1313 incongruum
632 1228 691 1291 boc
711 1231 785 1312 ipsis
803 1241 869 1305 est,
889 1241 920 1292 et
938 1232 971 1290 in
992 1229 1059 1292 eliis
1079 1253 1189 1314 perso·

99 1315 149 1372 nis
178 1313 368 1376 admiserim
400 1319 568 1376 acacianum
593 1323 696 1390 tamen
730 1312 929 1396 imperialium
950 1313 1096 1395 originem
1116 1335 1185 1376 earu

98 1414 186 1472 esse,
208 1417 299 1478 quum
321 1398 400 1469 dixi,
423 1409 540 1458 constat
554 1417 588 1457 ex
608 1417 644 1457 eo
669 1417 791 1478 quoque
818 1399 977 1478 superstite
996 1399 1105 1458 veteris
1116 1419 1185 1458 mo-

99 1480 144 1538 ris
164 1478 367 1553 documento,
397 1481 480 1560 quod
503 1480 624 1561 regibus
656 1478 785 1561 Angliae
803 1478 903 1540 edbuc
923 1478 1014 1540 bodie
1029 1499 1134 1562 preces
1153 1491 1186 1542 ct

97 1563 310 1644 requisitiones
330 1562 524 1623 Parliamenti
546 1583 608 1622 non
630 1563 660 1622 in
680 1561 789 1624 litteris
809 1583 895 1625 more
914 1573 1017 1622 nostin
1037 1563 1187 1644 complici·

98 1646 164 1722 tis,
186 1645 238 1706 sed
259 1648 289 1704 in
308 1645 398 1708 tornis
424 1645 550 1707 chartae
572 1665 771 1727 pergamenae
785 1644 954 1706 convolutis
975 1643 1184 1720 exhibeantur,

95 1730 199 1810 λρίραο
219 1726 397 1809 appellant,)
416 1749 544 1812 quarum
565 1729 654 1814 domo
682 1728 820 1789 inscribit
838 1749 910 1803 rex,
944 1732 997 1787 iant
1016 1730 1080 1789 eius
1100 1731 1186 1789 iussn

97 1812 288 1891 inscribitur,
306 1814 331 1872 si
352 1811 475 1894 quidem
494 1811 595 1893 petitis
615 1813 739 1872 annuit:
760 1813 894 1890 soitfait
909 1812 1058 1871 commezl
1078 1812 1185 1872 atde-

96 1894 162 1954 sue
171 1939 180 1966 ,
202 1898 228 1955 si
248 1906 349 1956 autem
369 1907 477 1978 negate
499 1897 528 1956 le
550 1895 608 1955 lini
627 1895 778 1957 s'ooisem.
820 1895 857 1954 ln
877 1892 1063 1976 reliquorum
1082 1905 1185 1955 autem

119 1987 219 2038 raeter
238 1979 436 2061 Imperatores
458 1978 638 2060 imaginibus
667 1997 779 2062 negare
798 1975 893 2038 nolim
915 1976 1070 2038 volumina
1090 1997 1186 2037 mem·

95 1999 248 2122 Ειευοαεα
277 2061 415 2122 manibus
443 2061 542 2122 delata
579 2061 697 2121 codices
728 2060 918 2142 evangelicos
946 2071 1182 2142 repraesentare.

97 2141 219 2206 Auctor
238 2148 318 2206 vitae
338 2144 439 2205 Rasilii
461 2142 635 2208 Macedonis
656 2142 703 2224 (n.
716 2143 767 2205 58.
788 2143 838 2204 ed.
861 2143 968 2223 Allat.)
988 2153 1102 2217 narrat,
1125 2143 1185 2203 Bn-

97 2225 201 2286 silium
221 2230 253 2288 in
277 2229 351 2290 aede
370 2227 502 2310 quiedam
522 2249 606 2291 sacra
626 2248 645 2290 s
664 2247 697 2287 se
717 2227 838 2288 condita
859 2226 971 2288 liberos
990 2243 1061 2288 suos
1080 2245 1186 2287 curae

98 2331 131 2370 se
150 2311 235 2392 pingi
263 2333 332 2374 cum
365 2309 572 2374 voluminibus
601 2315 635 2372 iu
670 2330 781 2383 manu,
804 2329 884 2393 quae
901 2310 1007 2370 diviua
1025 2320 1186 2391 praecepta

96 2395 309 2455 continerent=
342 2381 386 2454 aiv
418 2389 448 2454 oi
468 2393 528 2473 μὲν
548 2385 697 2476 ἄρ’ῥενες,
729 2396 793 2471 ait,
825 2386 942 2470 τόμους
960 2385 1186 2473 ἐπιφερόμενοι

94 2474 274 2538 seimona·
294 2473 353 2550 τὰς
371 2476 462 2548 θείας
482 2473 625 2550 ἐντολὰς,
657 2470 709 2548 οἷς
728 2480 867 2554 στοιχεῖν
886 2471 1108 2552 ἐπαιδεύοντο,
1129 2493 1186 2533 ns·

95 2556 302 2637 ριὲχοντας·.
323 2558 359 2621 τὸ
382 2557 417 2620 δὲ
437 2560 522 2640 θῆλυ
541 2559 628 2639 γένος
638 2557 701 2622 καὶ·
713 2553 791 2619 adri
812 2556 944 2635 βίβλους
957 2555 1089 2635 κατέχον
1107 2548 1185 2637 ὁρᾶ·

92 2661 148 2700 ται
163 2634 277 2716 «νόμων
298 2639 395 2704 θείων
418 2639 556 2721 ἐχούσας
576 2635 738 2724 περιοχῆν.
781 2642 850 2722 lpse
858 2639 986 2701 Basilius
1006 2639 1039 2699 in
1059 2659 1187 2698 nummo

93 2725 179 2805 apud
198 2725 249 2784 Du
270 2725 416 2808 Congium
438 2725 546 2786 Famil.
566 2727 636 2808 Byz.
657 2747 690 2807 p.
710 2723 779 2786 138.
798 2725 898 2805 primo
919 2725 1040 2783 sinistra
1060 2720 1186 2803 globum

92 2807 147 2868 vel
167 2827 292 2889 pomum
313 2809 429 2890 imperii
442 2829 510 2868 cum
534 2829 633 2886 cruce,
654 2809 760 2870 dextra
782 2806 966 2888 conspicitur
985 2826 1047 2866 non
1067 2815 1186 2866 tomum

92 2909 150 2951 seu
170 2890 324 2964 rotulum,
347 2892 400 2952 sed
423 2893 557 2952 codicem
579 2893 785 2973 quadratum,
814 2890 991 2972 religatum,
1012 2887 1185 2968 evaugelio·

91 2993 166 3034 rum
188 2985 314 3054 gestare.
358 2975 472 3035 Paulus
492 2973 681 3037 silentiarius
698 2985 785 3057 parte
798 2995 830 3033 α.
851 2995 884 3035 v.
902 2973 974 3038 361.
993 2973 1032 3032 de
1052 2970 1185 3056 «madum

91 3057 228 3142 imagine
249 3058 361 3120 Christi
382 3061 415 3118 in
437 3058 469 3118 S.
486 3056 621 3140 Sophia:

632 3146 733 3218 Ἕοικε
760 3153 797 3216 δὲ
816 3147 955 3216 δάκτυλοι
974 3153 1088 3214 τείνειν

264 3237 439 3322 δεξιτέρης,
463 3233 519 3302 ὅτι
540 3237 646 3316 μῦθον
677 3235 847 3312 deridente
869 3231 1082 3319 πιφαύσκων,

261 3323 337 3408 λαιῇ
355 3323 465 3402 βίβλον
486 3319 568 3404 ἔχων
589 3321 713 3397 ζαθέων
733 3321 896 3401 ἐαιΐστορα
916 3314 1041 3396 μόθων.

90 3421 394 3492 ΙοαυηεεΜοεοΙιιιε
415 3423 537 3483 Limon.
568 3443 596 3480 n.
614 3420 690 3504 87.:
728 3413 854 3501 ἐκράτει
890 3415 925 3476 dl
946 3415 1002 3477 καί
1019 3419 1185 3494 μεγαλεῖον

87 3497 169 3585 ἔχον
190 3502 349 3584 ἀργυροῦν
369 3499 519 3590 σταυρόν.
563 3503 657 3567 Unde
680 3513 774 3584 patet,
797 3499 870 3563 talia
885 3499 1041 3560 volumina
1061 3498 1186 3560 babuis-

88 3611 121 3650 se
148 3588 302 3648 interdum
329 3610 385 3670 pro
412 3585 596 3664 umbonibus
623 3607 726 3647 cruces
754 3585 812 3646 sibi
842 3581 955 3645 affixas.
1006 3583 1062 3642 Est
1082 3593 1185 3644 autem

86 3671 281 3754 μεγαλεῖον,
315 3673 482 3749 volumen,
512 3693 574 3731 non
596 3669 750 3750 Graecae,
772 3669 825 3729 sed
848 3667 1014 3728 Hebraicae
1035 3675 1087 3724 aut
1105 3666 1185 3726 Arn-

86 3769 179 3844 bicae
201 3771 326 3851 originis
346 3772 426 3846 ubst)
458 3773 599 3853 megillab
627 3757 723 3820 a&
748 3788 806 3833 vox
840 3765 922 3850 apud
941 3764 1068 3830 ludaeos
1089 3765 1186 3826 notis-

87 3857 192 3928 sima,
215 3853 298 3914 unde
318 3853 357 3922 ad
380 3857 568 3917 Christianos
589 3853 722 3918 transiit.

176 3935 247 4013 Qua
267 3958 340 4004 vero
355 3939 477 3998 tandem
499 3959 591 4008 manu
612 3935 757 3998 tenebant
776 3943 808 3994 et
827 3933 973 4016 gerebant
985 3931 1187 4012 Imperatores

87 4020 251 4086 acaciam?
293 4020 642 4106 Modqqdextraflnodo
676 4019 819 4104 sinistra..
850 4015 962 4077 Nullus
982 4017 1063 4074 enirn
1084 4025 1186 4076 certus

87 4105 123 4166 iu
142 4124 178 4162 ea
199 4124 232 4162 su
254 4103 365 4165 modus
395 4100 599 4179 ¹'sei-nabaiot,
627 4101 680 4175 sed
708 4122 781 4163 risus
809 4110 875 4162 erat
906 4098 1046 4160 arbitrio.
1089 4095 1184 4176 Apud

87 4185 238 4261 nonnum
263 4187 473 4282 p·16·il,4
502 4187 614 4262 dicitur
645 4189 813 4278 imperator
839 4183 945 4251 dextro
973 4202 1066 4253 manu
1086 4180 1184 4244 acaci«
