2975 4892
329 259 409 365 iol
526 287 582 352 ιο.
614 283 696 352 iic.
725 285 874 350 nuum
902 281 1189 350 communico

317 443 446 514 Boilavii
468 463 591 506 carmen
611 441 655 502 Le
676 439 786 503 Lutrr'n
807 437 946 523 legerint.
990 438 1143 502 Discimus
1157 439 1231 500 hinc
1248 436 1339 502 bema
1353 437 1436 504 hoe

238 557 246 570 ·
317 527 488 606 lectorum,
514 528 567 602 (ita
596 528 677 586 enim
707 525 899 607 aSymeone
929 523 1189 585 Thessalonicensi
1216 522 1434 605 appellum)

317 611 411 677 fiiisse
431 631 449 670 a
464 611 592 670 statione
605 608 703 691 plebis
717 617 772 667 aut
787 607 857 667 velo
873 627 1037 688 suspenso,
1062 617 1116 666 aut
1131 607 1308 688 interposito
1321 629 1434 669 muro

317 693 364 756 nd
380 691 623 779 appodiationem
642 691 704 750 alto
725 701 921 771 separatum,
942 689 974 750 id
995 701 1041 750 est
1059 687 1158 771 μέχρι
1179 690 1238 750 τοῦ
1257 687 1435 770 ἐπαινουμ-

318 771 437 861 βίζειν,
473 785 508 835 ut
527 773 687 836 commode
706 774 776 856 quis
805 773 974 858 appodiarc
993 793 1045 845 se,
1081 771 1141 833 hoc
1159 782 1205 833 est
1224 770 1332 841 fulcire
1355 795 1398 835 ea
1414 820 1430 851 ,

321 859 410 920 inulti
426 855 558 918 brachiis
585 866 696 941 posset.
726 856 767 918 V.
783 855 835 916 Du
851 856 953 938 Gange
965 877 997 916 v.
1014 855 1158 916 Pedium.
1201 856 1300 916 Iocus
1313 856 1436 918 Chro-

316 942 381 1022 nici
405 942 576 1002 Gasineusis
595 939 698 1023 paullo
719 949 790 1000 ante
809 939 897 1000 nobis
917 939 1058 1000 laudatus
1076 938 1127 998 hic
1148 949 1194 998 est
1213 940 1251 998 L.
1275 939 1333 1000 111.
1358 961 1429 1024 29.

320 1045 353 1109 p.
373 1022 460 1108 lily:
475 1025 614 1104 frontem
633 1025 726 1098 chori,
759 1045 846 1108 qroem
857 1023 932 1120 [ere
954 1023 989 1120 in
1008 1021 1106 1082 aredio
1128 1021 1270 1082 basilicae
1291 1026 1433 1102 ctatuit,

320 1107 925 1274 ffldfflemaffigtuqtntggqlsw:
952 1119 1010 1249 diii
1024 1103 1436 1269 adrillurcrialbscliiihfldrtrcg

322 1293 389 1333 rem
411 1273 450 1333 ud
465 1283 599 1334 veterem
614 1283 802 1334 ¹structuram
816 1275 978 1354 respicere,
991 1293 1073 1332 nuno
1085 1273 1285 1353 antiquatam.
1327 1273 1434 1336 quta

315 1358 520 1418 ,recentiorem
544 1359 636 1416 enim·
648 1355 901 1418 architectonicen
921 1353 1051 1416 odaeum
1071 1355 1148 1414 strui
1167 1365 1238 1436 post
1256 1355 1356 1417 maius
1379 1356 1435 1417 al-

322 1449 402 1516 taro,
424 1439 477 1498 ubi
495 1437 568 1499 olim
582 1439 673 1498 luerit
684 1437 790 1499 absida
812 1461 866 1500 seu
879 1439 1016 1499 tribuna.
1059 1438 1095 1497 In
1109 1437 1235 1498 basilica
1246 1437 1433 1502 cathedrali

322 1531 425 1582 tumen
445 1523 558 1582 Montis
581 1519 701 1604 Regalis
716 1524 749 1582 in
759 1522 861 1584 Sicilia
875 1523 1006 1604 conspici
1021 1520 1121 1582 adhuc
1134 1522 1214 1580 inter
1228 1518 1288 1581 alia
1300 1525 1428 1584 veteris

322 1604 452 1666 instituti
465 1604 593 1665 odaeum
608 1625 661 1665 seu
682 1605 811 1665 chorum
826 1609 950 1688 antiqua
968 1605 1065 1666 forma
1086 1604 1149 1665 fere
1164 1606 1197 1663 in
1208 1604 1310 1665 medio
1324 1605 1432 1666 eccle·

325 1691 398 1751 siae.
421 1687 467 1747 Ut
481 1689 651 1770 Imperator
665 1690 828 1750 stationem
841 1693 874 1749 in
889 1687 969 1750 solea
981 1687 1120 1763 haberet,
1135 1690 1196 1747 iam
1208 1687 1248 1748 ab
1260 1687 1432 1750 Ambrosii

327 1781 358 1832 et
372 1770 538 1831 Theodosii
549 1773 594 1830 M.
609 1771 799 1852 temporibus
813 1772 886 1832 inde
893 1772 1036 1833 obtinuit.
1058 1771 1135 1830 Nam
1149 1791 1245 1852 quum
1260 1775 1346 1852 prius
1360 1772 1432 1831 lm-

324 1855 517 1938 peratoribus
538 1854 670 1915 licuisset
683 1858 715 1914 ih
727 1854 884 1915 tribunam
895 1853 1025 1936 ingredi,
1047 1853 1237 1929 Ambrosius,
1259 1855 1432 1936 episcopus

326 1937 484 2010 militaris,
512 1937 682 2019 tyrannidis
702 1936 831 2011 avidus,
867 1959 959 2019 quam
980 1956 1075 2018 quum
1096 1936 1241 1998 invadere
1260 1937 1429 2020 politicam

323 2037 389 2084 non
409 2018 544 2095 valeret,
566 2016 796 2078 ecclesiasticam
817 2022 935 2101 primus
951 2021 1100 2093 instituit,
1122 2030 1244 2101 arrepto
1258 2032 1429 2103 praetextu

324 2099 529 2182 qualicunque
550 2100 696 2180 tandem,
731 2101 938 2164 Theodosium
957 2099 1133 2164 excludebat
1153 2106 1277 2166 sacrarii
1297 2105 1431 2166 cancel-

324 2182 382 2255 lis,
413 2194 444 2242 et
471 2175 566 2246 τόπον
588 2173 670 2244 εἶναι
687 2180 753 2244 ’τοῦ
774 2186 931 2264 βασιλέως
950 2182 985 2247 ἐν
1028 2185 1044 2202 ”
1064 2184 1210 2267 ἐκκλησία
1228 2184 1343 2266 circle
1364 2183 1431 2248 νῦν

325 2256 390 2348 πρὸ
410 2264 473 2324 τῶν
494 2261 686 2366 δροράκιαν
712 2266 770 2328 τοῦ
795 2262 971 2349 ἷιρατείον,
1033 2287 1088 2330 στι
1106 2268 1165 2329 τοῦ
1183 2247 1245 2346 fiir
1264 2269 1346 2331 λαοῦ
1365 2265 1431 2332 τὸν

324 2347 504 2436 κρατοῦντα
529 2359 588 2427 τήν
608 2347 781 2432 προεδρίαν
800 2345 906 2430 ἔχειν,
942 2349 1045 2416 αὐτοῦ
1064 2349 1101 2414 δὲ
1118 2345 1193 2424 τούς
1215 2347 1320 2435 ἱερέας
1337 2372 1432 2432 προ-

325 2429 502 2510 καθῆσθαι.
543 2431 620 2493 Erat
647 2434 739 2515 igitur
767 2431 849 2496 solea
876 2436 957 2498 idem
982 2458 1053 2498 cum
1075 2437 1243 2514 morio,
1272 2455 1326 2496 scu
1353 2437 1431 2498 loco

320 2514 516 2603 principum,
537 2526 573 2576 ut
586 2525 631 2576 est
645 2519 678 2576 in
693 2515 814 2579 Ordine
827 2519 977 2582 Romano.
999 2519 1072 2581 Vid.
1089 2519 1141 2580 Du
1154 2519 1257 2602 Gange
1268 2519 1308 2580 ad
1322 2519 1424 2583 Paul.

327 2593 482 2659 silentiar.
504 2619 537 2679 p.
557 2597 629 2660 560.
674 2600 772 2660 Nemo
792 2612 895 2664 tamen
915 2614 1090 2686 magnatum
1109 2613 1231 2684 praeter
1249 2601 1429 2685 Imperato-

330 2697 398 2739 rem
426 2682 458 2739 in
486 2677 568 2742 solea
589 2681 713 2749 sedebat
734 2683 890 2760 ambone,
921 2699 957 2748 ut
975 2707 994 2748 c
1014 2687 1159 2770 proximis
1179 2685 1284 2746 Nostri
1312 2686 1429 2750 verbis

325 2759 385 2820 hac
404 2764 515 2843 pagina
535 2785 567 2847 9.
590 2765 631 2826 D.
660 2785 686 2825 r.
710 2777 814 2847 patere
848 2761 880 2829 oi
901 2767 1068 2853 μόγιοτροι
1090 2763 1146 2832 καὶ
1169 2763 1352 2832 ἀνθύπατοι
1366 2803 1389 2820 -
1402 2805 1426 2822 -

324 2838 474 2904 ῖστανται
497 2845 543 2916 εἰς
562 2839 600 2905 τό
622 2842 726 2922 δεξιὸν
744 2848 842 2928 μέρος
861 2849 920 2930 τῆς
940 2851 1115 2934 ἐκκλησίας.

412 2945 444 3006 9.
462 2924 497 2984 C.
512 2926 569 2986 ult.
588 2927 658 3011 [15,
675 2927 723 3013 5.]
755 2932 813 2991 τοῦ
838 2929 988 3014 βήματος.
1029 2937 1123 2996 Bema
1146 2945 1193 2997 est
1210 2937 1310 2998 omnis
1330 2935 1428 3001 locus

326 3003 394 3068 solo
415 3007 596 3086 sublimior,
616 3009 657 3070 ad
676 3033 768 3094 quem
787 3009 923 3096 βήματι,
943 3017 1040 3099 gradu
1062 3019 1203 3098 sublato,
1240 3021 1428 3084 enitendum

327 3099 384 3186 cst.
430 3090 467 3150 ln
495 3093 587 3152 sacris
610 3105 656 3155 est
677 3095 730 3157 illa
749 3119 822 3178 pars
842 3099 985 3162 ecclesiae
1013 3101 1130 3184 aliquot
1148 3101 1293 3184 gradibus
1313 3102 1427 3169 elevo·

325 3181 405 3247 tror,
432 3193 534 3256 quam
558 3187 603 3236 cst
630 3197 701 3240 area
731 3181 896 3260 ecclcsiae3
926 3205 992 3246 nos¹
1006 3183 1098 3246 hodie
1124 3187 1246 3247 chorum
1266 3186 1425 3269 dicimus,

325 3254 433 3336 (aliud
453 3277 530 3319 aevo
557 3259 658 3320 medio
677 3262 861 3325 vocabulum
882 3265 959 3326 illud
978 3267 1207 3350 significabat‚)
1236 3269 1305 3330 ltali
1325 3273 1429 3333 mbu-

326 3357 418 3413 nam,
458 3341 567 3402 Graeci
596 3365 718 3428 quoque
748 3343 978 3430 θυσιαστήριον
1007 3361 1039 3411 et
1067 3347 1222 3430 ἱερατείαν
1240 3351 1425 3435 appellant3

327 3421 473 3502 quoniam
502 3427 536 3484 in
561 3447 596 3487 eo
625 3421 865 3511 ἱερατιύεοθαι,
892 3454 979 3494 sacra
1109 3455 1159 3507 ru,
1182 3447 1213 3496 et
1238 3436 1430 3522 sacrificum

327 3503 511 3599 incruentum
534 3507 649 3570 dictum
669 3512 711 3572 ibi
732 3510 840 3573 offerre
859 3514 917 3576 deo
934 3516 980 3577 sol
1036 3529 1091 3594 nt3
1113 3518 1196 3578 unde
1214 3540 1336 3602 quoque
1358 3522 1429 3583 Lu·

326 3587 384 3647 nni
417 3589 660 3685 sacrqflcarorium
695 3599 883 3694 nominant,
911 3600 1026 3660 Latinis
1047 3599 1139 3662 medii
1157 3605 1224 3664 aevi
1239 3623 1365 3691 quoqne
1379 3617 1431 3668 est

322 3668 566 3838 tlhlhlg‘.
580 3689 763 3822 &attali
788 3683 1247 3844 iinihliiilffl‘iihi,
1264 3700 1429 3832 w.

328 3833 443 3916 Christ.
467 3849 557 3921 atque
577 3853 667 3904 notae
693 3844 730 3904 ad
752 3844 841 3907 Pauli
860 3847 1042 3928 Ecphrmin.
1086 3850 1171 3912 Alias
1199 3853 1328 3931 βημαῐα
1348 3865 1428 3915 suut

328 3914 438 3980 sacella
460 3924 598 4008 minorq,
622 3929 654 3984 in
676 3929 793 4008 mugnis
814 3928 945 3991 ecclesiis
965 3934 1048 3996 intra
1067 3935 1166 3993 maius
1186 3933 1276 3996 bema
1296 3935 1428 3997 dedica·

327 4006 514 4094 tepatronis
537 4005 663 4070 diversis
685 4031 703 4069 a
723 4021 854 4091 patrono
882 4011 1037 4076 ecclesiae.
1055 4064 1060 4080 .
1080 4015 1152 4077 vid.
1178 4037 1212 4098 p.
1229 4039 1281 4104 7⁰·
1310 4019 1352 4085 A.
1369 4017 1423 4096 8.,

330 4093 403 4146 rtem
412 4105 468 4226 pp.
483 4087 523 4145 D.
540 4090 619 4169 fine,
642 4103 672 4152 et
688 4092 772 4152 alibi.

445 4189 494 4250 .7.
509 4168 576 4262 [15,
592 4172 656 4257 ro]
671 4173 717 4251 εἰς
730 4172 768 4238 soi
782 4168 858 4256 lym
872 4178 982 4261 θνρία.
1004 4179 1089 4242 Alias
1101 4203 1225 4268 quoque
1234 4177 1427 4268 βημὸθυρα.
