2975 4892
344 269 428 372 524
548 295 603 359 ιο.
632 295 712 362 uc.
741 293 889 361 uuum
919 295 1199 366 conumrmn
1441 381 1442 426 ἰ

341 452 672 618 {iiiiilsiilliss
688 450 1392 620 titi‘ttttttt‘..ttllttitt‘lltli
1441 487 1442 510 ¹

341 626 436 685 ciunt.
480 624 566 685 Idem
590 621 663 682 olim
684 623 792 682 Graeci
824 619 972 680 faciebant
1000 642 1070 682 eum
1098 641 1185 682 sacro
1214 620 1319 694 codiee,
1339 629 1392 678 ute
1441 661 1442 694 p

341 707 528 789 Theophane
547 727 578 788 p.
596 703 668 766 258.
688 705 725 764 Β.
746 705 814 778 13„
838 704 967 765 Cedren.
986 725 1019 784 p.
1039 701 1109 781 4η.
1130 699 1164 762 Β.
1187 722 1219 785 9.
1235 713 1319 784 patet.
1336 705 1393 762 Mu·
1441 715 1442 792 J

341 788 533 852 bammedani
553 809 610 848 sno
631 787 787 848 Aleorann
815 786 944 848 eundem
976 788 1006 846 in
1024 787 1115 847 finem
1141 795 1287 860 utuntur,
1304 785 1392 848 etridi
1441 793 1442 854 j

341 889 453 950 multos
475 887 617 949 Alcorani
638 887 774 962 codices,
797 886 906 968 quibus
928 887 958 944 in
980 885 1040 946 line
1054 886 1191 946 additum
1210 896 1272 946 erat
1291 869 1345 934 ΜΒ
1362 864 1393 944 dl

342 994 395 1033 seu
409 976 555 1056 interpres
574 970 710 1030 ominum
731 990 765 1029 ex
784 968 935 1032 Alcorano
953 971 1182 1051 emergentium.
1224 967 1270 1029 De
1288 965 1393 1028 sortibus
1441 983 1442 1012 t

342 1056 517 1138 virgilianis
552 1056 613 1137 egit
636 1053 834 1114 Casaubonus
854 1052 891 1113 ad
923 1051 1033 1133 Script.
1063 1053 1141 1112 Hist.
1173 1051 1254 1134 Aug.
1284 1053 1318 1112 T.
1336 1051 1392 1128 lp.
1441 1091 1442 1118 t

346 1158 395 1221 19.
416 1138 454 1198 ad
480 1137 581 1198 locum
605 1135 774 1218 Spartiani,
812 1157 903 1216 quem
927 1134 1008 1195 bona
1034 1156 1104 1196 oum
1126 1134 1247 1195 lectoris
1270 1135 1346 1196 venia
1369 1135 1394 1192 iu
1441 1181 1442 1202 ἒ

286 1236 291 1245 “
340 1223 468 1281 transitu
482 1220 571 1281 simul
585 1219 753 1280 emendabo
778 1229 808 1280 et
823 1217 979 1279 illustrabo
989 1218 1142 1279 brevibus.
1166 1219 1247 1278 Puto
1259 1238 1354 1297 nempe
1363 1217 1394 1274 sic
1441 1221 1442 1284 ξ

340 1301 500 1383 legendnm
521 1325 590 1364 eum
607 1323 670 1364 esse
685 1325 694 1362 r
706 1304 776 1383 fia't
796 1301 972 1380 (Adrianus)
982 1303 1015 1360 in
1026 1321 1129 1362 amore
1149 1301 1347 1375 Temenites
1361 1312 1395 1358 ta·
1441 1299 1442 1382 l

341 1403 409 1446 men
425 1390 456 1446 ei
469 1386 626 1464 (Adriano)
645 1405 704 1469 pet·
716 1385 759 1461 (id
778 1396 823 1446 est
835 1386 886 1459 ob,
901 1384 1033 1468 propter)
1047 1383 1238 1466 paedagogos
1248 1403 1394 1468 puemmm,
1441 1383 1442 1472 l

361 1489 412 1529 uos
445 1471 591 1529 Τναὶαηιις
625 1469 781 1552 t'rnpemim
812 1467 976 1548 diligebat,
1006 1467 1090 1528 Celso
1109 1469 1271 1546 faventes,
1302 1465 1395 1528 dealt.
1441 1473 1442 1476 ’

339 1490 489 1634 beseripsi
507 1551 591 1612 Celso
612 1572 668 1632 pro
692 1551 783 1612 Gallo
803 1551 844 1610 ob
866 1573 921 1628 ea,
937 1571 1016 1632 quae
1042 1571 1074 1630 p.
1092 1550 1143 1632 39.
1160 1549 1311 1631 leguntur.
1347 1548 1397 1606 De·
1441 1533 1442 1614 l

339 1635 409 1699 tulit
434 1645 534 1695 autem
548 1636 681 1716 positum
694 1656 752 1716 pro
765 1635 887 1695 multum
904 1633 1019 1700 damlit,
1037 1653 1146 1714 nempe
1163 1633 1325 1708 Traianus,
1338 1627 1396 1706 ἐχα-

341 1715 468 1794 ollem
490 1719 606 1798 deserte
630 1729 703 1778 tunc
725 1716 866 1778 dicebant
889 1727 920 1776 et
944 1717 1075 1798 sequiori
1096 1725 1195 1777 aetate
1219 1737 1274 1798 pro
1299 1715 1397 1775 mulum

341 1811 395 1860 aut
415 1801 534 1886 aliqm'd
554 1802 646 1860 alicui
660 1800 788 1880 deferre.
810 1801 859 1860 sic
879 1801 990 1883 passim
1014 1799 1147 1858 occurrit
1167 1799 1199 1858 in
1217 1798 1321 1880 Script.
1334 1797 1396 1856 flist.
1441 1797 1442 1876 l

340 1884 424 1965 Aug.
439 1884 523 1944 Cano
545 1882 585 1943 V.
602 1883 951 1943 ConciliiLateranensis
974 1881 1055 1964 apud
1064 1881 1299 1966 Neubrigensem
1312 1877 1396 1940 L.lll.
1441 1877 1442 1954 l

340 1967 427 2028 e.5.:
455 1981 567 2027 tutatum
585 1969 619 2027 in
631 1967 811 2026 Clrn'stianos
835 1967 1046 2026 immanitatem
1067 1979 1226 2042 exercent,
1240 1979 1270 2026 ut
1287 1985 1334 2024 nec
1348 1981 1397 2019 mo·
1441 1965 1442 2036 l

340 2051 475 2109 nasteriis
491 2051 644 2129 defirmat,
670 2070 724 2108 nec
740 2048 889 2110 nzttmtac
901 2049 1047 2132 prpiltu,
1069 2069 1128 2108 non
1151 2052 1258 2132 pueris
1281 2069 1315 2108 oc
1335 2043 1397 2104 seui·
1441 2067 1442 2072 ¹

340 2133 409 2203 bru,
433 2153 493 2192 non
512 2133 629 2191 cuilibet
636 2147 767 2214 parcant
788 2133 890 2192 aetati.

405 2229 477 2313 269.
491 2229 531 2288 D.
550 2229 608 2290 ult.
624 2228 711 2313 [462
725 2228 772 2312 9.]
794 2231 869 2310 περὶ
887 2219 1008 2301 εὐδίας.
1048 2228 1267 2314 Imperatorem
1286 2239 1398 2291 astrono-

337 2316 416 2376 miae
435 2311 605 2394 aliqualiter
623 2316 756 2394 peritum
786 2325 817 2375 et
850 2312 909 2374 diei
925 2315 1080 2396 noctisque
1099 2325 1193 2396 atque
1212 2323 1397 2396 tempestatum
1441 2323 1442 2386 t

339 2417 402 2458 esse
429 2407 585 2476 oportere,
618 2395 786 2458 luculenter
806 2396 991 2458 demonstrat
1017 2395 1162 2480 Polybius
1183 2420 1254 2484 pag.
1283 2393 1344 2475 stt.
1361 2391 1399 2452 td·
1441 2391 1442 2462 l

339 2479 477 2545 Wecbel.
1441 2463 1442 2518 l

402 2577 569 2662 aporia.
586 2575 981 2663 [467‚11.]tlpovrolo'ytou
1003 2577 1058 2640 καί
1077 2574 1304 2660 σεισμολόγιον.
1338 2574 1396 2636 Vid.
1441 2535 1442 2588 l

337 2661 389 2722 Du
408 2663 508 2724 Cane
540 2661 590 2723 Gl.
614 2664 667 2724 Gr.
696 2684 726 2727 v.
756 2657 980 2742 Βροντολόγιον
1001 2673 1031 2722 et
1060 2657 1331 2743 Kalavdoldywv,
1356 2658 1398 2718 ulu

339 2685 577 2829 Calendologion
591 2744 873 2807 Graecobarbarum
886 2743 1032 2818 exhibuit,
1057 2766 1119 2826 quo
1138 2745 1328 2830 designatur,
1340 2740 1398 2823 quid

338 2832 545 2911 tempestatis,
574 2829 712 2890 fortunae
731 2828 975 2890 calamitatumve
996 2830 1205 2910 unusquisque
1226 2829 1287 2890 dies
1306 2829 1398 2908 impor-

338 2921 392 2972 tet.
427 2913 654 2994 ,Navigantibus
673 2933 762 2973 usum
783 2923 936 2992 praestare
956 2910 1050 2972 libros
1070 2910 1161 2972 buius
1183 2915 1298 2994 generis
1316 2921 1342 2970 et
1358 2927 1398 2968 ne·

281 3053 284 3058 .
336 2997 481 3055 cessarios
505 3017 567 3056 esse
584 2994 671 3057 facile
691 2995 848 3076 largimur.
888 2995 1003 3054 Verum
1020 3015 1173 3056 excessum
1195 3001 1227 3057 in
1248 2996 1293 3057 bis
1311 2991 1345 3054 ad
1363 2993 1399 3049 iu·
1441 2993 1442 3084 l

336 3097 446 3138 eanum
464 3079 598 3139 studium
617 3089 648 3139 et
668 3079 910 3159 superstitionem
931 3077 1007 3150 fuit,
1032 3082 1211 3158 praesertim
1232 3083 1263 3138 in
1282 3080 1397 3145 omenta,
1441 3103 1442 3140 r

337 3159 422 3222 cuius
450 3183 534 3246 reges
563 3165 642 3224 inter
668 3162 846 3245 praecipuos
875 3163 1026 3222 ministros
1054 3172 1085 3222 et
1114 3163 1230 3223 amicos
1250 3161 1399 3222 habuerunt

336 3297 454 3359 semper
474 3289 505 3340 et
524 3278 624 3340 adhue
642 3277 760 3340 babent
774 3262 948 3355 Ati-eli,
970 3276 1206 3362 Alazonaggenn
1226 3277 1398 3356 astrologum,
1441 3291 1442 3336 t

336 3372 373 3421 ut
392 3384 427 3422 ex
448 3363 580 3425 historiis
600 3375 630 3425 et
654 3363 839 3437 itinerariis,
867 3363 1043 3422 utBernieri
1066 3373 1097 3422 et
1117 3362 1270 3441 aliorum,
1292 3365 1396 3422 constat.
1441 3353 1442 3424 l

336 3443 442 3527 Neque
455 3451 555 3508 minus
569 3447 676 3509 favisse
696 3466 795 3506 vanae
811 3443 882 3505 huic
897 3447 955 3505 arti
970 3443 1101 3505 Graecos
1114 3445 1321 3527 lmperatorec,
1335 3445 1399 3520 ipw-

336 3547 406 3586 rum
427 3527 551 3591 historia
573 3542 603 3592 et
623 3531 744 3592 Nicetes
765 3527 927 3594 Choniates
941 3549 972 3608 p·
985 3525 1057 3606 542.
1078 3539 1229 3606 testatur,
1248 3532 1327 3589 cuius
1340 3523 1399 3582 baec
1441 3529 1442 3576 1

336 3621 408 3669 sunt
427 3613 544 3674 verbat
567 3609 596 3674 ni
617 3613 651 3686 ἐς
678 3604 755 3689 ‘pic
786 3605 1018 3690 αὐτοκράτορες
1046 3609 1219 3691 καὶμέχρι
1246 3603 1400 3692 βηματίσαι
1441 3629 1442 3660 t

334 3685 395 3768 τὴν
416 3694 480 3752 τῶν
500 3686 625 3773 ἄστρων
643 3696 734 3756 θεσιν
754 3689 1029 3772 περιεργάζονται,
1051 3693 1099 3752 Im
1121 3709 1253 3754 emtores
1275 3693 1311 3752 ab
1334 3684 1402 3748 ormi
1441 3671 1442 3754 l

334 3786 431 3832 aetate
462 3779 506 3837 ad
535 3780 602 3859 ipsa
629 3792 729 3839 nostm
752 3791 886 3858 tempora
897 3778 1027 3853 ficerunt
1054 3799 1083 3836 se
1104 3777 1150 3836 uli
1178 3773 1400 3858 indagandnmm

330 3859 508 3939 pust'tiouum
529 3873 679 3920 asnorum
702 3883 752 3920 seu
775 3861 953 3937 astrologiae
978 3859 1155 3920 iudiciariae
1176 3860 1313 3931 studiosi,
1336 3852 1400 3912 adev
1441 3869 1442 3926 l

336 3950 370 3996 ut
384 3941 511 4023 ⁸quidam
532 3945 622 4002 eamn
649 3939 778 4021 βήματα
803 3941 1019 4024 descripserint,
1039 3963 1092 4001 seu
1125 3941 1266 4021 tabulas,
1294 3941 1324 4002 in
1345 3934 1401 4016 qul·
1441 3965 1442 3970 ¹

335 4018 394 4081 bus
414 4033 494 4083 astra
516 4026 548 4084 in
565 4047 636 4085 suos
656 4025 769 4108 gradus
791 4037 821 4086 et
840 4023 1081 4085 constellationes
1101 4023 1262 4106 disposita,
1281 4025 1400 4098 triangu·
1441 4025 1442 4068 t

335 4101 396 4180 lis,
418 4107 538 4167 circulis
567 4106 620 4167 alii
730 4109 835 4192 figuris
864 4107 1006 4168 distincta
1029 4117 1122 4184 sunt,
1144 4130 1161 4168 e
1183 4125 1313 4190 quorum
1331 4119 1399 4160 com·
1441 4089 1442 4174 l

334 4185 489 4250 binatione
508 4201 539 4251 et
559 4189 643 4254 calcu
674 4196 757 4256 tione
778 4191 946 4254 defuturis
968 4189 1114 4254 iudicium
1134 4189 1265 4252 elicitur.
1298 4187 1399 4248 Consu·
