2975 4892
184 319 240 384 an
267 319 527 386 urrunrcau
555 325 630 386 nn
662 325 686 386 1.
713 324 769 388 ne
799 322 993 388 aminon.
1064 291 1147 380 523

80 471 185 570 ioplgne
203 472 373 574 amplum
405 497 478 540 rnre
502 460 641 557 pietatis,
662 477 762 560 quod,
794 469 883 538 ὁπότε
902 475 965 538 τῶν
979 469 1153 572 Ῥωμαίων

82 573 110 614 οι
131 551 286 637 φάλαγγες
303 580 453 638 εκαμνον,
484 555 542 642 τὴν
561 559 614 639 τῆς
633 552 825 642 &esuriretur
851 553 958 620 εἰκόνα
989 577 1152 638 παρεσπον-

81 657 134 696 οον
157 631 261 715 ἔχων,
291 641 355 718 μετ’
382 641 519 722 οἰμωγῆς
548 641 731 721 ἐμβλέπων,
759 639 903 713 ἐλεεινοῖς
922 645 988 714 τοῖς
1009 635 1152 720 σχήμασι

80 713 247 798 θερμότερα
268 723 332 783 τῶν
363 719 540 804 ἐναγωνίων
567 721 711 805 ἱδρώτων
729 723 889 800 κατέλαβε
910 717 1044 804 ddrpvu.
1086 722 1153 782 Non

81 807 185 880 optima
207 804 273 866 laus
291 810 385 868 nostri
400 807 511 870 iudicio
531 810 608 870 aeri.
650 807 894 890 lleroerquidnrn
908 806 1047 868 hodierni
1067 825 1150 877 eum,
1226 829 1232 845 ·

82 887 127 963 qrii
158 885 269 948 dicitur
301 891 341 951 ad
369 893 531 973 imaginem
562 892 671 972 pictam
698 891 854 952 calidiores
874 889 1023 972 lacrymas
1043 887 1154 964 sudore

81 965 181 1041 bellico
201 969 330 1045 fudisse,
354 973 574 1056 proculdubio
602 996 657 1060 pro
678 975 789 1057 pavido
810 973 934 1034 habent.

155 1052 196 1111 D.
212 1055 243 1114 5.
267 1053 402 1139 [idm.
448 1055 569 1132 βιβλία.
623 1059 654 1118 Si
688 1061 756 1139 quis
782 1057 820 1116 de
848 1058 970 1138 proprie
1002 1056 1045 1118 sic
1064 1053 1154 1118 dictis

82 1133 177 1194 llibliis
197 1157 250 1196 sen
270 1159 355 1198 sacro
427 1141 472 1200 ice
492 1139 565 1201 velit
584 1139 768 1222 intelligere,
792 1160 853 1200 non
873 1137 1067 1200 interredem.
1093 1136 1154 1200 Sed

81 1219 126 1275 vix
144 1217 280 1281 solebant
302 1219 370 1282 laici
389 1223 497 1284 Graeci
516 1222 609 1284 biblia
635 1225 751 1303 integra
771 1221 887 1304 legere,
911 1222 1044 1284 contenti
1064 1223 1155 1280 ritua-

83 1295 154 1360 libus
183 1303 267 1380 suis,
294 1305 326 1363 in
356 1307 467 1388 quibus
495 1309 655 1388 pericopae
678 1305 867 1388 evangelicae
888 1303 1090 1365 habebantur.
1110 1297 1157 1362 ‘H

82 1378 245 1446 ἀκολουθία
265 1387 373 1449 rituale
394 1389 443 1450 bic
464 1389 522 1450 loci
543 1401 648 1466 notat,
667 1410 729 1471 quo
752 1391 843 1450 series
864 1387 960 1450 divini
981 1385 1070 1448 officii
1101 1383 1155 1448 de·

84 1468 184 1547 scripta
206 1480 261 1529 est.
285 1469 326 1528 V.
347 1471 398 1530 Du
419 1473 521 1570 canpe
539 1473 640 1534 Gloss.
650 1473 705 1536 Gr.
726 1471 759 1532 h.
779 1493 811 1532 v.

156 1549 197 1609 D.
213 1550 245 1612 8.
278 1551 589 1636 467,8.]Πολυοιινον.
611 1554 786 1616 Admodum
800 1555 906 1617 tritum
919 1563 1059 1616 etcarum
1068 1553 1156 1612 nous

86 1629 200 1692 Graecis
221 1635 268 1694 Po
278 1657 410 1714 yaenunr
438 1637 543 1714 firisse,
575 1639 647 1698 satis
666 1657 701 1697 ex
723 1637 787 1718 ipso
810 1637 873 1698 eiua
891 1637 1049 1717 superstite
1069 1653 1160 1714 opere

85 1725 203 1775 manat.
262 1717 324 1778 Tot
344 1721 424 1780 enim
444 1721 542 1782 modis
562 1724 659 1802 ipsum
681 1720 860 1781 mutilarunt
881 1731 911 1780 et
931 1719 1155 1800 deturparunt,

84 1804 124 1854 tot
141 1800 230 1880 nugis
249 1805 494 1864 contaminarunt
516 1801 548 1863 bi
571 1806 750 1885 ineptiarum
773 1804 910 1864 omnium
930 1800 1014 1862 sedes
1034 1812 1063 1860 et
1083 1801 1157 1860 arti·

86 1876 154 1955 ficrs,
177 1893 213 1941 ut
233 1887 338 1960 mirer,
358 1889 411 1966 qui
431 1897 493 1946 tam
514 1886 690 1947 invidendas
716 1885 821 1946 laudes
842 1887 900 1946 vrri
921 1883 1003 1944 docti
1021 1883 1158 1942 huicau-

86 1963 151 2022 ctori
172 1965 329 2038 tribuant,
369 1989 459 2050 quem
479 1971 504 2030 ai
525 1981 688 2050 potuerunt
711 1968 937 2030 Antoninorum
956 1978 1092 2047 tempora
1110 1975 1159 2024 ta·

86 2040 136 2103 leur
157 2046 257 2124 ferre,
278 2063 405 2132 possunt
424 2073 545 2134 quoque
561 2054 636 2114 vites
657 2053 758 2134 spinas
779 2051 864 2112 dare.
906 2051 1051 2132 Syriauus
1072 2050 1097 2110 si
1117 2049 1159 2108 si·

84 2127 155 2190 milis
174 2131 287 2193 sodalis
309 2133 389 2206 init,
412 2156 467 2218 ego
488 2137 612 2218 quidem
633 2139 697 2196 eius
718 2138 865 2196 iacturam
887 2132 973 2194 facile
992 2131 1102 2194 leram.

158 2215 199 2274 l).
218 2213 251 2274 8.
269 2214 362 2358 pdbp,
383 2215 435 2305 8.]
465 2214 518 2279 τὸν
537 2214 706 2298 §antarta
768 2219 845 2296 Quis
868 2217 957 2278 merit
985 2227 1016 2276 et
1034 2213 1157 2297 quando

86 2294 183 2357 vixerit
203 2295 256 2358 ille
290 2302 427 2380 yrinnus,
446 2321 509 2362 non
529 2303 613 2363 novi.
657 2301 722 2362 Non
741 2300 862 2362 videtur
882 2301 962 2360 eninr
986 2299 1067 2360 idern
1090 2319 1160 2359 cum

86 2375 261 2462 philosopho
292 2381 439 2464 syriano,
466 2383 568 2446 Procli
590 2386 750 2466 magistro,
780 2381 887 2460 luisse,
908 2383 947 2443 de
968 2402 1030 2463 quo
1048 2381 1161 2442 Fabri·

85 2461 143 2520 cius
160 2463 236 2524 an.
249 2465 335 2525 Vlll.
358 2467 437 2528 Bibl.
469 2469 603 2529 Graecae
637 2471 709 2550 egit.
752 2467 880 2546 Reperio
900 2465 1019 2547 Syriani
1040 2464 1162 2526 mecha·

84 2545 138 2603 niei
158 2558 213 2608 ant
239 2547 422 2630 poliorcetici
451 2562 506 2611 ant
524 2551 698 2633 disciplinae
734 2549 871 2610 militaris
899 2551 1031 2630 magistri
1051 2567 1163 2608 nomen

86 2624 186 2704 iniis,
207 2651 228 2689 a
255 2631 366 2712 quibus
394 2633 554 2715 profecisse
582 2645 613 2694 et
631 2632 812 2692 desumsisse
831 2632 953 2693 Tacticn
975 2651 1030 2691 sua
1048 2632 1111 2690 Leo
1131 2651 1163 2690 ιιι

84 2711 181 2811 codice
202 2713 433 2778 vindobonensi
457 2727 595 2778 testatur.
635 2715 707 2777 Vid.
731 2715 758 2776 F
760 2714 854 2778 abric.
876 2712 955 2776 Bibl.
978 2713 1033 2774 Gr.
1050 2714 1091 2774 Τ.
1105 2711 1162 2774 vl.

104 2815 141 2854 ,ο
168 2816 194 2858 ι.

84 2811 102 2872 p
144 2817 204 2938 71).
232 2901 303 2962 pen.
326 2879 414 3024 μὴ,
431 2879 477 2964 8.]
507 2877 563 2944 τὸν
583 2876 804 2962 ὄνειροκρίτην.
825 2877 937 2942 Procul
958 2877 1052 2938 dnbio
1073 2873 1165 2938 Arte·

37 2999 38 3007 .
85 2961 234 3021 midourm
263 2963 326 3024 inte
338 2966 423 3047 tigit,
450 2967 503 3049 qui
523 2966 623 3039 solus,
645 2965 726 3026 bona
753 2965 876 3026 fortuna
886 2965 899 3038 ‚¹
926 2961 1012 3023 nobis
1031 2971 1166 3042 superest

85 3062 116 3103 er
143 3046 423 3108 oneirocriticorum
453 3060 589 3110 veterum
620 3069 759 3110 rrrrmero.
819 3047 860 3108 Ut
878 3049 934 3108 toti
956 3045 1043 3128 nugis
1061 3054 1092 3105 et
1110 3065 1167 3106 vs-

85 3128 207 3204 pnribus
239 3127 351 3190 differti
382 3143 469 3193 erant
490 3133 580 3193 medii
601 3135 667 3193 nevi
688 3131 849 3204 homines,
875 3130 982 3192 crassis
1015 3127 1167 3192 barbariei

84 3211 214 3271 tenebris
246 3213 357 3294 sepulti
397 3236 453 3296 pro
488 3215 570 3276 fatali
607 3216 738 3298 qundm
760 3217 887 3276 istorum
906 3211 1096 3274 saeculorum
1118 3211 1168 3272 in-

85 3291 261 3371 clementia,
293 3299 450 3358 nicetium
469 3298 582 3360 relictis
603 3297 776 3360 utilioribus
799 3297 924 3369 studiis,
947 3298 978 3356 in
1000 3297 1098 3355 varias
1118 3314 1169 3354 nr·

87 3384 151 3449 ter,
172 3379 441 3459 interpretationes
461 3385 667 3455 somniorum,
689 3377 954 3442 constellationum
973 3377 1170 3440 iudicationes

86 3468 113 3518 et
128 3461 247 3522 similes
267 3462 444 3543 quisquilias
463 3476 528 3526 toto
548 3477 668 3546 pectore
681 3465 908 3526 incumbebant.

164 3544 209 3604 D·
240 3567 311 3626 pen.
335 3543 430 3629 [467,
454 3545 505 3630 9.]
537 3545 592 3610 τὸν
624 3539 898 3622 ουνανιιμαιικόν.
957 3543 1006 3606 Sic
1022 3545 1169 3624 scriptum

87 3644 168 3688 more
188 3627 278 3689 istius
309 3630 421 3691 saeculi
452 3653 508 3713 pro
529 3623 823 3712 coronamentis,
844 3628 968 3700 librum,
989 3628 1102 3710 inquo
1122 3628 1171 3686 in-

89 3714 265 3789 terpretatio
297 3713 362 3773 τοῑν
394 3711 641 3790 συναντώντων,
686 3733 789 3772 rerum
815 3713 1059 3786 occurrentium,
1095 3709 1170 3793 quid

89 3809 190 3853 samm
212 3815 353 3875 quaeque
380 3795 451 3856 boni
470 3795 581 3858 malive
601 3795 778 3878 portendat,
798 3797 980 3856 continetur.
1019 3793 1173 3856 Amabant

90 3886 203 3937 sumas
225 3898 260 3938 ex
283 3877 374 3940 rebus
394 3881 622 3942 occurrentibus
641 3900 730 3940 nmen
742 3889 873 3960 captare.
916 3877 1002 3942 Cunf.
1022 3878 1172 3960 Spaniam.

90 3957 253 4021 inserere
279 3961 317 4024 T.
333 3961 359 4021 l.
392 3962 459 4023 Scr.
482 3963 534 4027 fl.
558 3963 641 4046 Aug.
668 3983 701 4043 p.
714 3961 786 4046 635.
820 3961 899 4039 fine,
930 3972 961 4023 et
984 3960 1171 4024 Artemidor.

90 4037 141 4100 lV.
163 4065 198 4125 7.
256 4044 375 4104 Referri
402 4045 463 4106 hnc
482 4069 605 4128 qnoque
636 4055 762 4127 possum
783 4044 864 4106 dicta
890 4043 922 4106 in
945 4044 1031 4108 libris
1053 4045 1173 4126 scriptis

78 4125 221 4200 primunr
243 4127 275 4187 in
294 4127 400 4192 oculos
419 4130 620 4205 incurrentia,
641 4151 659 4189 e
678 4127 789 4210 quibus
810 4139 925 4190 veteres
947 4129 1047 4190 omina
1068 4138 1173 4209 capta·

89 4201 171 4269 bant
217 4207 382 4274 Plebecula
408 4224 512 4276 nostra
533 4219 565 4276 et
591 4211 786 4275 mulierorlae
814 4215 974 4298 praecipue
998 4231 1088 4274 mane
1107 4229 1175 4272 sur·
