2975 4892
182 300 239 370 in
271 301 525 370 srrmnicnu
553 303 629 368 nn.
661 307 688 368 1.
727 306 783 368 os
811 303 1007 371 carmon
1065 273 1152 392 487

72 459 261 543 indulgerent
301 473 332 522 et
358 461 507 523 ferculum
550 483 646 522 unum
675 459 772 523 solitis
800 461 956 524 adderent.
996 462 1060 540 Qui
1086 483 1154 524 mos

69 549 153 606 etiam
181 547 215 604 in
246 544 392 606 coenobia
421 545 579 606 traductus
613 546 682 608 suit.
735 544 783 606 lta
811 545 924 606 dicitur
943 548 978 606 in
999 545 1155 609 Chronico

69 629 230 688 cassinensi
250 628 469 688 monachorum
496 629 720 689 cassinensium
751 647 836 688 more
865 627 1011 690 fratribus
1029 631 1154 692 cacteris

69 711 169 770 diebus
189 713 249 770 tn'a
275 709 478 791 pulmentaria
514 722 619 788 cocta,
652 711 702 771 dic
733 731 808 770 vero
836 711 989 772 dominico
1023 722 1155 792 quatuor

68 794 195 875 apponi:
217 793 268 852 da
287 815 358 853 uero
376 795 526 854 dominico
553 807 582 854 et
602 797 635 854 in
642 795 862 873 festivitatibus
877 798 984 877 praeci
1029 797 1036 810 '
1065 797 1154 856 ettam

68 890 197 1018 parason
211 875 392 938 ammius.
419 879 457 938 V.
488 879 602 938 liusat.
624 879 691 938 Sci.
714 877 785 937 Rer.
809 875 878 937 Ital.
900 876 968 938 T.l
1002 893 1153 962 .p·.279.

91 970 342 1124 suggesseram,
362 1039 413 1124 6.]
435 1035 590 1123 ὑπήντων.
643 1040 691 1102 De
711 1040 879 1123 legionibus
901 1041 1080 1186 impu-atoni
1101 1061 1154 1106 aa·

70 1125 256 1185 mrrentibus
288 1125 351 1184 vid.
374 1124 478 1185 Vales.
511 1124 550 1184 ad
584 1123 688 1186 Amin.
714 1123 852 1185 Marcell.
878 1147 911 1206 p.
925 1145 944 1184 a
970 1147 998 1184 ι.
1032 1134 1096 1185 not.
1129 1135 1157 1186 t.

69 1206 265 1306 Theophanes
293 1207 535 1290 p.219.G.9.=
570 1201 650 1286 πρὸς
683 1203 718 1268 τὸ
749 1199 962 1288 στρατόπεδον
981 1203 1076 1290 ἀπῄει
1097 1201 1158 1288 τῆν

69 1281 175 1369 ἱορτῃν
197 1291 256 1350 aori
285 1281 394 1368 πάσχα
414 1285 475 1351 σῦν
508 1289 616 1360 αὐτοῖς
638 1283 857 1370 ποιησόμενος,
900 1284 987 1351 oidt
1005 1281 1156 1370 ἡγεμόνες

69 1374 119 1432 τοῦ
138 1371 277 1452 στρατοῦ
297 1367 480 1470 ὑπήντησαν
493 1368 580 1457 αὐτῷ
598 1367 678 1448 μετὰ
701 1371 766 1433 τῶν
785 1367 913 1450 βᾶνδων
934 1366 998 1432 αἰιὸ
1020 1364 1079 1433 δύο
1099 1393 1159 1452 ση-

71 1455 163 1532 μείων
183 1454 243 1515 τοῦ
262 1454 485 1534 στρατοπεδον,
507 1457 654 1515 exemtus
669 1455 756 1514 duces
777 1456 880 1514 castret
898 1457 1006 1535 egressi
1024 1455 1069 1516 ad
1082 1475 1157 1540 pas-

72 1559 113 1596 sus
131 1537 176 1596 bis
194 1538 276 1597 mille
290 1537 396 1636 bmdrs
414 1538 534 1598 salmis
551 1552 755 1622 processerant
772 1539 904 1599 obviarn.
942 1537 1025 1599 Nam
1046 1542 1157 1620 σημεῖ-

74 1637 106 1678 ⁰'
123 1619 893 1786 “b‘iillitl'ii‘ilfaliialilssf‘mome...
916 1701 1075 1782 ...aa
1122 1724 1159 1765 m

74 1805 129 1866 quo
149 1785 225 1846 alias
257 1785 368 1846 dieitur
406 1777 521 1868 πόρπη,
557 1777 693 1866 κόρτης,
724 1787 844 1864 cotom,
876 1783 945 1846 aula
971 1785 1021 1845 vel
1055 1806 1073 1845 a
1124 1807 1161 1848 ea

75 1869 229 1930 Anastasio
250 1867 453 1945 Bibliothec,
473 1869 506 1928 la
525 1885 598 1928 costr
626 1877 679 1928 aut
706 1868 738 1928 la
758 1883 872 1942 marte,
894 1869 1059 1928 tentorium
1078 1870 1162 1950 regii

74 1953 294 2094 lmal‘iffdl
293 1971 347 2094 ll
343 1950 528 2096 i·1l.l¹'1..¹i¹¹
551 1949 713 2093 caprea,
764 1949 1159 2096 ⁰²0⁶..l⁰.”'.l'cb’...⁰⁰“'

75 2113 140 2198 476.
154 2119 190 2177 C.
206 2161 216 2192 ,
237 2055 522 2178 (ldnstantin.pi¹it.⁸
538 2053 787 2178 bdsilqoblaccdl
801 2138 832 2200 p.
846 2115 914 2201 147.
930 2117 967 2176 B.
981 2115 1052 2193 ult,
1066 2055 1160 2177 οοῑὶιζΡΣ

75 2208 104 2256 ta
122 2221 153 2281 p.
175 2221 245 2283 ¹²7·
261 2200 317 2277 C.;
338 2199 494 2282 Anonym.
518 2199 592 2259 Ant.
615 2198 685 2280 Cpt.
708 2219 739 2281 p.
759 2198 806 2278 ¹⁴l·
833 2200 875 2260 A.
905 2199 993 2260 etad
1013 2198 1161 2260 Constan-
1287 2209 1292 2218 “

76 2284 126 2342 tin.
147 2282 303 2364 Porpbyr.
324 2281 363 2342 ds
383 2284 527 2344 Themat.
572 2301 649 2342 Λα.
673 2291 703 2342 et
723 2279 891 2342 Vulcanius
910 2280 987 2342 ibid.
1009 2303 1042 2366 p.
1063 2281 1116 2360 64.

130 2366 205 2427 261.
222 2365 261 2425 A.
282 2385 308 2425 1.
327 2363 411 2447 [455
439 2363 503 2448 ιο.]
538 2303 722 2441 Σιοκόμβιν.
764 2363 987 2446 Apocornbium
1007 2365 1162 2447 appellant

79 2447 184 2508 Graeci
207 2447 359 2508 sacculum
381 2451 549 2525 sericeum,
577 2447 630 2529 qui
651 2445 724 2508 doni
750 2450 873 2508 nomine
891 2449 922 2506 in
942 2469 1050 2508 manus
1070 2447 1162 2508 datur

75 2543 123 2591 aut
141 2532 275 2592 mittitur
302 2533 418 2608 amicis,
439 2542 492 2592 aut
519 2531 671 2612 spargitur
689 2531 722 2590 in
739 2529 878 2626 vulgum,
907 2541 960 2590 ant
978 2531 1009 2590 in
1031 2551 1084 2590 ara
1103 2550 1162 2612 pro

77 2614 212 2676 ollranda
244 2613 427 2695 deponitur,
454 2635 525 2676 cum
557 2611 666 2672 insutis
689 2631 821 2672 nummis
841 2613 941 2673 aureis
961 2615 1159 2694 argenteisva.

73 2695 229 2779 Sportulue
248 2696 417 2770 olim,ite1n
437 2697 520 2757 ltccra
541 2695 616 2756 haec
633 2695 714 2755 dona
733 2694 924 2773 dicebantur,
944 2715 978 2756 v.
996 2695 1100 2754 ancs.
1122 2694 1163 2756 ad

74 2781 173 2840 Amin.
199 2777 341 2842 Marcell.
361 2802 393 2863 p.
406 2779 458 2840 28.
503 2777 604 2838 Habes
625 2799 746 2860 quoque
766 2773 895 2856 κομβὼν
916 2779 949 2838 in
969 2776 1059 2838 titulo
1078 2779 1162 2858 capi·

74 2865 109 2924 tis
129 2867 182 2926 55.
204 2861 260 2922 lib.
284 2864 406 2923 semindi
429 2862 525 2922 nostri
546 2861 773 2922 Ceremonialis.
814 2860 981 2942 Appositus
1001 2859 1041 2920 ad
1060 2859 1164 2921 locum

74 2958 211 3006 nostrum
240 2955 285 3006 cst
312 2945 362 3006 ille
383 2944 544 3026 Capitolini
574 2946 605 3004 in
626 2938 783 3005 Maximin.
818 2966 852 3026 p.
868 2942 946 3023 24:
995 2965 1033 3005 ea
1049 2964 1166 3018 semper
1211 2934 1214 2946 ¹

61 3031 125 3107 scut
145 3031 278 3104 astem'a,
298 3042 331 3089 ut
366 3029 473 3089 nulius
494 3049 554 3087 raon
573 3039 685 3086 tanum
702 3029 811 3088 vinute
836 3040 966 3108 tegeret,
996 3027 1052 3087 sed
1069 3029 1164 3087 etiam

69 3115 214 3192 praemio
238 3107 386 3194 [brabeis]
420 3125 448 3172 et
471 3113 559 3170 literis
579 3109 626 3194 [id
648 3121 693 3172 est
714 3112 899 3193 apocombiis
919 3121 950 3172 et
969 3105 1163 3190 maiumadis]

73 3197 115 3254 sui
134 3197 360 3255 anmiasimos
389 3196 534 3255 redderet.
590 3193 805 3254 Successerunt
836 3195 911 3255 baec
932 3193 1110 3274 apocombia
1129 3194 1164 3252 in

72 3273 169 3338 locum
200 3287 345 3338 veterum
375 3277 532 3338 missilium
566 3287 597 3336 et
624 3276 829 3338 consularium
863 3297 1035 3339 munaum.
1085 3274 1165 3334 Nam

75 3381 131 3420 non
153 3359 214 3422 soli
237 3360 436 3442 imperatores
464 3359 640 3442 apooombia
676 3371 728 3420 aut
748 3363 781 3420 in
801 3381 855 3422 ara
882 3359 1094 3442 deponebant,
1110 3365 1165 3418 aut

73 3443 102 3503 in
122 3442 323 3504 Brumalibus
343 3443 448 3505 aliisve
477 3443 558 3504 lestis
577 3441 685 3505 diebus
716 3441 937 3507 distribuebant
956 3445 1036 3501 inter
1056 3455 1164 3520 proce·

74 3545 136 3602 res,
160 3537 221 3588 aut
241 3529 273 3586 in
296 3527 376 3588 circo
406 3527 585 3588 factionibus
613 3525 794 3588 mittebant:
816 3527 869 3589 sed
889 3527 980 3586 etiam
1000 3523 1092 3582 duces
1109 3539 1165 3582 nr·

74 3607 153 3672 bium
175 3605 401 3692 singularium,
429 3611 500 3670 item
521 3609 677 3696 episcopi,
710 3613 742 3670 in
767 3632 821 3671 sna
851 3607 978 3690 quisquc
997 3607 1163 3688 paroecia,

76 3693 189 3756 civibus
211 3693 393 3774 apoeombia
414 3692 657 3767 distribuebant,
679 3715 779 3776 nsque
799 3693 909 3754 licebat
928 3690 1016 3751 alteri
1036 3688 1094 3749 boc
1116 3686 1165 3750 sa-

76 3795 148 3852 cera,
171 3777 239 3838 nisi
260 3779 349 3839 venia
369 3788 423 3836 aut
443 3798 463 3836 a
482 3777 558 3836 duce
577 3777 674 3855 urbis,
696 3787 750 3838 aut
771 3776 974 3858 abepiscopo
993 3774 1165 3853 impetrata.

77 3857 203 3935 insignis
225 3859 258 3917 in
281 3858 360 3919 hanc
379 3881 444 3920 reni
463 3869 507 3919 est
526 3858 610 3920 locus
630 3863 660 3920 in
685 3861 834 3920 Gnomico
855 3856 1053 3938 Neapolitano
1077 3856 1165 3915 loan-

76 3943 118 4000 nis
137 3941 272 4002 Diaconi
294 3963 324 4022 p.
347 3943 440 4005 sos:
491 3943 536 4000 lu's
559 3947 687 4026 paractis
696 3947 779 4023 sicit
800 3943 990 4026 [Gratiosus,
1010 3940 1166 4020 episcopus

76 4019 312 4108 Neapolitanus]
334 4047 398 4085 sitm
419 4023 608 4108 [Pyrrhum,
629 4027 833 4109 patriarcham
851 4020 1024 4102 CPtanum]
1045 4041 1168 4080 mtmero

76 4127 193 4189 erogare
215 4109 250 4168 in
262 4109 377 4192 popedo
394 4121 423 4170 ct
438 4109 607 4172 cunum
626 4113 655 4171 ei
675 4111 752 4194 poni
774 4110 862 4170 nata
880 4105 995 4184 altam,
1020 4106 1169 4166 bonoram
