2975 4892
139 273 198 342 An
224 274 447 346 conemur.
482 277 631 345 rouen.
647 280 703 344 un
731 240 871 346 ciam
898 283 975 346 ιιι.
1004 285 1044 348 ιι.
1076 255 1161 368 695

70 431 133 492 hus
165 433 246 494 inter
264 451 404 514 proceres
437 431 635 513 distribuere,
668 432 770 496 afferri
783 435 931 496 curabant
962 437 995 496 in
1029 435 1163 499 medium

70 514 1163 680 titt*‚wll?’ct'thtthltthtlfflttttti‘ttt
1213 679 1219 687 .

71 681 114 740 rii
123 681 160 740 L.
172 681 214 740 11.
236 679 347 742 dicitur
367 681 502 764 pontifici
516 705 534 744 a
547 681 721 744 Camerario
735 697 910 766 argenteum
930 684 1078 766 scyphum
1090 707 1162 746 cum

71 766 208 824 nummis
228 766 425 844 praesentari.
468 763 562 848 Angli
582 767 613 826 iu
633 765 761 847 hanapis
773 767 939 827 offerebant
958 787 1084 828 munera
1106 790 1163 828 an-

70 867 138 907 nua
159 867 211 908 seu
230 847 345 908 tributa
371 869 437 911 sua.
490 847 548 910 Est
566 859 669 909 autern
696 851 798 934 Ιιαιιαρ
829 849 865 931 (a
884 851 974 935 Nap,
1004 854 1054 910 ein
1074 849 1161 933 Nep)

73 929 195 1007 antid,
216 929 299 1011 quod
319 929 407 992 nohis
426 931 517 994 hodie
534 953 592 994 vox
617 930 690 1011 illa,
714 931 806 1016 Nep,
825 943 921 1005 notat,
949 941 1052 1013 patera
1075 934 1165 1014 paulo

69 1011 277 1094 profundior,
309 1023 363 1074 aut
381 1013 463 1077 idem
483 1015 565 1098 quod
595 1013 735 1096 scyphus.
779 1015 858 1076 Sane
881 1016 1047 1076 Francicus
1067 1018 1163 1076 inter·

69 1115 144 1176 pres
170 1095 255 1156 Petri
283 1095 447 1159 Crescentii
475 1098 514 1159 L.
536 1098 577 1157 V.
616 1099 728 1158 verba:
760 1119 863 1157 amnis
886 1101 995 1182 optrlne
1024 1102 1162 1158 convenit

70 1179 190 1260 scyphis
206 1191 235 1238 et
247 1179 461 1262 paropsidibus
483 1194 512 1240 et
540 1182 684 1240 incisor-iis
694 1181 852 1256 faciendis
867 1183 910 1242 sic
931 1183 1039 1241 vertit:
1059 1215 1099 1228 -
1120 1195 1163 1242 est

71 1263 133 1321 tres
157 1261 212 1321 lon
222 1282 303 1345 pour
311 1265 401 1344 faire
417 1259 867 1405 lampsylscyphoshescuelles
879 1260 1023 1347 [scutula]
1043 1276 1073 1322 et
1079 1266 1161 1346 ipla-

72 1357 187 1419 tecuae,⁰
207 1365 240 1404 ιι.
270 1344 321 1402 Du
341 1345 442 1428 Gange
474 1367 506 1406 v.
565 1367 645 1428 areop
666 1369 699 1405 us
724 1356 756 1406 et
774 1345 969 1407 Irwisorium.
1013 1346 1095 1406 Hinc
1117 1347 1163 1407 fa·

72 1437 160 1486 ctrrm
178 1437 246 1506 est,
279 1435 315 1486 ut
338 1427 518 1489 munuscula
545 1367 682 1490 scutellis
708 1427 880 1488 dicerentur
900 1451 935 1489 ex
957 1449 1005 1500 eo,
1025 1429 1107 1510 quod
1128 1432 1162 1492 in

70 1507 206 1570 scutellis
239 1510 482 1592 porrigerentur,
507 1508 765 1592 quemadmodum
790 1509 943 1592 sportulae
976 1510 1049 1571 olim
1077 1511 1161 1572 dice-

69 1592 189 1662 bantur
208 1613 228 1652 a
253 1591 420 1673 sportellis,
443 1597 487 1666 ,in
509 1593 620 1674 quibus
653 1591 869 1653 offerebantur.
918 1593 1096 1660 Anastasius
1128 1597 1162 1654 in

71 1673 232 1737 Bonisacio
254 1674 315 1748 ll‚.:
338 1678 386 1736 tic
404 1677 585 1761 preshyteris
612 1677 750 1736 scutellas
762 1675 801 1734 de
822 1675 937 1759 adeptis
955 1677 1164 1736 hereddatibue

70 1740 192 1832 obtulit,
203 1757 243 1900 sid
261 1767 306 1818 est
317 1753 477 1840 ἀπαρχὰς,
501 1756 684 1842 particulas,
706 1768 811 1840 gustus
831 1757 1072 1834 haereditatum,
1088 1781 1164 1840 quas

72 1851 183 1902 nactus
215 1851 312 1901 uerat.

159 1924 194 1984 C.
207 1944 240 2005 9.
265 1920 350 2001 [585‚
367 1918 430 2003 nn]
458 1915 644 2003 μεσοκὴπιν.
685 1921 807 1982 Medius
826 1922 934 1984 honus
954 1923 1022 1982 ideo
1043 1923 1166 2000 dicitur,

72 2005 159 2088 quod
181 2006 213 2079 in
234 2007 299 2086 ipso
320 2003 434 2086 palatio
453 2003 637 2088 interceptus
672 2015 702 2066 et
721 2009 882 2066 structuris
907 2004 1043 2088 undique
1064 2018 1166 2088 septus

72 2097 174 2164 esset,
195 2097 231 2148 nt
251 2089 314 2148 eius
336 2087 414 2148 nihil
433 2089 565 2170 conspici
586 2099 697 2170 posset.

160 2171 197 2232 C.
220 2191 291 2252 pen.
316 2169 401 2252 [586,
417 2167 467 2252 2.]
488 2165 618 2249 ydiota.
663 2171 870 2233 Recensentur
889 2169 940 2232 hic
961 2170 1076 2254 aliquot
1097 2192 1165 2252 spe·

72 2257 138 2316 cies
159 2254 333 2316 olfactoriae
363 2263 393 2314 et
419 2254 657 2334 unguentariae,
680 2275 758 2336 quas
776 2258 855 2316 inter
880 2247 998 2334 ydiota
1031 2267 1075 2315 est
1107 2276 1165 2314 vor

72 2351 211 2415 Arabica
228 2338 324 2421 ‘ttae-lla
344 2351 392 2412 Ut
412 2349 504 2420 hodie
525 2363 673 2434 gestamus
694 2353 852 2414 nobiscum
872 2354 995 2436 pyxides
1015 2353 1113 2416 tahaci
1134 2357 1167 2412 in

70 2435 234 2519 pulverem
258 2436 454 2512 comminuti,
476 2438 518 2496 ita
538 2436 611 2496 olim
631 2457 694 2496 non
714 2439 747 2496 iu
768 2436 883 2496 oriente
902 2447 1042 2511 tantum,
1065 2436 1117 2496 sed
1137 2446 1167 2496 et

73 2523 110 2580 in
132 2517 291 2580 occidente
308 2517 432 2602 pyxides
452 2519 616 2580 odoriferas
628 2539 729 2578 secum
751 2519 899 2580 ferebant.
923 2519 1069 2602 Agnellus
1081 2517 1167 2578 Pon-

71 2601 151 2664 tific.
174 2601 313 2662 Ravenn.
333 2622 365 2682 p.
387 2599 455 2663 155.
477 2601 648 2662 describens
664 2619 807 2682 magnum
828 2599 962 2678 luctum,
979 2604 1169 2685 proieceramt

72 2708 95 2745 α
123 2707 154 2746 se
168 2697 321 2744 rrmtrorrae
342 2685 470 2756 inaures,
486 2686 546 2760 ait,
567 2697 596 2745 et
616 2685 739 2744 mutilos
750 2697 779 2743 et
794 2683 950 2742 dextralia
974 2697 1004 2744 et
1060 2684 1162 2742 reselr'·

71 2770 134 2830 das
152 2781 182 2828 et
194 2769 319 2827 urom'lr'a
334 2779 363 2826 et
392 2767 549 2844 olfizcton'a
583 2781 613 2826 et
633 2789 702 2826 acris
723 2778 753 2825 et
777 2767 895 2849 specula
918 2777 977 2825 etc.
1046 2764 1166 2824 olandi-

72 2871 138 2912 nus
158 2849 323 2910 Patavinus
342 2848 373 2908 in
406 2848 556 2910 Chronico
587 2849 626 2908 L.
652 2851 676 2908 1.
698 2869 724 2908 c.
744 2869 788 2908 ιο.
809 2859 955 2908 memorat
982 2849 1062 2908 inter
1093 2847 1163 2918 alja,

72 2933 192 3016 quihus
211 2933 499 2993 easmankonestatts
522 2935 563 2992 sic
587 2931 702 2992 dictum
722 2933 886 3012 expugnari
906 2929 979 2993 alim
999 2930 1166 3004 consuevit,

73 3019 172 3078 etiam
200 3018 326 3076 iactatas
354 3016 503 3098 asnpnllas
530 3014 670 3074 balsami.
721 3015 791 3074 Vox
812 3007 960 3074 oiadvdic
980 3022 1079 3094 posset
1099 3014 1169 3093 qui-

73 3101 150 3160 dem
173 3099 211 3158 de
230 3097 283 3158 illo
301 3099 364 3157 vini
385 3115 493 3179 genere
512 3099 610 3171 sumi,
634 3095 717 3178 quod
740 3097 840 3156 medio
860 3115 935 3156 aevo
954 3096 1095 3155 clar-etum
1112 3117 1166 3176 ap-

73 3181 245 3264 pellabant.
286 3179 321 3240 ld
341 3183 421 3240 enim
452 3191 521 3262 post
541 3179 645 3261 epulas
676 3190 705 3240 ot
727 3180 890 3240 secundam
909 3177 1054 3238 lotionem
1075 3177 1167 3236 fuisse

73 3269 160 3326 inter
181 3263 293 3346 species
312 3283 363 3323 seu
384 3261 483 3324 dulcia
496 3265 710 3338 ministratum,
732 3273 854 3345 apparet
875 3283 909 3322 ex
931 3261 1168 3322 Ordincllnma·

73 3371 122 3410 no
143 3349 282 3429 Gregorii
300 3345 342 3406 X.
361 3351 390 3422 §.
419 3344 479 3426 14„
510 3344 590 3406 malo
615 3355 717 3405 tamen
745 3346 784 3406 de
814 3342 1012 3408 odoramento
1030 3353 1083 3401 aut
1109 3363 1168 3401 un-

75 3441 194 3514 guento
217 3431 368 3512 accipere,
390 3449 485 3510 quum
504 3428 638 3490 eiusdem
665 3430 783 3514 generis
809 3429 894 3506 sint,
930 3445 1007 3508 quae
1028 3425 1167 3508 deinceps

77 3523 303 3576 memorantur.
334 3511 404 3572 Vid.
426 3512 464 3573 ad
485 3534 517 3595 p.
535 3511 607 3594 269.
620 3511 655 3571 C.
672 3511 703 3571 6.

156 3597 206 3670 Ι1).
224 3615 249 3663 ι.
269 3593 354 3680 [586,
371 3592 415 3677 5.]
438 3587 634 3678 ἀνογλύφων.
677 3593 824 3654 ltaestlo
847 3590 1082 3662 mernhrauis‚et
1100 3587 1164 3650 l.a.

75 3670 304 3762 χειρομάιπων
334 3697 391 3760 pro
422 3673 613 3758 ἄναγλύφων
641 3687 671 3737 et
700 3668 956 3761 χειρομάκτροινς
989 3674 1053 3732 vid.
1076 3673 1165 3754 adp.

77 3763 157 3846 267.
174 3763 207 3823 B.
221 3759 250 3823 6.
270 3761 320 3822 Sic
340 3755 505 3836 α’νυμένειν
533 3759 638 3820 dicunt
666 3759 804 3820 hodierni
832 3779 887 3839 pro
909 3754 1088 3832 ἀναμένειν.
1111 3755 1169 3838 [At

78 3866 179 3928 qnare
191 3855 255 3904 toto
266 3843 346 3905 libro
358 3843 434 3902 nihil
445 3843 483 3902 de
496 3845 606 3903 cameis
618 3864 670 3904 seu
684 3844 807 3924 gemmis
821 3839 998 3921 anaglyphis
1019 3841 1170 3898 cavatisve

78 3932 298 3988 memoratur?
321 3925 431 4004 Credo,
444 3927 515 4008 quie
538 3922 622 3985 rudis
643 3922 696 3986 illa
714 3926 864 3985 bonarum
878 3926 987 3983 artium
1008 3933 1090 3981 aetas
1110 3941 1173 3980 non

79 4010 281 4087 aestimabat,
304 4009 417 4068 nedum
433 4009 543 4068 faceret
565 4019 627 4068 tam
640 4007 758 4068 subtilis
778 4017 809 4066 et
829 4008 934 4067 ductae
947 4027 1054 4064 manns
1068 4023 1172 4084 opera.

82 4096 177 4154 Iuvat
196 4093 253 4154 hac
274 4095 430 4155 occasione
450 4111 556 4152 vocem
576 4111 679 4152 camec
699 4088 868 4172 explicare,
888 4089 927 4149 de
947 4091 1033 4148 cuius
1052 4098 1173 4168 etymo-

82 4176 164 4260 logia
186 4177 276 4238 video
297 4175 469 4258 disceptari.
512 4174 569 4239 Est
589 4175 722 4249 Graeca,
745 4194 809 4234 non
830 4171 963 4234 Arabica
983 4191 1052 4231 vox.
1095 4159 1171 4230 Pos-
1287 4201 1314 4220 .-
