2975 4892
158 333 219 400 so
247 331 469 402 cosmam.
500 333 647 402 rosen.
675 298 731 400 or
756 333 894 402 cantu
920 337 996 404 ua
1023 339 1051 399 ι.
1085 302 1167 394 ι85

85 499 226 555 meteres
254 489 287 550 in
310 485 405 550 deseri
450 509 508 549 one
533 486 654 549 oolobil.
696 485 833 566 Quidam
859 489 919 572 ipsi
942 490 1074 550 maniosa
1097 509 1169 570 per·

85 572 195 634 breves
212 572 370 646 tribuunt,
426 573 444 588 ’'
460 571 568 633 nullas.
591 571 695 654 Neque
707 582 826 634 oenum
842 583 888 634 est
902 571 942 633 de
951 571 1017 633 eins
1026 571 1124 634 forma
1138 587 1171 636 et

85 654 297 738 longitudine,
328 655 458 716 farerime
487 665 644 736 pertusum
673 655 706 716 in
732 657 856 738 regiona
882 654 1100 734 humerorum,
1129 679 1170 726 an

15 753 16 764 ¹
89 739 235 798 solidum.
277 738 405 820 Ugutio,
428 739 581 814 colobium,
604 739 660 816 ait,
677 739 807 822 pollion
824 739 992 818 virginale,
1026 739 1072 799 nd
1095 741 1171 804 trior

87 821 266 883 descendens
284 822 390 906 nhsqroe
409 823 545 882 mantcu.
579 821 613 886 si
635 819 766 884 solidum
786 821 846 882 snit
864 823 898 882 in
923 822 1046 904 regione
1064 821 1172 886 hume·

86 923 214 984 mmm,
243 914 273 966 et
295 905 440 986 potinuit
459 903 498 966 ad
518 902 609 979 talos,
643 902 723 966 idem
852 903 911 965 erit
931 913 1024 987 atque
1044 907 1172 988 mapho-

15 1025 17 1052 ο
85 986 188 1065 rium,
213 985 264 1048 vel
283 987 509 1070 omophorium,
533 985 583 1049 vel
606 986 728 1066 clonca,
751 924 942 1049 ⁴idomenus.
984 987 1070 1048 idem
1089 989 1171 1051 enim

87 1072 192 1130 omnia
209 1072 268 1130 ista
286 1081 368 1132 sunt.
410 1069 443 1131 Si
464 1089 538 1132 vero
556 1067 686 1132 solidum
706 1067 829 1154 quidem
851 1071 909 1132 fuit
927 1071 960 1130 in
981 1071 1172 1154 regiouehn·

86 1171 260 1227 merorum,
290 1163 322 1213 at
350 1152 559 1215 tantummodo
587 1153 626 1216 ad
651 1153 788 1216 cubitum
807 1153 971 1236 pertinuit,
1007 1153 1066 1215 erit
1083 1155 1171 1229 ,idem

85 1245 177 1316 atque
206 1235 334 1318 epomis.
376 1235 409 1299 si
434 1247 589 1320 ρει-[αρσια
609 1237 666 1299 lirit
694 1247 726 1300 et
744 1237 891 1322 pertinuit
918 1235 958 1296 ad
984 1235 1083 1297 media
1107 1237 1172 1299 iem

85 1317 220 1395 femora,
256 1322 315 1382 erit
342 1318 422 1380 idern
443 1335 533 1402 atque
554 1319 752 1398 armelausia,
784 1319 835 1384 rel
856 1319 1001 1380 sdavmm
1042 1317 1103 1380 Sed
1123 1323 1171 1383 vi·

88 1399 175 1461 detur
194 1401 291 1462 risisse
310 1399 446 1482 chlanis,
469 1401 519 1466 rel
537 1397 638 1482 χιτιὶν
658 1403 780 1479 talaris,
801 1404 905 1466 stricte
924 1403 1044 1485 oorpori
1064 1401 1172 1468 adhue

89 1503 174 1563 rens,
206 1483 326 1568 absque
346 1489 493 1566 manicis,
527 1485 575 1547 vel
599 1483 699 1548 saltim
719 1490 770 1548 rix
789 1486 829 1548 ad
855 1486 989 1548 medium
1008 1484 1172 1550 humerum

87 1566 342 1646 procedentibus,
365 1589 435 1630 cum
455 1569 653 1634 foraminibus
673 1579 787 1644 tamen,
809 1589 865 1651 per
982 1567 1101 1630 humeri
1118 1591 1171 1630 ea·

88 1660 272 1712 numius.
315 1645 348 1712 si
367 1649 480 1714 iudices
500 1652 665 1715 seeundum
685 1653 823 1715 Nicetam
842 1652 877 1714 in
945 1670 1044 1712 emur.
1070 1651 1172 1714 ottho

88 1731 177 1794 doxae
206 1732 283 1793 fidei
312 1755 339 1794 e.
363 1735 414 1818 59.
444 1745 474 1796 et
502 1747 656 1798 auctorem
684 1735 723 1796 de
754 1736 847 1797 initiis
865 1733 1035 1796 haeresium
1054 1754 1083 1796 c.
1107 1735 1172 1812 15„

88 1814 165 1875 idem
198 1816 263 1876 erit
290 1816 434 1878 colobium
461 1830 551 1902 atque
580 1819 757 1880 munna.
799 1817 894 1900 Atqui
917 1813 1077 1880 dalmatius
1108 1828 1175 1878 erat

89 1893 174 1980 longa
194 1900 296 1959 vastis
316 1897 428 1962 talaris.
472 1901 586 1964 Rursus
603 1903 721 1964 verosi
744 1901 859 2000 iudices
877 1898 1043 1962 semndum
1053 1898 1175 1981 Symeo-

87 1997 166 2126 ἱῗ-’ὲ
179 1979 1175 2148 bstisssszfitfflhltsslegtilb&turisindi

87 2157 174 2228 etque
190 2139 308 2224 αἰετὸς,
327 2169 419 2230 genus
432 2149 554 2232 aliquod
569 2149 736 2234 chlamydis
756 2150 940 2212 levissimum
957 2159 989 2210 et
1007 2159 1099 2208 vento
1110 2169 1174 2230 per

87 2233 224 2290 missum.
269 2232 391 2294 Genesii
408 2232 502 2294 verba
519 2244 608 2296 nant:
651 2227 868 2296 ἐκδιδάσκεται
886 2227 946 2313 τὴν
966 2229 1048 2293 ἐσθ’
1067 2253 1106 2309 α,
1133 2227 1174 2312 ἢν

89 2310 281 2392 ἐπεβέβλητο
297 2311 335 2373 ὲν
356 2311 431 2377 doni
447 2313 622 2398 ῥοδοοιδέσο
638 2321 767 2398 χροιαῖς
790 2312 997 2392 incisurae,
1022 2251 1173 2395 dissid·

86 2394 151 2472 βων
169 2393 213 2477 τῇ
238 2391 382 2480 ἐγχωρίῳ
407 2390 497 2480 ῥήσει
516 2393 809 2480 προσονομάζουσι,
835 2391 892 2459 καὶ
913 2389 1029 2476 ταύτην
1054 2391 1174 2474 deerni-

87 2497 138 2556 np
159 2476 332 2556 ζωστῆρος
350 2474 429 2540 κατὰ
449 2475 484 2541 ri
507 2477 640 2546 ἔκπαλαι
659 2479 798 2562 σηρηθὲν
817 2475 893 2552 ἔθος
911 2484 977 2552 τοῖς
996 2472 1174 2560 στρατηλά-

87 2579 162 2630 ταις.
190 2561 375 2622 canianum
400 2563 424 2623 si
447 2564 569 2640 audias,
601 2563 755 2627 colobium
779 2585 797 2625 u
818 2562 941 2644 reliquis
967 2561 1078 2622 tunicis
1096 2557 1176 2620 nihil

86 2640 269 2724 differebat,
301 2645 359 2706 nisi
380 2645 412 2706 in
432 2667 485 2723 eo,
508 2649 613 2730 qnod,
647 2668 717 2708 cum
738 2647 873 2706 mairinac
892 2646 1086 2720 tunicarum,
1113 2663 1176 2726 quo

83 2729 210 2807 propios
232 2727 275 2786 ad
296 2747 405 2790 manus
424 2729 618 2808 acoederent,
640 2751 677 2791 eo
691 2729 854 2790 strictiores
865 2727 1014 2788 haberem
1028 2727 1173 2802 manicas,

83 2809 146 2888 ipss
169 2809 298 2872 oolobia
319 2814 451 2873 manicas
470 2812 624 2874 habebant
643 2833 699 2897 per
718 2813 822 2874 omnia
842 2830 938 2892 aeque
957 2807 1090 2890 amplas,
1112 2829 1175 2869 non

84 2901 185 2952 tamen
221 2891 325 2953 multo
352 2894 505 2956 breviores
524 2898 650 2958 manicis
676 2897 867 2971 tunicarum,
892 2891 946 2955 sed
967 2891 1030 2952 iere
1048 2892 1088 2952 od
1106 2913 1175 2952 esr-

81 2995 134 3054 pos
155 2995 318 3036 manuum
415 2981 560 3060 ugentes.
602 2979 705 3040 Verba
731 2979 795 3039 eius
823 2988 895 3038 sunt
921 2977 960 3036 de
978 2974 1086 3035 habitu
1107 2996 1175 3035 mo·

82 3058 258 3120 pachorum
279 3081 309 3118 c.
330 2988 551 3122 ἕξωθοίοὸὶιζο
568 3083 682 3147 quoque
701 3063 787 3122 lineis
805 3061 919 3135 ἰαιίιαί,
950 3080 1027 3143 ροσε
1047 3061 1106 3118 vir
1132 3056 1179 3118 nd

80 3142 250 3202 αιόἄοηιηι
271 3144 335 3202 ima
351 3146 521 3226 pertbrgrmt
539 3145 633 3205 medas
655 3144 693 3204 de
713 3146 826 3229 relripuo
839 3164 942 3204 mames
955 3143 1174 3219 eiramrsenuu.

80 3223 149 3285 Ima
161 3225 336 3321 αῶιῖοησα
350 3227 456 3308 procul
477 3227 571 3288 dubio
590 3237 661 3288 sunt
681 3230 894 3288 commissurae
904 3223 1000 3321 cubiti
1020 3243 1091 3282 curn
1111 3243 1178 3280 ms-

79 3303 1181 3474 hethbruttii,lssrffiitgttssffssittlzl‘ffiitisst

80 3493 152 3534 rur.
196 3473 261 3534 Est
282 3474 366 3534 enirn
391 3475 494 3556 χειρίς
519 3477 641 3558 proprie
663 3473 715 3536 illa
735 3475 872 3535 manicae
890 3493 982 3556 pars,
1012 3490 1091 3552 quae
1110 3489 1179 3530 eam

79 3575 148 3636 pum
170 3567 264 3618 arcte
284 3557 409 3639 stringit
430 3571 460 3620 et
478 3558 584 3619 ambit.
627 3557 703 3634 Sed,
738 3569 773 3618 ut
793 3555 873 3636 dixi,
903 3553 1056 3616 colobium
1085 3551 1179 3614 variis

80 3639 276 3720 temporibus
301 3638 392 3720 longe
416 3641 605 3704 diversarum
632 3643 764 3704 vestium
794 3639 852 3700 fuit
871 3637 1044 3721 appellatio.
1086 3635 1180 3713 Quod

80 3721 119 3781 ira
146 3723 297 3804 oontigit.
343 3721 503 3786 Colobium
528 3736 665 3787 veterum
692 3721 912 3785 monachorum
939 3732 970 3783 et
989 3719 1180 3782 sscodotum

79 3815 142 3864 erat
162 3827 281 3866 revera
306 3805 350 3882 id,
378 3807 460 3888 quod
485 3829 595 3870 nomen
616 3807 702 3881 vult,
736 3829 806 3868 nem
865 3807 956 3866 vestis
978 3805 1104 3887 manicis
1125 3810 1180 3862 aut

81 3905 209 3966 prorsus
231 3885 348 3963 nullis,
384 3901 438 3950 aut
457 3891 547 3952 valde
566 3889 730 3967 brevibus,
761 3901 792 3951 et
833 3909 905 3950 reve
923 3907 1046 3970 quoque
1065 3887 1176 3966 ipsum.

79 3969 202 4032 Deinde
225 3993 326 4053 quum
348 3971 492 4034 indecens
510 3985 669 4056 putaretur
689 3977 769 4034 inter
788 3993 873 4034 saera
893 3969 1062 4054 pungenda
1081 3967 1180 4028 nudos

82 4050 233 4116 humeros
255 4055 449 4116 sacerdotum
469 4059 621 4138 conspici,
644 4067 795 4118 mutatum
810 4055 934 4138 quidem
948 4053 1007 4114 suit
1025 4050 1179 4112 colobium

82 4135 112 4195 in
130 4137 359 4215 dalmatiam,
380 4159 490 4202 nomen
510 4151 612 4202 tamen
633 4141 689 4288 ipsi
711 4139 833 4200 mansit.
876 4138 964 4199 Patet
983 4157 1019 4196 ea
1040 4133 1316 4214 Honoriolide

655 4245 672 4289 e

85 4217 365 4304 Augustodunensi
384 4223 423 4287 L.
443 4223 468 4290 l·
490 4245 518 4288 e.
534 4243 607 4290 211.
691 4221 826 4287 vestibus
838 4219 1013 4290 Pontificisz
1037 4217 1181 4280 colobium
