2975 4892
353 294 410 397 34
564 312 1207 385 ro.1ac.nu1suucouuuu'rtun

354 498 404 537 ma
424 459 505 560 apuu
523 475 672 547 murator.
692 473 732 533 r.
757 472 800 534 11.
821 470 894 531 ans
939 470 973 529 u.
996 466 1069 530 rat.
1092 466 1222 552 psas,
1240 465 1294 528 ubl
1317 470 1452 552 egregia

353 561 392 620 de
409 558 456 619 his
480 557 559 618 ludis
578 558 691 633 tradit,
720 566 752 616 et
770 554 871 615 locum
894 490 1057 635 Airgustini
1078 572 1198 633 qnoque
1217 550 1359 629 exhibet,
1380 554 1452 635 qui

352 641 532 703 illustrando
563 640 750 722 Procopiano
783 637 918 719 superius
945 635 1037 695 allato
1063 638 1179 716 egregie
1210 632 1292 694 facit.
1337 638 1453 719 Quian

353 727 437 810 apud
448 726 622 785 Caesaream
634 722 852 795 Mauritaniae,
880 720 942 797 ait,
1002 718 1077 803 pulo
1087 718 1286 777 dissuaderem
1301 739 1455 801 pugnam

352 811 490 884 civilem,
518 809 569 868 vel
581 808 679 892 potins
693 806 763 890 plus
781 824 870 888 qnam
888 802 1024 879 civilem,
1048 822 1138 886 qnam
1163 800 1321 863 Catervam
1343 823 1453 863 voca·-

352 892 438 966 bant,
475 913 567 975 neque
591 892 669 949 enim
693 890 772 948 cives
799 886 1014 959 ammodo,
1053 884 1108 944 sed
1135 886 1224 943 enam
1252 886 1422 981 propinqui
1429 928 1451 960 ,

339 976 481 1053 fratres,
504 988 651 1057 postremo
670 984 808 1057 parentes
832 990 869 1028 ac
879 968 953 1054 filii
976 967 1125 1051 lapisdibus
1149 968 1226 1027 inter
1247 988 1279 1026 se
1303 988 1334 1027 nr
1360 968 1454 1028 ditas

347 1072 450 1140 partes
471 1058 565 1116 divisi
582 1078 641 1140 per
663 1056 776 1140 altipnot
796 1053 860 1113 dies
884 1052 1033 1111 continuos
1057 1064 1136 1110 certo
1156 1052 1231 1111 anisi
1247 1064 1377 1133 tempore
1397 1072 1454 1110 so-

350 1142 487 1200 lemniter
508 1140 698 1199 dzmmabant.
741 1137 791 1219 Ap
828 1135 882 1195 llat
907 1134 957 1195 hic
979 1132 1168 1215 Augustinus
1183 1143 1281 1216 partes
1302 1131 1368 1192 illas
1386 1154 1456 1214 pu-

352 1234 477 1305 gnantes
496 1236 642 1282 cateiam.
664 1264 668 1268 ,
685 1221 769 1295 Quid
813 1240 848 1279 oc
869 1216 973 1295 aliud,
1005 1238 1098 1299 quam
1118 1210 1239 1296 δήμους
1263 1214 1453 1299 appellare?

217 1306 474 1366 EsthrrGraecis
500 1317 545 1366 est
571 1304 670 1384 δῆμος
700 1299 839 1383 ὀρνίθων
863 1299 991 1382 populus
1018 1300 1140 1375 avium,
1173 1309 1294 1361 caterua
1319 1300 1447 1360 avium.

352 1388 547 1450 Conveniunt
557 1387 654 1448 ltalici
665 1408 763 1447 mores
774 1406 844 1445 cum
853 1384 978 1445 Graecis
987 1382 1018 1443 in
1026 1382 1126 1442 studio
1134 1383 1266 1464 partium
1277 1392 1309 1443 et
1317 1382 1461 1443 cancer-³

351 1470 473 1531 batione
497 1473 667 1531 animorum
689 1470 780 1529 unius
804 1468 896 1549 pertis
921 1486 992 1548 erga
1019 1464 1167 1543 alteram,
1199 1464 1232 1527 in
1252 1486 1359 1549 genere
1378 1488 1447 1547 pu-

352 1576 428 1638 gnae
445 1554 636 1615 differebant.
680 1552 774 1635 Apud
791 1550 882 1611 Italos
902 1559 984 1608 totae
998 1568 1092 1629 paene
1111 1548 1258 1629 civitates,
1281 1548 1365 1631 pueri
1391 1570 1448 1608 se-

351 1658 476 1719 nesque,
502 1635 787 1711 committebantur,
809 1644 839 1693 et
850 1631 997 1711 rudibus,
1020 1650 1074 1691 seu
1093 1630 1228 1711 baculis,
1249 1632 1323 1691 ads
1360 1632 1445 1692 ciem

351 1718 480 1796 ludicri,
502 1721 656 1801 sedsaepe
675 1736 738 1778 non
754 1718 818 1778 sine
831 1713 989 1794 caedibus,
1011 1712 1213 1795 pugnabant¹
1240 1714 1311 1796 Apu
1347 1716 1447 1775 Grae-

251 1873 256 1893 ,
351 1824 402 1862 cos
416 1802 571 1863 certabant
583 1803 667 1884 equis
686 1801 873 1883 potissimum
891 1798 1062 1858 commissae
1074 1796 1448 1895 quad1·igne,ninterdum

351 1906 587 2049 tttttttt
612 1885 1148 2047 tttttst‘tttttttttt'
1163 1901 1448 2043 ditantia]

350 2049 585 2133 plaudentibus,
615 2049 744 2108 clamore
769 2048 874 2108 insano
897 2046 1030 2107 savorem
1050 2056 1104 2105 aut
1119 2046 1331 2107 contumeliam
1348 2048 1445 2129 signi-

258 2128 262 2135 ’
350 2133 530 2212 ficantibus,
562 2133 633 2191 item
674 2130 793 2191 recibus
815 2152 851 2191 ea
870 2128 921 2189 ab*
931 2131 1135 2212 Imperatore,
1163 2151 1241 2211 quae
1259 2130 1315 2190 sibi
1333 2130 1444 2193 indul-

352 2216 415 2298 geri
442 2216 606 2297 eriperent,
639 2153 862 2295 lldgitantibus,
897 2232 1026 2295 eumque
1056 2223 1109 2272 aut
1132 2212 1346 2290 laudantibus,
1384 2226 1447 2275 aut

352 2297 467 2358 acerbis
489 2319 576 2380 saepe
595 2298 733 2357 convitiis
752 2296 941 2380 impudenter
960 2294 1231 2377 proscindentibus.
1273 2296 1366 2379 Apud
1380 2298 1445 2359 Ita·

352 2379 398 2440 los
419 2401 540 2463 quoque
560 2380 650 2440 credo
679 2391 777 2461 partes
797 2402 850 2439 seu
879 2389 1014 2438 catervas
1033 2377 1150 2439 diverso
1172 2398 1234 2441 sese
1257 2380 1368 2441 vestitu
1389 2382 1445 2440 di-

353 2464 508 2539 stinxisse,
535 2464 625 2545 idque
647 2462 823 2545 intelligitur
843 2484 860 2522 e
879 2460 1041 2523 Rolandini
1065 2460 1203 2522 Patavini
1225 2462 1375 2523 Chronico
1400 2466 1442 2525 L.

351 2546 379 2605 Ι.
402 2568 431 2606 c.
457 2568 505 2607 ro.
529 2546 611 2628 quod
635 2546 737 2613 laabim
752 2548 895 2626 snetzan,
929 2546 993 2621 ait,
1031 2546 1063 2604 in
1084 2558 1175 2629 prato
1198 2546 1311 2622 vallz's,
1348 2544 1445 2630 [alias

291 2648 295 2656 ·
346 2643 438 2713 prato
464 2629 631 2689 &manans
658 2627 786 2711 dicto‚]
813 2643 842 2688 et
864 2650 964 2689 omnes
987 2640 1136 2689 contratae
1163 2626 1300 2711 [δῆμοι,
1339 2640 1443 2689 cater-

350 2710 423 2793 vae]
450 2713 488 2771 de
511 2713 643 2786 Padna,
679 2713 811 2793 singadae
836 2711 977 2771 viclelicet
1000 2710 1044 2770 ad
1071 2732 1161 2771 unum
1177 2724 1206 2770 et
1224 2713 1304 2771 rilem
1322 2714 1445 2793 signnm

350 2797 584 2855 oenmzentorum
601 2794 720 2936 1kanna
738 2806 830 2855 stessa
843 2793 938 2856 divisa
959 2794 1079 2875 exponit
1100 2796 1307 2871 Muratorius,
1335 2795 1366 2854 id
1394 2808 1447 2857 est

349 2894 414 2934 nna
437 2887 557 2937 caterva
583 2898 600 2935 a
661 2920 670 2953 ,
697 2875 756 2936 alia
781 2876 899 2954 rubra,
926 2875 984 2935 alia
1006 2878 1146 2957 prasina,
1174 2876 1233 2936 alia
1257 2875 1380 2959 veneta]
1411 2902 1447 2940 se

350 2960 437 3017 nonis
455 2960 578 3018 vestibus
603 2962 794 3021 innmrarant.
836 2958 882 3019 Et
896 2972 963 3019 aare
977 2960 1009 3018 in
1024 2960 1179 3043 praedicto
1198 2961 1262 3020 loco
1281 2960 1319 3020 de
1332 2975 1443 3044 prato,

251 3101 253 3105 ,
350 3040 488 3100 dondnae
508 3061 573 3099 enm
597 3041 757 3116 militibus,
782 3040 829 3125 [id
840 3052 885 3102 est
896 3052 1052 3102 matronae
1073 3042 1181 3103 summi
1195 3041 1253 3102 loci
1267 3064 1337 3102 curn
1349 3046 1446 3125 equi-

350 3121 448 3205 tibus]
475 3144 540 3181 enm
560 3124 703 3202 nobilibus
719 3124 896 3209 populares,
923 3148 1004 3185 senes
1028 3146 1092 3184 cam
1113 3126 1274 3186 iunioribus
1280 3170 1290 3202 ,
1319 3128 1351 3185 in
1369 3148 1446 3187 ma-

348 3208 416 3285 gnis
437 3206 550 3265 solatiis
580 3205 628 3289 [id
658 3216 702 3264 est
722 3206 854 3290 gaudiis]
879 3209 1033 3267 ext'stentes
1053 3208 1085 3267 in
1104 3210 1188 3287 ficto
1202 3209 1388 3269 Pentecostes
1414 3225 1450 3271 et

349 3301 419 3348 ante
432 3302 462 3348 et
475 3292 545 3373 post
556 3310 616 3372 per
628 3288 729 3372 plastes
751 3290 814 3349 dies
833 3304 981 3351 cantantes
997 3304 1025 3350 et
1039 3290 1198 3374 psallentes
1215 3304 1328 3352 tantam
1346 3306 1461 3357 osten-l

349 3370 459 3431 debant
480 3373 636 3431 laetitiam.
679 3370 807 3431 Obtinet
827 3371 876 3433 ille
898 3394 962 3433 mos
983 3374 1015 3432 in
1038 3383 1124 3453 prata
1144 3373 1356 3443 Communium
1369 3388 1461 3455 post¹

349 3451 460 3512 festum
482 3454 671 3515 Pentecostes
695 3454 913 3532 conveniendi,
941 3466 972 3516 et
994 3455 1149 3534 saltand0,
1174 3456 1327 3539 potando,
1352 3458 1461 3518 iacu-¹

349 3530 448 3595 landis
479 3537 613 3617 sagittis,
639 3536 832 3619 explodendis
859 3537 996 3621 sclopetis
1025 3556 1088 3598 sese
1111 3540 1289 3620 exercendi,
1326 3544 1448 3603 nostris

349 3615 382 3674 in
404 3616 532 3677 urbibus
552 3630 583 3679 et
603 3640 698 3720 pagps.
740 3621 842 3681 Simile
861 3622 934 3703 quid
954 3620 1082 3682 catervis
1100 3620 1148 3682 his
1164 3622 1236 3683 olim
1256 3634 1343 3683 erant
1355 3626 1447 3704 apud

277 3766 282 3775 ,
350 3696 551 3763 Athenienses
586 3722 615 3762 οι
646 3704 773 3783 conflat.
817 3704 895 3768 Nam
920 3714 954 3763 ut
986 3715 1123 3765 catervae
1153 3704 1211 3765 hae
1236 3707 1268 3765 in
1294 3706 1447 3770 omnihus

331 3788 509 3859 Ιπομπαῖς,
536 3784 775 3866 processionibus
800 3786 1004 3865 solemnibus,
1031 3809 1100 3848 cum
1115 3789 1205 3849 sacris
1218 3790 1257 3849 ad
1279 3789 1445 3869 ecclesias,

348 3872 415 3924 tum
444 3866 578 3946 profanis
603 3869 634 3927 in
661 3869 795 3948 circum,
823 3869 924 3931 adesse
951 3868 1121 3951 debebant,
1150 3882 1180 3931 et
1213 3872 1447 3954 quodammodo

347 3948 537 4009 securitatem
558 3954 709 4033 praestare
728 3952 958 4034 procedentibus
979 3954 1124 4014 adversus
1144 3956 1351 4015 concurrentis
1370 3955 1445 4038 ple-

347 4026 472 4092 beculae
494 4034 557 4093 vim
582 4046 612 4095 et
635 4034 845 4113 insolentiam
870 4056 942 4097 nam
966 4039 1056 4099 scutis
1078 4048 1210 4098 armatae
1231 4049 1319 4099 erant
1336 4049 1366 4098 et
1378 4032 1461 4103 tra-f

346 4112 419 4189 stis,
445 4124 481 4174 ut
500 4136 535 4176 ex
556 4118 735 4201 Lnitprandi
757 4118 876 4201 capitali
899 4118 965 4181 loco
991 4130 1108 4185 constat
1122 4142 1137 4197 3¹
1158 4121 1245 4181 cuius
1267 4120 1343 4183 haec
1365 4132 1461 4203 sunt}

347 4194 462 4258 verbu:
489 4198 711 4281 Negonatorum
730 4202 885 4264 multitudo
908 4206 1028 4288 copiosa
1045 4204 1273 4287 ignobilibusque
1288 4226 1444 4289 persona-
