2975 4892
336 263 422 346 662
573 287 628 357 ιο.
659 288 739 358 no
766 287 915 352 susan
942 282 1224 352 oonumrmn

337 453 367 506 e't
386 445 584 512 conformata.
632 447 777 508 Gestabat
796 466 905 527 nempe
925 455 1023 505 vestes
1043 444 1134 520 illas,
1169 465 1242 528 quas
1259 437 1390 526 Tbeopbi·

337 527 384 588 lus
406 530 481 610 lmp.
502 529 541 588 ad
578 529 625 592 sui
660 529 738 590 forte
770 531 905 610 corporis
938 549 1111 590 mensuram
1143 527 1207 588 lieri
1239 537 1388 598 curaverat,

337 633 432 693 quum
460 609 529 681 illae
549 634 567 672 a
585 614 734 695 prioribus
763 611 999 694 Imperatoribus
1028 611 1069 671 ad
1089 633 1122 671 so
1141 613 1320 672 transmissae
1343 630 1392 670 oon

339 694 468 776 amplius
499 697 612 756 servire
639 706 784 777 possent,
819 694 872 756 sed
894 700 1042 755 uetustate
1062 692 1252 767 diffluerent,
1273 693 1351 774 idque
1365 713 1393 752 es

337 779 475 850 instituto
495 781 654 838 maiorum.
694 779 773 840 Satis
792 789 874 838 certe
894 775 1070 858 intelligitur
1088 799 1106 837 e
1127 778 1234 844 Niceta
1252 778 1329 836 initio
1341 773 1393 835 lla·

273 909 276 914 .
338 859 437 921 nuclis
458 862 625 936 comneni,
648 881 710 921 nou
732 865 864 943 potuisse
885 881 1067 944 quemquam
1086 881 1143 942 pro
1163 861 1294 942 legitimo
1313 859 1392 939 lnpe-

338 955 440 1004 ratore
461 943 578 1020 baberi,
599 945 651 1028 qui
672 937 711 1002 roi
733 937 922 1024 γνωριστικύ
953 944 1017 1004 τῶν
1037 941 1253 1022 κρατούντων,
1274 961 1391 1013 somnes,

340 1038 475 1108 sceptra,
498 1037 617 1102 vestes,
648 1027 776 1110 insignia
809 1023 975 1108 imperialia
995 1036 1114 1087 vetusta
1131 1029 1235 1086 omnia
1254 1046 1312 1084 non
1329 1044 1394 1083 accc·

339 1115 431 1192 pisset
452 1111 484 1170 in
502 1111 709 1170 coronatione.
754 1110 846 1187 Quod
866 1110 963 1191 ipsum
984 1110 1015 1168 in
1043 1112 1238 1170 coronatione
1257 1109 1395 1189 imperato·

339 1214 407 1253 rum
438 1203 613 1254 nostrorum
647 1195 795 1276 contingit
819 1192 1008 1274 aliorumque
1026 1212 1133 1274 regom
1154 1191 1395 1264 Christianorum,

339 1279 390 1356 qui
419 1287 513 1336 vestes
534 1274 634 1337 Caroli
655 1277 699 1336 M.
721 1276 859 1357 qrramvis
879 1278 939 1345 situ
957 1273 1130 1337 diffluentes
1150 1275 1297 1347 induunt,
1317 1282 1344 1333 et
1357 1291 1396 1331 oo·

338 1379 428 1418 ronas
448 1358 629 1439 vaegrandes
642 1359 776 1419 eiusdem
787 1369 817 1420 et
838 1358 871 1420 S.
887 1357 1034 1439 Stephani
1054 1367 1085 1418 et
1095 1359 1128 1418 S.
1140 1356 1278 1420 Eduardi
1296 1367 1324 1417 et
1341 1355 1397 1414 alio

339 1461 408 1500 rum
432 1451 534 1507 umen
557 1452 674 1522 gerunt.
714 1442 781 1502 lmo
800 1461 962 1523 procerum
988 1461 1111 1523 quoque
1135 1451 1236 1502 vestes
1261 1440 1395 1522 processio

338 1523 421 1596 noles
443 1535 473 1584 et
495 1527 682 1605 pompaticae
702 1526 775 1606 ipsis
799 1525 977 1586 evestiario
1009 1527 1093 1606 regio
1126 1524 1167 1584 ad
1189 1523 1327 1604 temporis
1346 1521 1396 1580 bre·

338 1609 387 1665 vis
410 1627 498 1666 arsum
518 1607 678 1668 commodo
697 1607 872 1686 dabantur,
892 1618 960 1688 post
978 1606 1093 1666 finitam
1109 1603 1397 1688 processionemrcsti-

338 1689 479 1748 tuendae.
530 1690 695 1771 Propterea
725 1685 953 1774 distinguuntur
968 1692 1131 1762 mutatoria
1150 1683 1310 1769 βασιλικὰ,
1327 1687 1396 1767 regu,

339 1783 374 1831 et.
389 1767 428 1832 τύ
458 1771 559 1832 οἰκεῖα
578 1773 626 1835 vel
655 1767 693 1840 τὰ
713 1766 855 1850 ἑαυτῶν,
876 1794 953 1856 quae
966 1786 1135 1838 senatorum
1166 1775 1296 1856 propria
1313 1781 1396 1840 τοιαδὶ

340 1859 383 1914 sic
404 1855 495 1936 paulo
522 1869 591 1938 post
611 1855 694 1916 bunc
714 1867 854 1916 nostrum
873 1853 972 1916 locum
992 1877 1025 1936 p.
1042 1857 1114 1915 532.
1130 1855 1172 1915 A.
1185 1855 1220 1915 8.
1249 1843 1396 1929 δσπαδδρι·

341 1957 371 1995 οι
417 1933 498 2013 μετὰ
533 1933 573 1998 τύ
604 1931 728 2000 inercia
763 1934 918 2019 οτιχύρια
949 1950 1182 2015 memorantur,
1226 1947 1258 1998 et
1296 1935 1397 1996 Godinu

341 2017 428 2080 Offic·
443 2020 483 2078 V.
503 2018 554 2082 53.
578 2031 692 2082 monet:
716 2022 848 2081 τοιαῦτα
870 2015 1030 2098 ἐνδύματα
1049 2017 1221 2082 ἐνδύονται
1242 2015 1298 2078 ούκ
1315 2013 1397 2093 serit

339 2097 494 2180 κούρτης,
518 2099 585 2162 ἀλλ’
611 2099 645 2177 ἐξ
666 2100 800 2164 οἰκείων.
850 2098 939 2164 Cont'.
959 2125 989 2186 p.
1008 2103 1081 2178 335,
1097 2105 1137 2164 A.
1153 2102 1202 2181 4.,
1224 2102 1276 2163 ubi
1295 2099 1397 2181 megisti

340 2183 537 2264 collegiorum
557 2185 747 2246 urbanorum
768 2185 913 2246 dicuntur
934 2197 1032 2259 vestes
1044 2187 1268 2247 Socraticorum
1286 2193 1395 2268 putam

341 2265 436 2347 Apud
458 2277 574 2328 veteres
581 2268 735 2330 Romanos
756 2270 817 2329 iam
837 2271 985 2350 pretiosae
999 2281 1095 2342 vestes
1113 2269 1301 2351 pompaticae
1318 2263 1397 2327 incr·

339 2347 449 2490 pitolio
470 2349 705 2411 asservabantur
725 2363 797 2413 eta
816 2350 997 2413 Consulibus
1017 2373 1090 2413 usus
1110 2365 1251 2435 tempore
1273 2367 1397 2431 exprome

363 2442 477 2508 antur3
507 2453 539 2492 v.
561 2433 673 2516 Script.
697 2433 778 2496 Hist.
799 2435 879 2517 Aug.
909 2436 1006 2496 T.11.
1034 2457 1063 2518 p.
1077 2435 1129 2498 85.
1156 2457 1185 2497 1.
1228 2435 1398 2512 Vestaque

341 2533 413 2596 que,
434 2535 513 2595 quae
543 2535 647 2578 recens
676 2518 833 2579 honoratis
860 2518 1068 2589 induebantur
1085 2520 1118 2579 in
1145 2522 1268 2601 signum
1287 2513 1398 2581 bonoria.

340 2609 409 2680 post
430 2609 584 2678 peractam
605 2603 829 2683 promotionem
848 2601 935 2662 reddi
944 2601 1105 2663 debebant.
1150 2597 1396 2680 contThaopha.

340 2699 374 2762 p.
395 2679 464 2741 108.
479 2682 520 2741 A.
542 2685 612 2744 init.
661 2683 769 2744 Vestes
790 2683 859 2745 illae
890 2685 1073 2766 symbolicae
1098 2705 1117 2745 a
1138 2684 1302 2744 decedente
1329 2676 1398 2758 magl-

344 2774 465 2842 stratu,
500 2776 534 2824 ut
556 2787 584 2825 e.
621 2787 647 2828 c.
678 2777 854 2849 quaestore,
887 2768 973 2839 reddi
994 2779 1026 2828 et
1046 2768 1221 2829 succedenti
1240 2765 1316 2825 inlici
1333 2760 1399 2823 debc-

342 2844 438 2919 bant,
462 2857 497 2907 ut
521 2869 537 2906 e
566 2847 669 2908 Nostri
692 2851 904 2932 p.157.B.7.
933 2850 1399 2926 et158.1).3.consat,quc

343 2949 412 2988 rum
434 2927 571 2991 locorum
592 2935 625 2992 in
647 2934 813 3034 posteriore
829 2931 1037 3006 memorabilia
1057 2932 1132 2995 baec
1151 2934 1295 3016 leguntur
1311 2927 1397 2988 verba:

343 3007 383 3070 cd
403 3011 555 3088 χλανίδιον
575 3011 763 3095 διιαιρουσιν
783 3009 813 3074 οἱ
834 3008 997 3095 δήμαρχοι
1016 3010 1080 3078 siud
1100 3019 1165 3077 τῶν
1185 3009 1400 3091 διαδεδεγμένον

346 3085 582 3172 δημάρχων-
603 3093 711 3177 ἐπειδὴ
743 3093 889 3176 βασιλικά
920 3099 994 3172 τίσι.
1037 3099 1108 3160 Νοα
1129 3110 1260 3182 gestatos
1278 3097 1354 3155 triae
1368 3090 1400 3149 lo·

344 3195 396 3235 ros
430 3177 489 3235 nisi
523 3176 737 3241 solennissimis
766 3190 796 3240 et
831 3181 1077 3261 splendidissimis
1107 3185 1140 3243 in
1174 3176 1399 3264 processionibus.

344 3269 428 3338 patet
459 3281 530 3318 cum
557 3281 592 3320 ex
628 3272 785 3343 praesente
816 3263 915 3324 Nostri
940 3263 1033 3344 loco,
1066 3277 1134 3327 tum
1168 3286 1186 3324 e
1215 3263 1281 3324 libri
1306 3253 1400 3321 emundi

345 3361 412 3420 cap.
429 3340 492 3419 4ο,
507 3343 683 3406 itemeloco
695 3348 809 3407 Leonis
821 3348 1018 3408 Grammatici
1038 3368 1068 3430 p.
1081 3346 1180 3431 47²*
1203 3348 1261 3407 τού
1276 3337 1400 3422 βασιλέως

345 3423 394 3497 (dc
402 3425 513 3486 Basilio
525 3426 670 3508 loquitur)
698 3429 733 3489 ἐν
752 3429 796 3512 τῷ
817 3426 927 3509 crispe
940 3427 1161 3514 ἀνακαινισμιξὶ
1182 3431 1227 3515 [ἰα
1246 3425 1401 3489 dedicatione

344 3504 495 3586 Deiparae
516 3508 627 3594 Phari]
650 3512 753 3592 δῶρον
765 3511 959 3592 producator
970 3508 1025 3574 κατ’
1030 3508 1183 3593 χρήματα
1203 3505 1296 3571 πολλοὶ
1308 3502 1398 3569 litut·

429 3590 467 3648 A.
484 3591 517 3651 6.
540 3591 630 3676 [ὅγίμ
647 3591 698 3678 p]
730 3593 910 3666 σκεαεῶνας
930 3594 986 3657 κατ’
1017 3591 1227 3668 ἄνεξικακύτς.
1278 3589 1400 3671 scipione

346 3665 497 3734 eburneos
517 3686 548 3733 et
569 3685 692 3758 mappas
714 3677 804 3737 fuisse
825 3676 962 3738 veterum
973 3677 1149 3740 'Consulum
1163 3679 1401 3746 Romanorumn

345 3759 484 3829 stamen,
506 3775 523 3814 e
544 3756 696 3840 diptychis
727 3771 759 3820 et
778 3760 902 3822 aliunde
921 3772 1048 3836 constat.
1090 3761 1161 3825 Non
1182 3759 1330 3821 servabant
1345 3765 1401 3810 cun·

346 3831 415 3892 dem
434 3835 573 3917 ordinem
609 3843 640 3900 in
671 3841 829 3924 gerendo,
858 3865 959 3926 neque
988 3865 1110 3926 semper
1141 3846 1284 3926 scipiones
1300 3839 1399 3899 demi

345 3933 509 3996 mappasve
540 3924 659 3986 sinistra
679 3925 838 3998 tenebant,
862 3929 916 3987 scd
942 3939 973 3988 et
992 3927 1060 3988 illos
1086 3937 1116 3988 et
1134 3927 1189 3988 has
1210 3923 1295 3986 modo.
1311 3919 1398 3981 dnm,

345 3999 439 4070 mod..
460 4002 595 4078 sinistra,
622 4019 656 4067 ut
677 4009 808 4084 liberet,
841 4011 1069 4092 conspiciuntur
1089 4018 1244 4092 gestasse·
1267 3997 1399 4065 Cobillt‘

346 4075 400 4138 les·
430 4081 470 4176 ad
502 4085 656 4148 Ammian.
693 4091 830 4153 Marcell.
869 4116 901 4175 p.
918 4114 969 4177 ²9⁴
999 4076 1401 4174 B.‘1)uCangedissertl²

348 4179 480 4238 nummis
501 4170 592 4248 medii
615 4175 681 4248 flevi
705 4181 734 4258 §·
754 4197 800 4252 ts.
820 4189 851 4238 et
880 4197 933 4254 αι,
955 4176 1061 4252 Leicb.
1081 4177 1121 4238 de
1140 4172 1323 4262 diptychis-c·
1338 4165 1399 4229 Μ,
