2975 4892
116 337 167 404 ιο
196 335 419 404 οοιιετιιιιτ.
446 335 594 427 rosen,
623 337 679 402 ou
706 335 844 404 cunm.
875 337 953 402 uu.
971 339 1012 401 n.
1039 305 1125 423 677

65 515 126 556 nem
145 493 333 558 dissuadebat
341 495 510 578 appositum
531 493 659 556 verbum
706 495 808 574 ορεῖν,
829 493 922 578 qnod,
939 502 976 553 ut
994 491 1067 569 (lixi,
1088 491 1129 556 de

66 579 144 638 rebus
174 587 336 660 usurpatur·
355 587 421 638 toto
447 599 573 660 corpore
603 587 685 662 gesta
708 576 815 656 libus,
841 599 903 638 uon
924 575 964 638 de
981 575 1030 658 iis,
1049 597 1129 661 quac

65 655 256 739 βασιᾰζεται,
284 661 423 722 manibus
442 659 604 722 librantur.

137 743 213 805 (1.5.
237 740 323 828 [576,
338 743 399 823 ao]
419 735 491 825 ἔστη
510 743 577 826 τῆς.
620 746 666 806 Ιιιι
686 743 892 806 membranae.
934 743 1000 806 Ant
1017 743 1127 807 excidit

65 819 95 905 ὅ,
114 836 161 885 aut
178 826 267 886 tacite
287 836 332 887 est
351 825 559 908 supplendum.

136 908 173 967 D.
187 929 217 969 a.
240 907 328 992 [577‚
344 907 393 992 6.]
414 908 476 971 τῶν
498 906 526 969 ‹l'
542 909 673 992 χροιῶν.
739 908 873 985 Veneti,
894 909 1027 992 prasini,
1049 911 1127 972 russi

65 1000 92 1050 et
108 989 173 1050 albi.
212 991 363 1052 Videntur
383 1011 454 1074 ergo
475 991 508 1052 hi
528 995 678 1076 tagmutici
698 1015 751 1055 seu
772 992 958 1076 praesidiarii
977 993 1088 1070 diversi
1107 1013 1128 1054 a

65 1084 179 1154 quatuor
196 1073 300 1156 palatii
320 1074 502 1158 tagruatibus
526 1075 632 1150 finisse,
658 1079 714 1137 nisi
736 1087 823 1159 putes
832 1086 963 1157 tagmota
983 1073 1058 1137 baec
1077 1097 1128 1158 pa·

65 1152 164 1231 buna,
185 1156 310 1230 scholas,
344 1170 396 1218 uto
408 1203 416 1229 ‚
428 1153 631 1233 excubitores,
655 1159 812 1222 hicauatos
838 1169 868 1219 et
890 1179 1052 1237 numeros,
1072 1179 1128 1240 per

65 1239 157 1298 urbem
176 1243 287 1322 regiam
315 1181 492 1302 (listributos
510 1241 601 1304 luisse
629 1242 778 1304 obeundis
796 1241 905 1325 vigiliis
933 1251 963 1302 et
990 1242 1127 1302 stationi·

65 1318 114 1380 bus
131 1333 158 1382 ct
178 1323 259 1385 illinc
279 1325 441 1407 unicuique
470 1325 508 1386 de
528 1337 659 1408 quatuor
679 1325 859 1386 factionibus
879 1324 1059 1385 attributum
1078 1334 1127 1385 at·

65 1425 114 1484 que
131 1405 304 1488 deputatum
335 1408 424 1470 luisse
450 1429 634 1488 numerum,
663 1409 717 1491 qui
745 1410 810 1471 eius
835 1407 1060 1471 necessitatibus
1078 1410 1128 1469 in·

65 1490 173 1550 serviret
190 1502 222 1550 et
242 1491 395 1552 custodiae
414 1502 570 1595 praeesset.
618 1485 625 1492 ’

132 1571 168 1632 D.
181 1569 214 1652 4.
239 1571 322 1656 [577‚
338 1571 382 1656 7.]
404 1577 616 1636 naturaiiter.
658 1575 798 1636 Cantorm
816 1572 899 1636 aedis
919 1571 978 1633 SS.
998 1573 1127 1658 Aposto-

63 1651 163 1730 lorum,
187 1665 223 1716 ut
244 1651 445 1740 ἁγιοσοφῖιαι
463 1671 594 1718 cantores
616 1657 699 1720 aedis
712 1657 747 1719 S.
762 1657 904 1739 Sophiae.
948 1654 1032 1717 Olim
1045 1658 1127 1718 euim

63 1753 117 1794 uon
134 1757 232 1799 omues
246 1739 335 1800 aedes
359 1761 461 1800 sacrae
473 1751 610 1802 cantores
625 1741 683 1802 sibi
704 1761 774 1802 suos
793 1738 958 1811 habebant,
969 1749 1004 1799 ut
1027 1760 1126 1820 neque

64 1815 141 1878 bodie
158 1821 282 1896 babent,
304 1821 356 1883 scd
376 1833 493 1883 tuntum
503 1824 693 1906 praecipuae.
718 1823 858 1884 Cnetems
877 1821 1003 1884 curabat
1023 1819 1127 1884 ecbola

63 1911 225 1982 cautorum
248 1905 308 1966 vid.
328 1906 380 1986 Du
400 1905 545 1988 Congium
566 1907 617 1968 Gl.
634 1909 668 1970 L.
689 1927 720 1968 v.
744 1907 895 1968 cantem.

132 1985 167 2047 D.
181 1999 283 2070 untep.
308 1986 471 2071 [577,1o.]
495 1983 669 2066 βασιλίκια.
712 1989 856 2050 Carmina
874 1991 907 2050 in
927 1985 1048 2050 laudem
1070 1987 1126 2048 lm·

63 2071 191 2143 peratoris
212 2081 244 2131 et
264 2069 393 2131 familiae
414 2083 575 2154 augustae3
598 2071 687 2154 quale
706 2071 784 2132 illud
801 2083 847 2133 est
865 2091 897 2154 p.
912 2072 984 2133 οὐ.
1005 2092 1060 2152 per
1074 2069 1127 2132 Al-

62 2147 168 2224 phnbeti
187 2152 303 2214 litteras
323 2154 483 2236 digestum,
504 2153 556 2215 ubi
578 2163 666 2216 etiam
681 2154 782 2237 aliqua
802 2155 841 2216 de
861 2152 1038 2215 monetalis
1058 2175 1126 2215 car-

63 2233 131 2296 mina
151 2237 296 2298 recitandi
305 2235 377 2298 dixi.
419 2231 824 2321 subintelligiturortyqpo‘,
845 2229 1024 2316 τροπάρια,
1044 2235 1126 2317 μέλη

62 2313 100 2374 vel
122 2318 214 2380 simile
237 2319 323 2401 quid.
353 2319 425 2380 Peri
445 2320 536 2380 modo
550 2303 741 2382 ἀποστολικᾶ
758 2320 839 2382 dicte
859 2321 1128 2384 fuemntcarmine

62 2394 87 2454 in
104 2398 201 2463 laudes
222 2401 438 2484 Apostolorum
471 2404 539 2464 cuni
557 2403 645 2464 solita
666 2405 697 2464 in
729 2403 869 2477 ecclesia,
892 2398 1039 2464 θεοτόκια
1058 2424 1127 2464 car-

62 2481 130 2543 mina
149 2487 179 2544 in
212 2484 335 2546 laudem
363 2485 520 2568 Deiparae.
568 2487 687 2548 Morem
715 2485 798 2546 hunc
824 2507 909 2567 reges
928 2485 1127 2548 occidentales

62 2569 302 2630 transsumserunt
328 2567 368 2628 ab
393 2567 601 2630 orientalibus.
644 2569 827 2630 llovedeuus
846 2571 878 2629 in
899 2567 1051 2628 Richardo
1072 2570 1124 2631 l.=

62 2642 99 2702 lle
115 2649 155 2708 ad
181 2665 383 2733 argumentum
413 2649 451 2736 [f.
488 2651 688 2734 augmentum]
725 2665 756 2712 et
771 2655 897 2731 faniam
923 2653 972 2710 sui
994 2653 1141 2712 reontinis·

60 2733 224 2794 emendicata
241 2737 378 2795 σανοιίαα
391 2748 421 2796 et
441 2735 593 2807 rhythmos
613 2735 798 2796 adulatorios
815 2734 1020 2817 comparabat,
1040 2735 1126 2795 etde

61 2827 135 2954 aggeo
153 2817 358 2960 ἔραποοηιριιτ
375 2831 552 2961 ,οσαιριεεει
578 2818 937 2961 aperthtpresbanpwunffbm
954 2817 1122 2890 alleumt,

59 2989 113 3036 erat
130 2919 158 3037 ei
177 2921 336 3043 siuilliserin
356 2921 445 3044 olpbep
456 2915 558 3044 {elilim
568 2923 831 3048 εἰοιαὲῗιῐοιῗιιίίοε
843 2921 959 3044 filiii
968 2899 1126 3064 pofflitdfinuoin

59 3063 96 3148 ips
114 3061 214 3142 epulas
249 3057 308 3124 δύο
342 3061 471 3146 α’ννικρύ
502 3065 561 3126 τοῦ
588 3065 714 3128 'Attalo
736 3059 944 3146 παρελθόντες
966 3057 1127 3146 βάρβαροι

59 3157 170 3216 ᾳομαια
191 3147 384 3226 πεποιημένα
400 3139 525 3228 ἔλεγον,
546 3141 634 3220 νίκας
655 3141 755 3209 aurosi
775 3141 831 3209 καί
855 3142 913 3219 τοὶς
932 3143 1013 3208 κατὰ
1033 3142 1126 3208 πόλε-

59 3238 109 3292 μον
126 3215 252 3310 ᾄδοντες
272 3223 409 3310 α’ρετοὶς,
441 3241 516 3292 teste
536 3231 641 3292 Prisco
660 3231 794 3292 Rhetore
813 3233 845 3290 iu
864 3234 1008 3312 excerptis
1029 3230 1126 3312 Lega-

58 3303 119 3369 tiou.
140 3309 301 3373 Hoeschel.
325 3334 354 3394 p.
371 3310 442 3392 52.;
476 3311 531 3375 καί
550 3307 580 3374 οἱ
611 3313 670 3391 μὲν
695 3307 805 3395 ἥδοντο
829 3319 896 3385 τοῖς
928 3309 1124 3392 ποιήμασιν,

59 3389 223 3470 continuat,
245 3389 274 3455 ci
296 3391 331 3455 δὲ
360 3397 423 3455 τῶν
442 3395 586 3472 πολέμων
613 3387 920 3476 ἀναμιμνησκόμενοι
939 3393 1126 3496 διεγείροντα

58 3472 111 3539 ¹⁰53
129 3469 350 3556 φρονήμασιν,
371 3467 459 3538 ἄλλοι
482 3477 512 3538 δ’
530 3471 673 3560 ἐχώρουν
703 3479 736 3551 ἐς
758 3473 901 3560 δάκρυα,
922 3463 967 3537 ὧν
986 3473 1049 3537 ὕπο
1068 3475 1127 3538 τοῦ

58 3546 160 3628 totvm
181 3555 308 3640 ἠσθένει
341 3555 378 3620 τὸ
414 3559 507 3638 σῶμα
546 3557 601 3623 καί
633 3555 807 3644 ἡσυχάζειν
827 3555 845 3621 ὅ
866 3553 971 3638 θυμὸς
991 3555 1128 3641 ἠναγκά-

60 3625 126 3700 ζετο.
164 3640 379 3703 Successerunt
407 3642 482 3704 haec
510 3646 643 3706 carmina
672 3647 704 3708 iu
722 3643 824 3704 locum
847 3641 969 3704 illorum
989 3653 1128 3704 veterum

59 3724 311 3802 unegyricomm
326 3748 342 3785 e
363 3747 492 3808 quorum
514 3728 637 3788 immani
649 3749 777 3790 numero
790 3729 961 3810 superstites
981 3723 1129 3788 babemus

59 3793 202 3890 duodecim
225 3807 388 3870 aCcllario
399 3821 550 3892 postremo
570 3810 677 3871 editos.
702 3811 809 3871 Graeci
831 3831 947 3870 morem
966 3808 1049 3870 bunc
1070 3809 1128 3870 do·

60 3895 142 3944 minos
160 3909 231 3950 suos
251 3911 430 3974 quocunque
450 3895 606 3954 occasione
620 3893 803 3954 carminibus
816 3896 848 3952 in
869 3893 957 3975 plena
977 3893 1061 3953 curia
1074 3891 1128 3953 de-

59 3969 169 4028 uncatis
189 3972 239 4034 val
258 3978 389 4036 recitatis
410 3974 564 4051 laudandi,
589 3987 624 4040 ut
643 3975 682 4038 ad
703 3975 911 4049 occidentales,
935 3976 976 4037 ita
997 3975 1035 4036 ad
1054 3975 1129 4038 Are·

59 4037 102 4104 bes
121 4071 240 4136 quoque
272 4059 509 4120 transmiserunt.
567 4058 714 4140 Persaepe
743 4057 823 4142 legas
843 4059 924 4141 apud
944 4058 1128 4120 Abulfedam

59 4122 210 4208 fragmenta
232 4152 282 4202 aut
316 4141 414 4202 saltim
442 4143 617 4201 memoriam
640 4141 749 4202 lactum
769 4143 959 4220 carminum,
982 4161 1060 4223 quae
1078 4140 1130 4199 hic

57 4208 96 4272 nt
116 4213 164 4282 ille
185 4221 334 4288 Arabicus
354 4229 444 4310 poeta
465 4228 497 4288 iu
512 4223 603 4288 huius
625 4223 673 4289 vel
695 4224 776 4290 illius
794 4225 937 4309 principis
957 4222 1127 4286 Saraceuici
