2975 4892
268 161 353 265 840
483 187 539 253 ιο.
571 184 1143 254 isc.esrsu11cosn1mrss11

267 356 333 408 tare
351 343 575 428 tropaeobrnm
596 365 660 406 csse
670 343 714 422 id,
737 343 822 426 qnod
834 343 971 406 Victoria
982 346 1014 405 in
1028 365 1158 406 nummo
1171 345 1370 406 Constantini

267 428 351 511 apud
363 431 415 490 Du
430 430 579 509 Congium
598 427 711 488 Famil.
726 427 799 510 Byr.
822 448 852 510 p.
874 446 921 510 17.
941 426 994 494 lin.
1017 427 1047 506 4.
1062 450 1095 488 ιι.
1110 430 1142 488 5.
1166 439 1275 488 tenoee
1294 429 1369 488 du·

267 522 316 574 tra
336 513 532 594 conspicitur.
556 510 628 571 Vid.
648 511 688 572 ad
709 531 741 592 p.
764 511 881 594 570.13.
898 531 926 573 a.
946 522 1088 592 antepen.
1111 511 1261 571 dicenda.

350 596 393 655 D.
420 594 452 656 8.
483 596 496 674 [
523 591 627 678 17‚9.]
655 591 887 672 ἕπισκεπτῆται.
941 593 1084 654 Diversus
1112 593 1171 654 bos
1205 593 1304 654 fuisse
1329 592 1366 652 ab

268 679 404 760 cpoptis‚
427 676 478 738 bic
497 617 582 738 iocus
603 685 766 753 monstrat,
786 675 924 758 quamvis
944 677 1064 738 eosdem
1087 676 1185 736 luisse
1207 676 1370 736 ambarum

268 781 379 822 vocum
400 761 591 841 significatus,
612 759 690 819 idem
715 757 797 818 eliud
812 757 946 818 suadeat.
980 760 1051 836 Qua
1070 769 1176 819 autem
1197 763 1234 818 in
1256 781 1293 818 re
1308 760 1372 818 iire-

270 845 331 905 riui
355 843 508 916 distincti,
530 853 561 903 ct
584 863 661 940 quae
680 842 839 922 utriusque
859 840 950 901 merit
969 853 1000 902 et
1020 843 1129 923 quibus
1141 845 1294 902 terminis
1314 846 1374 902 cit·

270 929 455 1008 cumscripta
473 927 643 1008 provincia,
666 945 731 984 non
753 922 839 984 facile
854 922 974 984 dixeris.
1016 925 1177 1004 Quantum
1193 929 1376 985 coniectura

270 1029 436 1091 assequor,
457 1011 580 1070 sumunt
605 1001 635 1066 oi
655 1005 839 1082 ἐπίσκοποι,
860 999 889 1066 oi
911 1005 1152 1086 ἐπισκεπτῆται,
1184 1010 1327 1084 ambri,
1348 1020 1379 1068 et

271 1091 451 1174 Ahmrtosofi
468 1093 688 1152 Saracenorum
718 1090 751 1149 in
773 1087 939 1149 Audalusia
966 1088 1076 1168 iidem,
1101 1111 1283 1173 eorumque
1308 1113 1379 1152 mn

188 1173 192 1179 ’
270 1195 330 1237 uris
350 1174 515 1256 providere,
537 1183 572 1234 ut
592 1173 680 1254 panis
702 1181 734 1231 et
753 1171 885 1253 reliquae
905 1172 1018 1253 speeies
1035 1177 1225 1234 annonariae
1251 1175 1379 1254 probae

271 1269 302 1317 et
316 1261 395 1318 iusto
408 1255 541 1338 pondere
562 1266 653 1337 atque
673 1274 814 1315 mensura
834 1254 1048 1332 venderentur,
1076 1255 1211 1316 lustrare
1231 1257 1379 1317 aedilicia

270 1339 390 1438 publica
418 1349 450 1400 et
481 1341 617 1422 privata,
650 1337 774 1398 bieutne
802 1346 832 1396 et
857 1336 1030 1415 labascent,
1062 1339 1140 1398 satin
1163 1351 1376 1400 nraeoeutuur

270 1423 426 1491 incendiis,
452 1422 535 1482 iures
557 1425 708 1498 coemere,
734 1422 850 1479 intrare
873 1422 904 1479 iu
928 1419 1034 1481 domos
1055 1431 1086 1480 et
1104 1420 1191 1482 illinc
1217 1443 1269 1482 res
1292 1422 1376 1482 iirrto

270 1503 427 1586 ssrhrcptas
448 1525 572 1579 eruere,
596 1503 757 1586 deportare
776 1505 807 1562 in
829 1502 950 1562 exilium
974 1503 1125 1584 agendos,
1146 1509 1172 1564 si
1196 1507 1252 1586 qui
1270 1517 1376 1566 metris

271 1590 449 1669 contingant
471 1590 503 1648 in
527 1585 634 1668 plateis
655 1595 687 1646 et
708 1585 798 1657 ioris,
832 1584 1035 1666 moliaturque
1054 1607 1134 1648 nova
1154 1596 1187 1646 et
1211 1593 1376 1648 concursi-

271 1681 316 1731 tet
328 1670 425 1752 plebs,
447 1671 615 1752 significare
627 1680 658 1730 et
677 1670 852 1750 reprimere.
894 1668 959 1729 Nisi
982 1669 1059 1729 sorte
1079 1671 1211 1741 nimium
1234 1673 1377 1731 extenui-

271 1775 341 1813 mus
370 1753 480 1814 limites
508 1755 597 1813 unius
626 1752 818 1834 magistratus
841 1753 930 1832 eique
954 1753 1115 1812 tribuimus
1137 1763 1260 1834 partem
1283 1754 1371 1814 iuris·

273 1834 431 1912 dictionis,
465 1856 543 1918 quac
571 1856 662 1916 penes
691 1835 849 1916 magistros
877 1834 1015 1894 vicorum
1044 1845 1120 1896 erat.
1167 1833 1210 1896 Oi
1233 1831 1371 1896 ἐπόπται

273 1931 372 1979 autem
393 1919 534 1979 videntur
558 1929 679 1978 tantum
698 1919 831 1978 rationes
853 1939 971 1978 curasse
1004 1927 1035 1977 et
1057 1917 1135 1978 forte
1166 1918 1264 1978 iidem
1300 1941 1369 1980 cura

272 2008 340 2073 τοῖς
361 2000 535 2074 dictaminis
554 2011 607 2061 aut
626 2005 690 2070 τοῖς
710 1999 871 2072 serectute
893 2001 1025 2061 suerunt.
1074 2001 1121 2060 De
1143 2002 1300 2082 episcopis
1320 2025 1368 2062 ur-

272 2083 359 2146 bium
397 2105 563 2165 corumque
590 2085 702 2144 muniis
731 2083 792 2164 egit
820 2081 969 2143 Poucirol.
1004 2104 1031 2144 c.
1056 2082 1144 2142 Xiil.
1168 2083 1210 2143 de
1232 2089 1366 2166 magistr.

275 2169 441 2248 municip„
463 2179 574 2246 putans
596 2166 634 2226 ad
660 2187 710 2226 eos
730 2167 907 2246 pertinuisse
925 2187 1029 2226 curam
1052 2167 1185 2227 iustitiae
1205 2169 1240 2226 i'n
1263 2169 1371 2228 vendi-

267 2253 356 2308 tione
392 2253 559 2328 specierum
588 2247 779 2308 victualium.
810 2249 851 2308 V.
880 2249 1077 2330 Aristophan.
1114 2249 1176 2309 Av.
1211 2271 1246 2310 v.
1283 2251 1371 2329 roal.

271 2329 385 2392 Procul
404 2331 498 2390 dubio
519 2330 552 2391 hi
574 2329 699 2391 fuerunt
722 2329 796 2390 olim
820 2333 863 2392 sie
882 2331 954 2392 dicti
963 2334 1174 2412 frumentarii.
1218 2334 1293 2410 Quo
1316 2354 1371 2393 no

272 2414 355 2473 mine
374 2413 493 2474 subiato
517 2411 659 2494 deinceps
678 2416 790 2475 crrriosi
809 2424 840 2474 et
852 2433 871 2472 o
891 2416 1020 2474 maiores
1034 2415 1158 2474 fuerunt
1173 2414 1263 2490 dicti,
1287 2417 1370 2497 quod

271 2499 385 2556 emisse
403 2499 506 2556 omnia
523 2496 592 2557 fora
620 2507 652 2556 et
674 2496 820 2578 artopolis
841 2435 979 2570 odirent,
1001 2495 1184 2570 lustrarent,
1206 2501 1371 2580 optineren-

273 2591 339 2654 tur,
361 2579 392 2638 id
415 2591 461 2640 cst
485 2581 697 2656 aestimarent,
731 2580 900 2640 iudicarent
920 2601 1055 2640 annonas
1079 2579 1270 2657 vendibiles,
1291 2585 1370 2642 satin

274 2661 444 2744 probasne,
467 2673 497 2722 et
518 2683 654 2723 actionus
674 2661 838 2734 militares,
862 2683 935 2744 quas
955 2663 1071 2746 exigere
1090 2663 1269 2736 debebant,
1291 2668 1371 2726 satin

274 2744 333 2805 sibi
362 2745 531 2805 arriderent
566 2755 611 2820 (v.
639 2744 766 2806 Salmas.
796 2746 834 2805 ad
856 2747 966 2827 Script.
1003 2747 1080 2808 illst.
1103 2745 1187 2827 Aug.
1206 2747 1248 2805 T.
1273 2747 1318 2807 li.
1344 2771 1372 2830 p.

275 2826 375 2905 265.);
398 2839 429 2889 et
456 2827 601 2910 quoniam
625 2830 667 2887 sie
692 2827 808 2910 agendo
829 2850 891 2888 nou
913 2839 1051 2910 poterant
1069 2849 1132 2888 nou
1152 2829 1323 2890 observare
1342 2844 1372 2892 et

274 2909 399 2987 audire,
423 2913 448 2971 si
469 2911 544 2991 quid
568 2930 721 2971 novarum
741 2932 844 2971 rerum
865 2913 1029 2993 agitaretur
1057 2922 1087 2971 et
1101 2933 1242 2973 mmores
1255 2914 1371 2973 tumui-

276 2994 358 3052 tuosi
390 3003 622 3075 spargerentur,
656 3003 691 3052 ut
710 2996 764 3076 qui
787 2995 818 3054 in
839 2994 972 3056 cunierta
993 2993 1165 3076 plebeculae
1186 2993 1284 3056 turba
1302 3019 1370 3057 ver-

276 3086 433 3153 sarentur,
468 3097 503 3136 es
530 3097 568 3135 eo
595 3075 730 3154 factum,
768 3087 804 3136 ut
824 3075 861 3136 ad
882 3080 1071 3138 curiosorum
1093 3099 1200 3138 euram
1221 3091 1371 3160 spectaret

274 3179 398 3240 quoque
425 3156 710 3235 conciliabulorum,
743 3160 925 3220 seditionum
948 3171 978 3220 et
998 3162 1292 3222 concursitationum
1315 3163 1371 3222 ob-

276 3243 427 3318 servatio,
457 3243 605 3322 repressio
626 3252 656 3300 et
676 3241 716 3301 ad
737 3245 907 3324 superiores
927 3243 1116 3324 significatio.
1160 3243 1273 3304 Fuisse
1294 3267 1370 3326 quo-

275 3345 337 3403 que
349 3345 455 3386 eorum
474 3321 681 3405 deportandos
706 3325 739 3384 in
754 3324 877 3385 exilium
892 3324 1040 3386 deducere
1054 3335 1084 3384 et
1097 3329 1215 3408 erigere
1230 3348 1268 3386 ex
1282 3329 1368 3404 urbe,

276 3417 359 3486 patet
388 3407 479 3469 eliu
500 3410 616 3490 Cougio
635 3429 668 3467 v.
696 3405 896 3487 Κουρίωσος.
946 3407 1002 3469 liis
1032 3411 1137 3490 itaque
1163 3408 1369 3470 frumentariis

276 3499 307 3546 et
320 3491 448 3550 curiosis
464 3493 582 3551 ratione
601 3492 760 3571 uniusque
774 3489 1005 3567 observationis,
1018 3502 1082 3551 tam
1097 3493 1258 3568 frumenti,
1279 3515 1369 3576 quam

274 3569 457 3632 seditionum
486 3573 580 3635 inisse
609 3572 724 3633 similes
754 3566 829 3643 τούς
858 3567 1101 3652 intercurritur,
1132 3577 1303 3636 visitatores
1330 3578 1368 3638 sic

274 3651 526 3727 dictos,cou1icio
547 3677 583 3717 ex
602 3675 650 3727 eo,
676 3655 760 3737 quod
781 3654 1067 3738 inirap.416.l].i.
1095 3649 1124 3716 oi
1145 3655 1370 3738 ἑπισκεπτῆτω

275 3732 398 3794 subesse
412 3739 553 3800 rationali
574 3759 700 3822 gregum
720 3737 883 3816 dicuntur,
905 3759 1035 3820 quorum
1052 3737 1185 3800 officium
1199 3761 1273 3800 sane
1288 3741 1369 3801 aliud

274 3814 353 3875 nibil
371 3820 471 3896 potuit
491 3821 600 3898 inisse,
621 3842 713 3904 Qum
733 3821 912 3903 explorare,
936 3821 1036 3882 sintne
1056 3843 1129 3882 sana
1149 3843 1258 3904 pecora
1272 3822 1369 3884 lanie-

275 3918 334 3958 nae
351 3897 510 3976 destiuata,
530 3904 683 3984 probaeoe
701 3907 813 3986 species
827 3907 1023 3983 annonariae,
1044 3916 1205 3986 praestone
1225 3909 1289 3966 sint
1307 3906 1369 3966 sui·

275 3979 387 4041 iicieuti
401 3985 498 4063 copia.
523 3985 602 4066 Etp.
618 3989 769 4070 417.D.2.
780 3986 832 4048 alii
846 3991 1046 4070 cpisceptetae
1063 4009 1126 4047 uua
1142 4009 1214 4048 cum
1234 3987 1300 4048 aliis
1311 3991 1366 4049 im·

275 4065 435 4146 pendium
456 4068 653 4149 praediorum
662 4068 840 4135 offidaiibus
857 4069 998 4134 rationaii
1018 4073 1158 4154 privatae
1179 4073 1226 4137 rei
1248 4071 1367 4135 subesse
