2975 4892
124 415 180 482 ro
211 413 437 482 cousrsnr.
466 415 615 480 romu
643 417 698 480 nn
725 415 861 483 carin.
890 419 963 480 cn.
983 421 1020 482 u.
1057 372 1137 475 Sat

59 574 169 655 Gange
190 572 288 634 Gloss.
308 571 377 632 Lat.
396 591 429 631 v.
451 569 583 652 Abigam
603 581 634 630 et
652 569 836 632 Lntnencnli.
887 573 1030 634 Manetho
1061 573 1144 656 Apo-

57 655 265 716 telesmaticns
278 665 347 714 mst.
360 653 442 735 apud
456 654 507 712 Du
520 654 669 734 cangium
689 675 720 713 v.
740 645 930 736 Bepadtiptoc
944 658 1039 738 iungit
1054 659 1145 738 (lapa-

59 737 216 817 d'npt'ovc,
242 730 450 836 irguoxipovc,
468 735 712 838 ‘xnflplinpt'ovc
741 736 934 834 (domitores,
973 751 1144 822 gyrnnastas

56 818 703 976 ffiiiikiii‘ffizsiii‘i‘iiinff,
716 816 781 981 ¹541}
797 820 1145 984 ii⁷⁶iii“{‚'..i¹ir¹is⁸⁰ii

58 988 151 1127 epiris
170 986 449 1128 ffitppreursitann
480 981 762 1125 videntesHpithn
789 985 944 1126 listenntt,
976 987 1145 1128 pnpndicine

58 1087 155 1129 arrve
274 1087 302 1126 er
350 1085 427 1126 num
451 1085 564 1126 memes
610 1086 645 1125 ro
701 1087 828 1126 reau
863 1089 1058 1129 vectatus
1083 1090 1145 1129 non

57 1149 211 1210 liberatae
245 1110 441 1231 depdrteutur
468 1157 527 1207 etc.
589 1088 756 1229 1ilppellant
785 1169 906 1231 quoquc
935 1090 1042 1212 (irasci
1073 1155 1146 1212 nori
1203 1163 1210 1173 ·

54 1235 157 1308 nass,
180 1233 310 1294 hnnrres
334 1223 513 1307 ᾶπελάτας,
534 1239 565 1289 et
587 1229 703 1291 abiecta
722 1232 820 1312 prima
844 1231 962 1310 littera,
983 1246 1017 1295 ut
1035 1233 1145 1316 solent,

58 1309 214 1388 πελάτας.
249 1311 438 1395 ¹Exemplum
461 1311 553 1372 habet
571 1310 622 1372 Du
636 1313 737 1395 Gange
760 1335 790 1374 v.
816 1313 961 1396 πελάτης.

147 1398 184 1456 Β.
208 1397 285 1539 34.
337 1393 404 1477 ,4]
431 1392 595 1468 Eisone.
640 1396 775 1456 llucciue
798 1399 948 1477 pertinent
980 1399 1142 1475 mnne,

59 1477 105 1539 de
169 1479 237 1540 'bus
285 1500 350 1539 oar.
375 1478 414 1538 ad
428 1477 535 1543 Codin.
554 1497 585 1577 p
601 1479 651 1554 54.
668 1500 701 1540 u.
719 1477 788 1555 66„
825 1501 879 1540 uos
893 1480 1027 1542 Codinus
1041 1503 1073 1562 p.
1091 1481 1144 1544 68.

60 1583 98 1622 u.
116 1500 179 1623 dd„
184 1561 314 1644 appellat
325 1557 399 1630 τούς
413 1559 459 1630 εἰς
471 1557 512 1618 τὰ
525 1579 643 1642 scarpo
656 1501 912 1640 eiptoxopivovc,
929 1566 1147 1643 praesrdrcrios

60 1646 97 1703 in
118 1647 219 1704 emori
238 1665 291 1704 seu
319 1641 446 1704 urbibus
473 1642 601 1703 milites?
641 1642 793 1704 Videntur
813 1645 937 1702 omuino
961 1646 1050 1706 iidem
1071 1667 1144 1712 esse.

67 1725 216 1788 Twoenes
237 1736 309 1788 sunt
331 1725 423 1786 hodie
443 1727 496 1806 qui
516 1724 589 1786 olim
613 1727 765 1802 Lacones,
787 1736 935 1786 extremae
946 1727 1146 1808 Peloponnesi

60 1807 205 1884 incolae,
235 1819 268 1870 et
291 1809 438 1870 traconta
460 1817 506 1868 est
524 1807 575 1869 illc
593 1819 723 1883 tractus,
749 1809 782 1868 in
811 1829 873 1890 quo
896 1819 940 1870 est
963 1831 1050 1870 mous
1072 1811 1147 1872 olim

62 1890 197 1952 (humbri
216 1891 334 1969 dictus,
363 1890 500 1971 adeoque
525 1891 604 1952 inter
624 1893 787 1950 Laeouiam
808 1901 839 1951 et
859 1891 991 1969 Elidem,
1012 1894 1073 1954 vid.
1096 1895 1148 1956 Du

60 1973 213 2055 cangium
233 1995 265 2034 v.
280 1965 447 2048 Ῐζάκωνες.
471 1973 512 2034 lli
526 1974 660 2034 Lacones
669 1983 721 2034 aut
733 1971 979 2056 Peloponnesiaci
1010 1974 1154 2054 nolebant¹

60 2055 104 2116 ad
123 2057 301 2138 praesidium
323 2055 472 2137 agendum
499 2056 531 2116 in
556 2056 685 2117 castellis
703 2055 833 2136 deponi,
865 2055 1077 2137 ἄφοριζεσθαι
1103 2055 1148 2130 εἰς

59 2220 556 2284 ..m
575 2137 1148 2284 {asserentem

58 2323 129 2384 quo
154 2301 344 2386 intelligitur,
366 2302 493 2363 Samrres
517 2314 548 2364 et
562 2243 760 2383 Sdirgaclones
778 2242 942 2384 alipellatoi
963 2303 1070 2378 luisse,
1094 2267 1147 2365 ii-

57 2385 200 2464 tuanico,
221 2396 257 2445 ut
278 2386 410 2459 videtur,
435 2407 584 2464 sermone,
605 2408 756 2466 agasones,
780 2387 832 2468 qui
854 2384 963 2446 milites
981 2389 1012 2446 in
1033 2386 1149 2449 bellum

56 2469 306 2546 comitabantur,
326 2468 435 2530 Nostro
456 2479 510 2528 aut
528 2466 735 2549 συντρόφους,
755 2482 808 2528 aut
827 2464 959 2548 τίρωνας
980 2469 1088 2531 dictos.

147 2551 188 2610 D.
211 2548 242 2629 4.
277 2551 361 2634 4697,
380 2549 426 2635 r.]
457 2545 628 2628 λαμβάνων
660 2545 723 2610 aiud
752 2549 810 2609 τοῦ
836 2549 1035 2628 κουμερκίου.
1088 2553 1145 2615 Eat

55 2633 200 2694 idemne
228 2634 254 2693 si
281 2633 467 2694 diceremus:
497 2632 547 2692 bic
567 2630 616 2691 vel
638 2630 689 2692 ille
708 2633 819 2712 accipit
840 2630 981 2691 salarium
1002 2655 1089 2694 suurn
1110 2658 1145 2696 ex

55 2715 191 2788 Amisa,
215 2737 266 2775 seu
283 2737 318 2775 ex
329 2715 383 2776 illo
394 2713 554 2787 tribunali,
576 2712 630 2773 ubi
643 2711 799 2794 vectigalia
813 2714 1012 2794 recipiuntur.
1055 2717 1143 2776 Kon-

53 2796 192 2876 μέρκιον
204 2809 249 2858 est
269 2801 367 2880 ipsum
378 2799 603 2874 commercium,
624 2806 809 2869 mercatura,
832 2797 992 2877 negotiatio
1021 2808 1051 2858 et
1073 2819 1144 2878 pon-

54 2882 177 2940 torium
197 2901 254 2961 pro
280 2872 446 2962 importatis
473 2889 526 2940 aut
552 2881 713 2960 exportatis
732 2878 894 2954 mercibus,
917 2899 948 2937 v.
972 2880 1023 2940 Du
1044 2880 1145 2962 Gange

54 2962 103 3024 ad
114 2961 201 3023 Alex.
225 2985 257 3044 p.
279 2962 352 3024 315.
374 2961 575 3039 Κουμέρκιον
592 2961 649 3021 rori
667 2959 874 3042 novqupt'ov,
895 2962 1021 3040 vecn'gal
1038 2963 1145 3022 mordi-

54 3067 181 3118 mnnn,
210 3056 256 3105 est
279 3045 361 3127 apud
382 3044 563 3126 Theophan·
588 3066 621 3126 p·
647 3042 718 3124 396.
731 3043 772 3103 C.
797 3065 845 3102 11.
865 3043 994 3104 Gutlrer.
1016 3066 1049 3126 p.
1072 3045 1144 3130 725.

55 3131 281 3189 commercium
300 3126 440 3190 nonnihil
462 3149 480 3188 a
500 3124 639 3208 vectigali
660 3124 781 3186 differre
793 3136 956 3186 monstrat.

130 3208 200 3288 403.
231 3210 274 3270 A.
297 3209 328 3270 5.
350 3209 438 3293 4697,
455 3207 500 3292 7.]
531 3205 793 3284 Λεοντοκῶμεως.
845 3207 895 3268 Ad
925 3207 1054 3269 sormam
1083 3221 1147 3270 ter-

54 3293 237 3354 minationis
255 3285 392 3366 πόλεως,
414 3312 492 3374 qnae
511 3295 544 3352 in
565 3291 728 3351 multarum
747 3291 869 3350 urbium
881 3293 1003 3352 nomine
1017 3292 1146 3372 obtinet,

54 3376 236 3436 formarunt
256 3395 378 3456 quoque
396 3367 525 3450 κώμεως
545 3374 577 3434 in
595 3372 654 3434 bac
673 3373 897 3454 compositione.
939 3369 1147 3456 Λεοποκώμη

52 3467 116 3518 aut
140 3449 349 3527 Λεοντόπολις
369 3465 415 3516 est
436 3457 469 3515 in
488 3455 622 3518 themate
641 3455 777 3538 Lycandi
805 3475 857 3516 seu
879 3456 911 3514 in
932 3453 1058 3516 isauria.

146 3539 182 3597 Β.
198 3537 254 3599 ult.
283 3536 457 3622 [697‚18.]
483 3535 655 3619 τηρονάτου
671 3535 849 3616 γενομένου.
893 3537 1073 3598 Tironatum
1096 3537 1147 3600 bic

55 3642 129 3684 ease
151 3632 227 3702 puto
248 3633 311 3681 non
332 3631 444 3681 statum
466 3642 519 3682 sen
539 3621 743 3686 mnditionem
759 3621 884 3692 tironis,
913 3617 966 3680 sed
992 3619 1147 3682 sclerum

50 3723 256 3859 iiim?
275 3703 686 3868 dimittit?
705 3701 1147 3865 {iddpiisiiowiiffiiri

51 3880 92 3931 et
116 3867 321 3929 dexteritatem
340 3887 425 3928 suam
445 3867 476 3928 in
496 3867 662 3928 tractandis
678 3868 770 3926 armis
793 3873 972 3926 monstrent.

146 3951 182 4011 C.
210 3971 256 4013 rr.
278 3949 432 4034 [698,4.]
451 3947 653 4032 iuncxpdrng.
696 3949 821 4011 Poterat
846 3968 968 4032 quoque
994 3941 1147 4034 ἱπποκρά-

49 4123 169 4182 ropac.
210 4104 246 4165 lu
268 4096 451 4163 membranis
471 4115 534 4164 erat
553 4076 678 4184 innexi.
1096 4179 1103 4194 Ι

126 4183 198 4263 404.
219 4188 259 4247 Δ.
275 4185 334 4246 ult.
360 4185 432 4266 699,
453 4183 494 4268 ι.]
512 4185 569 4246 τοῦ
580 4181 710 4246 Στενοῦ.
753 4183 904 4268 usserium
913 4183 1012 4246 cervix
1024 4183 1148 4245 Euxini·

54 4269 225 4333 coenant.
245 4269 314 4332 vu.
395 4272 478 4333 ’.α
500 4265 551 4335 63.
591 4269 650 4333 las
667 4268 864 4332 nautonniers
889 4267 1018 4331 Scantiae
1045 4262 1147 4348 appel·
