2975 4892
276 273 362 367 206
476 297 1141 383 ao‚.uc.ausur‚,com1anmau

271 459 347 519 dam
366 465 559 534 enarrantes,
589 477 683 540 quam
704 477 776 518 arae
795 457 827 518 S.
850 457 981 538 Sophiae
1002 456 1184 518 lastinianus
1201 458 1366 552 lustravit..

175 556 177 560 “
272 541 307 602 si
326 540 396 600 talis
419 539 477 600 fuit
494 538 550 599 illa
569 540 765 621 compositio,
794 538 915 620 qualem
936 540 1076 600 Graeculi
1096 540 1272 622 perhibent,
1305 545 1361 622 (at

276 623 352 684 mihi
372 623 495 704 quidem
515 627 665 683 somniare
685 622 846 698 videatur,
869 633 899 682 et
919 643 1013 704 nugas
1034 643 1101 683 suas
1124 625 1288 684 lustiniano
1307 623 1360 684 af-

275 704 422 788 fingere,)
443 705 501 764 fuit
519 705 625 786 procul
646 705 739 765 dubio
760 702 886 765 ridicula
905 715 936 764 et
958 708 1083 782 insana3
1104 704 1163 765 fuit
1181 717 1282 766 tamen
1302 725 1360 766 ae-

274 799 320 848 tas
341 788 393 848 illa
421 787 564 848 stultitiae
591 789 688 848 omnis
718 809 820 868 capax.
865 787 1033 847 Audiamus
1063 787 1171 868 igitur,
1201 787 1298 871 qualis
1318 809 1361 848 ea

275 871 366 948 [uerit
397 874 584 952 compositio.
626 864 758 952 Χροσόιι
785 865 840 930 καί
867 859 1020 950 ἄργυρον,
1041 871 1083 930 ait
1110 869 1244 931 Codinus
1269 869 1360 952 apud

274 954 326 1012 Du
346 955 447 1036 Gange
475 953 512 1012 ad
539 952 670 1013 Paulum
688 951 842 1013 Silentiar.
869 975 900 1034 p.
919 951 1013 1034 567..
1046 955 1099 1034 qui
1125 950 1212 1036 plura
1239 954 1295 1014 hac
1314 953 1361 1016 de

274 1057 378 1096 mensa
407 1036 516 1113 habet,
549 1036 659 1106 λίθους
690 1055 724 1095 τε
751 1032 874 1112 τιμίους
902 1033 935 1096 tx
966 1029 1106 1112 πάντων,
1139 1035 1356 1115 μαργαρίτας,

273 1113 412 1196 χαλκὸν,
434 1115 579 1195 σίδηρον,
599 1109 765 1195 μόλιβδον,
801 1111 909 1194 ὕελον,
935 1116 989 1177 sat
1008 1118 1113 1178 πᾶσαν
1133 1109 1212 1196 ὕλην
1232 1137 1360 1197 τετριμμ

275 1198 371 1279 μόνην
400 1197 625 1274 καταμίξαντες
654 1193 819 1280 οἷμιχότερα
841 1194 1128 1276 uuigorniensem
1149 1195 1273 1279 ἔχωσαν
1294 1197 1358 1275 α’βω

275 1274 393 1361 delusor.
436 1282 524 1342 Alius
546 1286 606 1361 ait,
633 1281 832 1342 lastinianum
853 1284 962 1342 coactis
982 1283 1138 1359 omnibus,
1161 1301 1239 1364 quae
1257 1293 1355 1359 terra,

275 1385 328 1425 aer
349 1376 378 1424 et
391 1386 470 1446 aqua
485 1366 606 1440 ferunt,
625 1366 761 1446 pretiosis
775 1365 962 1446 vilibusque,
982 1359 1027 1425 soi
1035 1365 1093 1442 μὲν
1114 1365 1274 1446 κρείττονα
1297 1361 1358 1425 καὶ

275 1443 445 1544 τιμιώτερα
460 1446 571 1524 πλείω,
592 1444 631 1509 τὰ
652 1445 687 1508 δὲ
709 1441 886 1526 ἐνδεέστερα
909 1443 1027 1508 ἐλάττω
1034 1494 1043 1523 ,
1065 1440 1104 1506 τὰ
1129 1443 1225 1528 τηκτὰ
1246 1440 1360 1526 τήξας,

259 1550 318 1588 ,τα
339 1525 418 1611 ξηροὶ
441 1528 611 1609 ἐπέβαλεν,
631 1526 689 1589 καί
707 1523 809 1602 οὕτως
823 1529 868 1601 εἰς
888 1526 986 1589 τύπον
1008 1528 1135 1608 ἐπιχέας
1154 1523 1362 1609 συνεπλήρου·

276 1630 331 1672 σιν
366 1606 475 1691 adesir.
507 1604 680 1684 Ὅθονμιαί
706 1609 830 1692 ποικίλη
864 1611 1036 1692 φαινομένη
1066 1605 1191 1689 θάμβος
1220 1611 1361 1691 παρέχει

276 1696 341 1765 τοῖς
361 1691 406 1766 εἰς
434 1688 537 1774 oderis
558 1691 762 1768 αἰειίζοοσιν.
804 1694 921 1755 Ibidem
943 1697 1015 1759 citat
1036 1695 1086 1753 Du
1107 1694 1207 1774 Gange
1227 1716 1245 1754 e
1265 1693 1358 1756 Glos-

277 1777 319 1838 sis
337 1777 431 1838 MStis
459 1775 556 1838 haec:
591 1767 738 1856 ἤλεκτρον
770 1771 926 1854 χάλκιομα
956 1771 1098 1856 καθαρὰν
1123 1769 1143 1857 ἢ
1176 1769 1360 1837 οἷλλότοιιον

274 1859 425 1959 χρυσίον,
455 1860 642 1937 μεμιγμένοι
668 1855 751 1942 sidia)
779 1855 835 1920 καί
860 1855 980 1937 liboae,
1008 1855 1077 1930 οἵας
1097 1849 1137 1940 ἦν
1162 1859 1360 1938 κατασκευῆς

276 1940 372 2021 ητῆς
395 1936 486 2019 ἁγίας
506 1938 626 2022 Σοφίας
645 1937 795 2020 τράπεζα.
834 1941 964 2002 Videtur
985 1951 1087 2000 tamen
1115 1941 1183 2000 talis
1205 1943 1360 2022 composi-

276 2024 321 2082 tio
345 2023 523 2105 nequidem
552 2024 700 2102 possibilis
719 2044 793 2084 esse.
837 2025 1028 2105 Quapropter
1056 2023 1207 2084 crederem
1235 2025 1357 2105 potius,

276 2103 397 2178 tabulae
416 2104 462 2166 illi
493 2105 691 2165 lastinianeae
711 2106 814 2166 infixas
842 2105 932 2166 fuisse
958 2127 1088 2188 gemmas
1109 2119 1140 2168 et
1159 2109 1358 2188 margaritas,

277 2198 309 2246 et
329 2187 412 2248 firmo
442 2187 545 2247 aliisve
575 2188 719 2270 chymicis
739 2187 908 2269 liquoribus
927 2190 1082 2268 adspersos
1101 2187 1354 2261 mauseolum,

276 2270 364 2330 utin
384 2271 475 2330 variis
495 2269 644 2336 distantiis
665 2272 810 2352 spectanti
831 2275 931 2331 varios
945 2271 1059 2332 colores
1081 2272 1241 2341 exhiberet.
1284 2271 1359 2330 Fre·

275 2373 351 2413 num
371 2365 402 2413 et
423 2352 515 2429 sella,
549 2375 626 2434 quae
646 2352 753 2414 Nostro
773 2365 1000 2423 memorantur,
1037 2354 1089 2414 tali
1110 2375 1184 2414 auro
1207 2351 1360 2436 χυμεοτρῖ

276 2436 406 2514 vestita,
437 2447 563 2518 possunt
582 2436 620 2497 ad
645 2435 727 2496 hunc
744 2436 869 2496 modum
890 2458 964 2497 auro
984 2437 1051 2497 fuso
1072 2440 1103 2497 in
1125 2437 1222 2498 varias
1243 2436 1360 2496 formae

276 2527 309 2583 'et
334 2521 460 2662 gemffiis
489 2531 578 2604 atque
600 2520 769 2603 margaritis
794 2540 850 2604 ope
870 2519 994 2603 glutinis
1015 2517 1169 2582 cuiusdam
1189 2519 1286 2581 infixa
1306 2537 1359 2578 re-

277 2623 293 2664 s
433 2621 502 2664 isse.

290 2622 418 2746 persded
436 2698 560 2767 potuere
579 2707 701 2786 quoque
721 2687 803 2768 picta
824 2683 913 2748 fuisse
940 2683 1132 2768 imaginibus.
1174 2681 1262 2744 Certe
1284 2694 1360 2744 aunt

276 2761 363 2842 loca,
386 2769 549 2850 inquibus
568 2790 723 2847 χομειισις
743 2779 848 2830 notare
864 2769 983 2830 videtur
998 2771 1147 2850 picturam
1168 2767 1202 2826 in
1220 2765 1357 2840 metallo,
1461 2821 1462 2832 ,

276 2851 340 2910 sive
361 2852 421 2909 iam
447 2850 498 2910 illa
527 2851 627 2911 adbuc
651 2872 756 2912 recens
782 2862 811 2911 et
830 2851 971 2928 madida,
1005 2863 1040 2913 ut
1057 2859 1210 2924 maneret,
1240 2849 1361 2910 incocta

275 2930 398 2992 metallo
416 2931 526 3009 fuerit,
546 2935 610 2992 sive
630 2932 675 2992 illi
693 2934 907 3015 superinducta
927 2945 1028 2994 crusta
1050 2935 1146 2993 vitrea
1166 2934 1257 2992 etiam
1275 2933 1359 2992 inco·

275 3014 415 3096 quenda,
444 3014 507 3074 sive
527 3013 649 3074 tandem
669 3013 797 3096 laminae
811 3028 915 3078 tenues
934 3037 1043 3077 aureae
1061 3026 1256 3097 argenteaeve
1273 3014 1361 3075 colo·
1461 3049 1462 3052 ¹

275 3108 358 3157 ratae
382 3118 436 3179 pro
469 3095 568 3158 lubitu
596 3100 717 3178 pictoris
747 3119 783 3158 eo
815 3099 905 3160 modo
931 3101 1061 3181 primum
1084 3107 1357 3180 componerentur,
1461 3167 1462 3178 ,

275 3178 384 3241 deinde
397 3182 427 3240 vi
439 3180 516 3261 ignis
525 3179 774 3262 colliquarentur,
789 3193 819 3244 et
829 3183 1169 3258 conferruminarcntur,
1179 3192 1214 3240 ut
1227 3181 1258 3240 in
1269 3183 1363 3241 musi·

274 3266 321 3324 vis
334 3281 404 3323 cum
415 3265 521 3324 vitreis
534 3263 712 3324 staminibus
732 3263 833 3325 fiebat.
856 3267 934 3326 Sane
945 3287 1006 3326 uon
1018 3267 1170 3346 ignorasse
1182 3273 1297 3324 veteres
1311 3283 1363 3324 ar·

273 3356 337 3410 tem
353 3343 474 3406 metalla
487 3347 643 3408 coloraudi
661 3359 744 3429 patet
765 3369 798 3407 ex
814 3347 971 3408 Plutarchi
987 3345 1105 3408 Pericle
1122 3369 1153 3428 p.
1167 3343 1238 3427 289.
1254 3356 1362 3427 antep.

276 3428 325 3490 ed.
340 3429 382 3490 Η.
397 3427 561 3510 Stephani,
575 3432 630 3490 ubi
643 3434 685 3491 sic
698 3430 941 3512 distinguendum
954 3453 963 3491 .·
978 3431 1094 3511 βαφεῖς
1104 3429 1238 3509 χρυσοῦ,
1260 3431 1364 3488 εὐιατο-

274 3532 322 3570 res
331 3514 414 3586 αιιιί,
438 3514 634 3592 μαλακιῆρες
646 3511 823 3593 ἐλέφαντος,
835 3513 1132 3584 euwllitorcseboris,
1149 3511 1186 3570 ad
1202 3510 1271 3570 inde
1284 3531 1363 3572 con-
1461 3517 1462 3544 l

274 3592 402 3652 finienda
420 3595 507 3653 varia
526 3617 663 3678 corpora.
707 3595 814 3655 Narrat
836 3617 956 3676 quoque
971 3594 1173 3655 Philostratus
1188 3595 1224 3652 L.
1248 3593 1272 3652 l.
1290 3593 1359 3656 Vir.
1461 3639 1462 3658 1

273 3674 380 3818 wll.
404 3675 504 3755 Tyan.
523 3699 556 3756 p.
579 3698 654 3760 7¹⁰²
685 3677 776 3738 ludos
802 3677 940 3757 hahuisse
965 3679 1108 3758 imagines
1137 3698 1154 3736 e
1178 3675 1268 3736 variis
1291 3695 1363 3736 me-

330 3761 353 3818 is
373 3759 570 3838 compositas,
595 3761 735 3840 varieque
753 3759 910 3822 coloratas.
955 3761 1041 3838 Quae
1058 3761 1197 3842 quamvis
1220 3753 1362 3821 fabulosa
1461 3815 1462 3838 ἶ

275 3843 335 3901 sint
353 3852 383 3902 et
400 3840 550 3917 conficta,
580 3854 704 3923 apparet
724 3855 850 3922 tamen,
881 3842 1101 3906 Philostratum
1119 3863 1153 3901 ea
1174 3840 1274 3900 adsui
1292 3842 1364 3903 sae-
1461 3839 1462 3910 ξ

275 3922 336 3984 culi
359 3945 474 3984 morem
494 3923 688 4003 confinxisse,
717 3926 798 4007 quod
818 3947 883 3994 non
904 3925 1009 3986 fuisset
1032 3925 1184 3998 facturus,
1206 3925 1230 3984 si
1251 3921 1364 3986 modus
1461 3929 1462 3968 Τ

275 4006 396 4067 metalla
416 4006 579 4088 pingendi,
611 4018 665 4066 aut
683 4009 760 4081 varii
786 4009 895 4069 coloris
917 4008 1039 4069 metalla
1058 4010 1091 4070 in
1112 4010 1202 4068 unius
1220 4009 1365 4088 imaginis
1461 4021 1462 4036 ³

275 4111 406 4174 massam
425 4090 726 4170 comperendinatus
747 4102 820 4152 tunc
839 4091 976 4173 nondum
991 4090 1106 4156 suisset.
1149 4089 1181 4150 si
1195 4100 1277 4154 certe
1292 4109 1366 4148 con-

278 4185 391 4258 staret,
419 4172 495 4256 quid
518 4172 624 4236 suisset
644 4173 743 4237 medio
767 4195 842 4236 aevo
861 4177 1021 4252 sasalcitwn
1042 4195 1133 4258 opus,
1161 4182 1261 4256 posset
1279 4168 1364 4254 dici,
1461 4257 1462 4264 ρ
