2975 4892
85 317 138 384 an
169 282 650 384 normannicarum
669 314 807 384 osum.
838 323 916 387 sn.
949 325 990 385 n.
1026 325 1108 416 7⁰7

35 487 80 536 tur
97 473 227 536 abunde.
268 473 370 534 Verba
392 483 483 536 sunt:
509 469 529 554 ἦ
550 467 650 556 φιάλη
665 469 746 536 sarci
768 474 825 536 τὸν
843 471 956 558 καιρὸν
974 477 1110 556 torta,-

35 557 123 634 ξίμων
159 556 328 617 mansorius
359 557 414 616 sut*
442 542 650 636 ἆμυγὸιὶλων,
674 551 755 618 u’lld
780 555 845 638 μην
863 562 919 620 καί
935 560 1112 640 torrentior

36 637 274 721 πεπληρωμένη,
308 637 449 723 xordc'sov
470 637 505 698 ὲκ
532 637 696 717 στροβίλων
717 637 920 718 ἐκδιδομένυυ
950 643 1046 705 πᾶσιν
1077 645 1111 705 ἐ-

37 723 117 800 κίρνα
140 718 195 781 καί
214 727 346 800 παρεῖχε
365 721 492 803 spungia
513 727 579 792 τοῖς
609 716 679 782 ὅσοι
708 721 750 782 ds’
778 723 917 802 ἐφέσεως
938 719 1025 802 εἰχον
1046 728 1111 789 τῶν

36 793 198 884 ἑστηκότων
217 803 293 864 ἐκεῖ.
338 806 473 864 Manavit
495 803 553 864 hoc
573 825 608 863 ex
629 807 755 885 antiquo
777 826 861 865 more
879 808 1110 888 Imperatorum,

37 889 84 968 qni
103 887 208 946 diebus
228 887 275 946 sui
296 886 498 963 Consulatus,
532 886 564 948 id
586 897 630 948 cst
650 885 791 948 Calendis
811 887 981 961 bunariis,
1003 884 1112 972 proce-¹

37 991 78 1028 res
97 970 235 1030 convivio
255 970 462 1049 excipiebant,
488 969 559 1050 ipsis
580 969 686 1030 solatia
706 969 821 1030 dabant
848 983 879 1032 et
913 973 943 1032 in
965 972 1112 1055 populum

38 1052 148 1114 missilia
170 1049 360 1134 spargebant.
404 1052 451 1112 De
473 1051 669 1132 Heliogabalo
689 1063 794 1114 namt
814 1055 1006 1135 Lampridius
1026 1057 1066 1117 T.
1082 1059 1111 1118 l.

38 1133 162 1216 p.811.:
184 1156 273 1215 qinon
294 1135 475 1196 consulatum
494 1137 618 1209 inisset,
646 1157 704 1196 non
725 1157 859 1196 nummos
873 1139 925 1197 vel
944 1161 1048 1198 niueos
1062 1143 1114 1200 vel

39 1218 246 1298 argemonen
266 1217 391 1278 bellaria
414 1219 466 1278 vel
488 1219 600 1278 murata
628 1219 801 1291 scrinialiis,
822 1221 877 1280 sed
893 1221 1113 1305 homogirum

40 1314 64 1358 et
81 1301 203 1360 cantelos
227 1313 256 1360 et
276 1303 374 1360 mirans
396 1314 425 1360 et
445 1321 545 1360 sersus
564 1301 677 1384 populo
695 1301 878 1384 diripiendos
895 1303 1017 1380 nimau,
1052 1307 1111 1364 im-'

36 1385 205 1464 pemtorrimr
235 1380 272 1440 td
290 1405 349 1444 esse
373 1383 522 1450 dictzlnm.
564 1385 623 1444 Sed
646 1383 800 1444 desierunt
817 1385 955 1467 deinceps
978 1387 1113 1449 missilia.

41 1466 138 1526 incidit
168 1468 227 1526 bac
255 1469 410 1526 occasione
431 1465 516 1527 loeus
543 1467 653 1526 codicis
679 1465 905 1542 Theodosiani,
935 1490 1024 1548 quem
1047 1464 1112 1530 Gu-

39 1547 131 1610 therus
154 1569 184 1630 p.
200 1547 279 1630 499.
313 1557 440 1610 tractat:
463 1550 495 1608 in
520 1551 709 1632 praestatem
730 1552 879 1632 panetarii
897 1555 1022 1634 patroni
1036 1553 1114 1634 fisci

41 1630 82 1690 die
91 1633 267 1710 fisnvitntis
281 1630 356 1692 Kal.
379 1631 504 1691 Inrumr.
523 1633 613 1714 ipsius
634 1634 717 1704 anni,
742 1653 802 1714 per
821 1655 916 1715 ,quem
935 1636 995 1693 tale
1017 1656 1114 1716 pem-

40 1728 102 1792 gunt
119 1711 260 1792 officium,
276 1716 354 1774 iuter
372 1715 540 1798 spectabiles
556 1717 637 1774 sacri
658 1716 824 1774 consistorii
840 1719 955 1775 matites
973 1715 1112 1798 Inspera-

42 1799 102 1856 tcris
119 1819 208 1858 ntauu
230 1800 334 1880 pinnati
361 1799 468 1858 solatia
492 1811 713 1882 consequamur.
756 1798 894 1878 Speciosa
918 1810 965 1858 est
984 1797 1117 1869 Gatheai,

43 1878 184 1958 explicatio
201 1883 307 1960 priuati
325 1901 381 1962 pro
401 1882 517 1954 notati,
539 1882 659 1960 signati.
700 1875 794 1940 Forte
814 1891 914 1940 tamen
937 1883 1047 1942 rectius
1067 1904 1114 1942 ac·

43 1962 122 2040 cipins
140 1983 196 2043 pro
220 1963 289 2038 icti,
321 1964 472 2046 percussi,
504 1959 702 2038 νυττόμενοι,
735 1983 812 2045 quos
832 1965 999 2045 imperator
1019 1978 1118 2028 manti.

43 2062 87 2104 sua
106 2049 213 2128 tetigit.
265 2045 340 2106 Nam
379 2067 413 2104 ex
443 2045 513 2126 ipsis
533 2045 725 2124 Imperatoris
757 2043 897 2107 manibus
929 2047 1115 2130 accipiebant

44 2144 177 2206 munera3
200 2127 262 2187 vid.
284 2126 495 2210 potans.
520 2139 549 2188 et
570 2129 744 2189 35t.tl.a.
1074 2198 1077 2203 y
1108 2195 1111 2201 ¹

113 2213 284 2293 Antequam
312 2212 352 2272 ab
385 2211 443 2271 hoc
464 2222 640 2290 argumento
668 2211 832 2283 decedam,
856 2207 1017 2271 dicendum
1038 2211 1113 2271 inibi

45 2290 75 2351 de
93 2295 167 2355 lestis
185 2305 324 2355 veterum
355 2292 556 2354 inominalibus
590 2314 654 2354 esse
675 2296 822 2354 existimo.
867 2293 1039 2354 Celebrasse
1062 2311 1114 2354 re⁴

45 2383 109 2436 teres
128 2378 190 2440 dics
213 2377 303 2438 festos
322 2377 361 2436 ob
382 2379 505 2436 nomina
529 2378 715 2452 amicornm,
737 2379 830 2459 possit
850 2398 868 2436 e
888 2376 955 2438 loco
975 2377 1114 2456 Gregorii

46 2457 206 2522 Nazianzeni
229 2458 321 2541 paulo
342 2470 410 2540 post
444 2459 565 2520 citando
585 2451 736 2520 concludi.
781 2461 861 2518 Num
888 2470 991 2520 autem
1025 2481 1114 2540 prae·

45 2549 83 2600 ter
101 2548 247 2608 rationem
267 2545 403 2624 superius
423 2544 587 2624 expositam
607 2545 637 2601 in
659 2540 849 2610 brumalibus
871 2541 1036 2603 norninalia
1064 2556 1114 2604 ce*

45 2619 165 2708 lebrandi
188 2631 279 2688 enam
299 2626 365 2686 aliis
378 2624 564 2706 temporibus
584 2625 688 2686 eadem
703 2623 941 2699 celebraverint,
964 2646 1026 2684 non
1039 2646 1114 2686 oon-

46 2717 103 2768 stat.
142 2711 255 2772 Putem
287 2719 387 2770 tamen
413 2707 538 2770 omnino
565 2705 631 2768 aliis
660 2727 781 2788 quoque
808 2707 914 2767 diebus
933 2703 1047 2768 natales
1067 2709 1115 2768 sui

46 2809 180 2875 quemque
200 2793 332 2854 nominis
360 2792 464 2872 egisse.
518 2791 564 2850 At
583 2789 736 2872 quomodo
773 2787 820 2849 vel
840 2790 962 2870 qnando
982 2789 1041 2850 hoc
1061 2789 1116 2860 fis,

46 2867 107 2932 bat?
144 2877 223 2937 Sane
250 2884 324 2935 tune
353 2893 415 2934 non
436 2872 605 2934 calendaria
626 2871 780 2932 habebant
798 2875 868 2932 cum
888 2872 1034 2932 attributo
1054 2872 1116 2932 diei

45 2959 141 3037 cuique
162 2980 218 3020 sno
239 2959 372 3018 nomine.
425 2957 552 3016 Necesse
573 2957 664 3040 igitur
685 2966 744 3029 est,
768 2966 805 3014 nt
825 2953 954 3014 natalem
985 2957 1116 3015 nominis

47 3043 84 3097 sni
104 3042 226 3122 gentiles
246 3029 367 3123 quidetri
389 3045 497 3100 octavo
518 3033 584 3122 pasl
605 3040 794 3099 nativitatem
822 3043 929 3116 suam,
951 3037 1117 3099 Christiani

46 3133 134 3183 autem
162 3125 306 3207 baptismi
333 3125 378 3184 sui
410 3123 459 3182 die
489 3121 687 3183 celebrarent.
737 3121 825 3180 Tune
846 3123 927 3180 enim
947 3120 979 3180 hi
1001 3137 1116 3181 norum

45 3210 141 3267 bornen
163 3207 360 3289 accipiebant.
416 3205 514 3266 Locus
535 3207 672 3286 Gregorii
700 3206 750 3266 hic
783 3213 828 3264 est
848 3205 878 3263 in
901 3215 978 3263 orat.
998 3203 1037 3262 de
1057 3199 1118 3262 Ba:

46 3288 161 3364 ptismot
184 3291 241 3352 xci
259 3279 320 3368 γὰρ
342 3283 455 3368 ἔπρεπε
473 3282 661 3367 χαρμόσυνα
680 3288 799 3348 θέσθαι
829 3287 885 3364 τῆς
904 3285 1060 3365 σωτηρίας
1080 3281 1117 3364 ’l'

47 3369 105 3441 μῶν
124 3370 177 3433 κατ’
196 3367 276 3434 nolti
298 3371 418 3448 μᾶλλον
437 3359 458 3448 ἢ
478 3364 618 3449 γαμήλιον
633 3371 685 3430 sni
697 3369 843 3448 γενέθλια
864 3368 920 3427 καί
939 3365 1118 3443 cauponari-¹

47 3471 91 3526 ρια
109 3459 170 3526 soie
190 3455 247 3536 τῆς
267 3449 385 3534 scande
400 3451 517 3534 pilose,
540 3446 719 3534 sbbpdnvrn'
741 3469 776 3511 ss
797 3445 852 3510 καὶ
870 3445 1119 3508 κατοικέσιακαὶ

48 3529 154 3612 ἐτήσια.
209 3539 313 3601 Pttssit
333 3557 368 3597 ex
389 3534 448 3596 boc
478 3534 546 3595 loco
567 3534 719 3610 concludi,
741 3532 805 3592 dias
825 3531 940 3591 natales
958 3531 1118 3592 nominant

48 3625 193 3695 quotannis
223 3631 384 3682 renovatos
413 3617 513 3678 luisse.
556 3619 614 3678 Sed
635 3638 729 3699 quum
751 3625 937 3676 caeterorum
958 3611 1048 3672 simul
1069 3629 1118 3673 re*

49 3705 217 3766 cantiorum
239 3704 387 3787 quaedam
407 3701 485 3774 sint‚·
509 3696 602 3761 ut‘sd
624 3689 802 3779 κουρόσυνα
823 3695 901 3758 etad
923 3693 1117 3771 narcissum,

49 3801 113 3860 quae
130 3787 197 3867 plus
218 3787 311 3848 semel
339 3783 487 3862 celebrata
518 3783 610 3844 fuisse
641 3783 690 3842 'vix
711 3779 876 3856 ridentur,
893 3778 983 3839 etiam
1003 3771 1120 3852 drona-³

49 3861 148 3946 ῦῐὴρια
167 3875 264 3950 satiem
283 3869 374 3930 fuerit
396 3877 451 3949 pto
472 3867 548 3926 sesto
571 3869 704 3948 accipere
732 3861 878 3922 celebrari
906 3872 973 3922 tum
998 3858 1119 3936 solitar
1176 3899 1183 3930 .

48 3951 127 4012 mel
145 3977 200 4035 per
219 3965 316 4016 totam
337 3951 483 4031 cuiusque
508 3953 621 4026 sitam,
642 3957 738 4029 quum
765 3949 897 4026 primum
921 3955 951 4004 et
973 3963 997 4022 a,
1012 3944 1120 4023 primis

49 4028 95 4110 ipsi
113 4057 221 4099 nomen
252 4037 481 4117 imponeretur,-
510 4029 765 4114 quemadmodum
783 4019 922 4106 γαμήλιόν
944 4025 1054 4086 festum
1076 4025 1120 4084 si·

84 4117 156 4182 ilicat
174 4121 330 4183 occasione
361 4119 558 4197 nuptiarum,
593 4112 912 4190 ysrtdltmoocasione
931 4109 997 4170 cati
1017 4105 1121 4168 infant-⁶

48 4133 96 4276 li,
118 4202 298 4288 νωνηόσννωἱ
330 4203 486 4264 ammiane
514 4195 620 4280 capilli,
634 4206 665 4258 et
690 4193 805 4258 barbae
834 4195 949 4277 primm
977 4191 1119 4273 positast
