2975 4892
263 253 266 266 ’
333 275 422 378 ὀαιί
566 302 622 367 ιο.
651 301 731 368 rac.
759 299 908 365 narsen
935 297 1218 366 counanrann

332 453 541 542 μητατῶριον,
553 461 666 520 omissa
679 456 778 520 littera
802 456 884 520 finali
902 479 938 520 vr
964 480 1054 543 quem
1072 457 1187 520 librarii
1196 455 1382 518 nostrimnen

333 543 515 626 praesertim
534 544 567 603 in
588 539 721 602 secundo
740 540 895 603 volumine
916 541 1055 624 religiose
1076 545 1215 624 expressi.
1253 537 1325 598 Nihil
1338 540 1382 614 ire-

335 629 478 708 quentius
506 622 551 684 illi
574 645 665 706 quam
689 623 829 705 καρῳίο,
850 624 984 686 catturae
1009 638 1040 687 et
1069 623 1153 685 talia.
1195 623 1241 684 Sic
1262 625 1289 680 in
1311 622 1383 715 speci]

334 710 418 770 mine
437 707 532 768 nostri
549 708 660 768 codicis
677 727 746 767 aere
762 724 897 788 expresso
922 718 967 768 est
992 703 1232 786 uetanspt'enete
1251 724 1300 785 pm
1322 723 1381 762 aare

334 788 541 872 neprbeetav,
569 788 622 855 lin.
632 787 760 932 penult.
785 799 814 848 et
829 789 884 850 lin.
906 791 952 854 15.
968 787 1134 869 λαβδαρέω
1147 809 1200 871 pro
1222 783 1382 865 taetantes.

334 871 436 936 Paulo
451 883 522 932 ante
541 893 572 953 p.
589 873 625 933 δι
654 874 715 933 .Β.
731 869 762 932 5.
780 869 966 934 habebamus
983 867 1149 953 γραδὴλιο.
1192 869 1272 932 Infra
1289 890 1315 949 p.
1328 867 1383 947 557.

335 957 373 1018 B.
386 978 418 1039 9.
431 954 609 1016 babebimus
627 949 756 1034 χλανίδι
777 975 833 1036 pro
857 952 1021 1034 χλανίδιν,
1046 974 1078 1037 p.
1102 951 1174 1033 546.
1188 953 1274 1016 D..6.
1293 951 1384 1030 sintn-

335 1035 457 1119 poldyto
467 1082 478 1114 ,
495 1059 528 1120 p.
551 1035 621 1099 380.
632 1037 668 1098 C.
688 1035 807 1118 suppio
824 1048 854 1098 et
875 1043 1082 1115 κυνοστομαῑο
1104 1048 1135 1097 et
1158 1037 1347 1113 cardamate,
1365 1053 1387 1112 p

336 1120 509 1203 381.B.7.
532 1116 578 1191 εἷς
605 1115 718 1199 Συρία.
760 1119 795 1179 ln
827 1117 932 1203 glossis
961 1121 1088 1180 nomicis
1120 1117 1234 1180 Lebbei
1256 1127 1297 1178 est
1310 1134 1386 1192 nepe·

335 1201 440 1283 βλέτιο
458 1224 515 1283 pro
532 1201 752 1282 παραβλέπων.
793 1202 884 1283 Apud
905 1201 944 1264 cl.
966 1201 1125 1264 Corsinum
1145 1202 1177 1261 in
1194 1200 1269 1262 libro
1282 1199 1315 1258 de
1327 1200 1387 1256 nous

335 1288 523 1346 Graecorum
545 1305 578 1366 p.
591 1284 643 1347 36.
659 1296 705 1346 est
717 1283 850 1348 ΑΡΧΩ
869 1305 924 1366 pro
942 1280 1107 1347 ΑΡΧΩΝ
1118 1329 1128 1362 ,
1156 1305 1246 1366 super
1269 1277 1298 1341 Ω
1316 1289 1342 1340 ct
1358 1277 1387 1339 ad

335 1369 402 1428 cius
428 1365 508 1429 la'tus
533 1366 624 1428 ducta
646 1366 726 1429 linea
756 1367 964 1440 circumflexa,
999 1389 1077 1450 quae
1103 1367 1280 1448 ipsissimum
1303 1374 1340 1423 est
1366 1381 1388 1421 ν.

334 1449 416 1512 Nam
437 1449 568 1512 litteram
583 1454 671 1512 istam
688 1453 720 1511 in
735 1451 890 1512 codicibus
907 1451 1005 1513 msstis
1018 1471 1140 1534 quoque
1156 1445 1335 1511 circumdem
1352 1464 1388 1502 re·

335 1543 544 1615 praesentant.
584 1532 672 1594 idem
688 1533 807 1596 Corsini
823 1533 997 1617 Appendice
1017 1535 1057 1594 ad
1079 1532 1236 1593 laudatum
1253 1549 1323 1612 opus
1339 1546 1391 1608 pag·

338 1613 392 1676 28.
409 1617 563 1695 observat,
579 1617 612 1676 in
628 1615 878 1698 Inscriptionibus
896 1616 1060 1695 Psyclrario
1071 1636 1127 1698 pro
1140 1616 1319 1686 Psrclrnnbn
1329 1629 1393 1689 repe·

335 1699 403 1759 riri.
445 1696 528 1760 lnfra
555 1720 588 1780 p.
613 1697 685 1777 342.
705 1701 746 1760 D.
768 1701 800 1777 d.
820 1711 866 1762 est
889 1697 1073 1778 Ἀποχαβδᾶ
1090 1720 1147 1779 pro
1163 1690 1391 1775 Ἀπουχαμβδᾶν.

335 1780 429 1862 Apud
447 1782 499 1842 Du
518 1782 666 1863 Congium
683 1783 733 1843 Gl.
752 1783 808 1843 Gr.
833 1804 865 1865 p.
895 1802 983 1842 ιιιι.
1001 1780 1150 1884 scopant&
1168 1800 1224 1863 pro
1245 1773 1390 1857 nepapubt·

336 1863 461 1946 Ubique
490 1875 605 1947 prostat
626 1863 724 1925 forma
748 1861 947 1946 Ἀμερουμνῆ
982 1863 1032 1925 vel
1061 1859 1302 1942 Αμερμουμνῆ,
1335 1875 1392 1937 qnae

335 1944 427 2007 lectio
445 1959 517 2008 nate
549 1957 595 2008 est
624 1947 663 2006 ab
691 1947 927 2029 illis,i1uinon'
954 1943 1185 2028 intelligebant,
1199 1939 1393 2007 circumflexum

337 2038 369 2089 et
388 2033 455 2091 vice
470 2041 611 2091 accentus
625 2029 668 2091 ibi
684 2030 768 2111 fungi
787 2042 818 2091 et
834 2028 965 2091 litteram
988 2029 1177 2090 deficientem
1202 2049 1220 2089 v
1247 2042 1391 2108 repraesen-

335 2121 414 2173 tare.
455 2111 537 2172 Nam
561 2110 649 2193 plena
671 2123 701 2172 et
727 2124 810 2173 recta
841 2113 938 2174 forma
965 2123 1010 2172 est
1036 2107 1300 2192 Ἆμερμουμνῆν,
1321 2106 1394 2166 Anser

335 2193 492 2254 Mwnnin.
532 2194 579 2254 Ex
606 2193 665 2254 boc
688 2215 805 2257 canone
828 2195 924 2256 multa
943 2204 1069 2278 possunt
1098 2204 1240 2256 veterum
1264 2200 1394 2252 auctorum

336 2285 369 2336 et
391 2296 576 2336 marmorum
594 2276 661 2337 loca
685 2279 860 2356 emendari,
880 2291 1024 2360 corrupta
1053 2297 1115 2337 non
1135 2288 1202 2336 tam
1225 2267 1394 2355 antiquieab

336 2355 469 2419 librariis
489 2370 520 2420 et
535 2359 563 2440 le
586 2359 701 2438 idariis,
722 2381 813 2443 quarn
827 2383 846 2421 a
858 2355 1054 2444 typographis
1068 2369 1100 2420 et
1115 2358 1283 2420 editoribus
1298 2354 1393 2424 noetus,

336 2442 390 2521 qui
424 2381 637 2524 compendium
661 2444 829 2525 scripturae
858 2445 968 2504 veteris
996 2463 1058 2503 non
1090 2441 1305 2524 percipiebant.
1343 2434 1392 2494 non

336 2524 419 2584 enim
452 2527 562 2585 vitium
605 2520 721 2586 faciunt
750 2529 803 2608 qui
829 2524 959 2588 litteram
997 2528 1140 2586 omittunt
1174 2545 1259 2585 more
1275 2523 1318 2584 sui
1338 2529 1396 2578 tcm-

335 2609 419 2688 poris
437 2607 598 2702 universali
615 2652 624 2686 ,
643 2608 697 2668 sed
724 2608 768 2670 illi
784 2655 794 2688 ‚
809 2611 861 2691 qui
886 2630 948 2706 non
972 2608 1090 2669 addunt
1111 2607 1144 2667 in
1171 2605 1258 2668 libris
1276 2617 1393 2700 typorum

336 2709 590 2856 tlttft‘tftt’
609 2690 1021 2836 ttsttllttltdt.
1035 2683 1397 2834 tlatltldlffl

336 2854 522 2936 improbare.
562 2857 605 2918 Et
622 2857 756 2938 prolecto
777 2855 868 2918 aliam
887 2858 1059 2918 institissem
1080 2856 1186 2934 viam,
1216 2858 1244 2917 si
1257 2852 1327 2914 mihi
1341 2866 1397 2908 aon-

335 2937 691 3082 diffitentes?
716 2939 849 3082 Ὗ
863 2939 984 3083 titt.
1007 2934 1398 3082 lilldssffllbilll

335 3099 432 3182 legem
450 3103 526 3162 mihi
544 3106 648 3187 scripsi
664 3067 732 3165 edm
741 3041 808 3183 :plat
826 3043 967 3186 sdquerer
994 3123 1101 3164 earum
1125 3103 1317 3186 exemplum,
1333 3045 1397 3178 quod

334 3195 432 3247 mutet
460 3185 601 3267 deinceps
623 3199 769 3248 venturus
792 3185 901 3269 aliquis
919 3187 1027 3249 editor.
1069 3186 1136 3268 Ego
1157 3207 1234 3248 vero
1249 3197 1279 3246 et
1298 3181 1396 3242 illorum

336 3277 368 3327 et
385 3269 575 3350 superiorum
597 3280 768 3351 temporum
796 3287 895 3331 mores
916 3290 952 3330 ex
967 3270 1145 3330 auctoritate
1177 3269 1397 3330 membranarum

267 3361 272 3368 ·
333 3349 472 3449 religiose
505 3350 632 3412 reddere
654 3352 737 3414 volui
766 3351 928 3436 debuique.
972 3353 1053 3413 Bene
1071 3353 1156 3414 enim
1171 3351 1269 3430 novi,
1290 3351 1397 3408 manc

333 3431 496 3495 hodiernos
524 3433 663 3496 Nfinale
694 3421 760 3496 non'
778 3437 810 3496 in
842 3433 1000 3496 scribendo
1032 3446 1171 3512 tentum,
1200 3434 1253 3497 sod
1273 3427 1396 3494 eumin

334 3533 473 3578 sermone
485 3516 644 3595 omittere3
666 3538 766 3600 neque
787 3539 868 3578 novo
885 3516 917 3579 id
936 3516 1091 3600 exemplo,
1123 3519 1178 3579 sed
1196 3530 1309 3596 veteres
1333 3529 1395 3592 ‹1¹¹0·

332 3616 394 3675 que
421 3601 464 3658 sic
493 3601 692 3662 consuevisse.
733 3601 826 3663 Unde
853 3603 934 3661 enim
962 3601 1063 3661 Latini
1092 3622 1206 3662 vocum
1238 3601 1398 3664 Grammffl

333 3680 558 3742 terminationes
587 3685 620 3743 in
651 3704 695 3743 ων
725 3682 833 3744 ultime
862 3682 962 3745 littera
989 3683 1198 3760 mutilassent‚
1232 3683 1291 3744 nisi
1350 3683 1398 3734 lm

333 3777 451 3832 eorum,
477 3762 586 3825 Aeoles
612 3777 644 3826 et
663 3767 773 3844 Dones,
795 3767 826 3828 id
853 3786 904 3827 eos
922 3765 1116 3828 docuissent?
1157 3766 1272 3836 Plato,
1292 3698 1400 3901 daupi&

334 3852 414 3916 erno,
438 3844 510 3904 item
530 3851 637 3925 stacte,
653 3851 806 3930 generatio
827 3847 933 3910 dicunt
951 3859 987 3932 et=
1001 3849 1122 3910 similia.
1143 3849 1226 3910 Sunt
1244 3849 1320 3910 enim
1358 3857 1399 3898 Μ

333 3941 417 3983 merc
436 3927 575 4005 Graeca3
597 3941 633 3989 ut
647 3954 666 3992 a
684 3926 798 4002 στατὸς
814 3933 849 3992 frt
868 3929 1021 4008 arctabar,
1042 3935 1084 3992 ita
1104 3955 1123 3992 a
1142 3929 1305 4010 γενεράτος
1318 3925 1399 3999 ΒΨ

333 4004 497 4082 recordor.
539 4012 646 4095 Neque
676 4033 695 4074 r
722 4011 811 4073 finale
832 4011 1044 4088 solummodo,
1076 4015 1128 4075 sed
1148 4015 1242 4074 etiam
1271 4011 1332 4082 cin
1351 4015 1400 4064 let·

331 4091 500 4150 rnrnatione
520 4111 557 4172 ης
578 4105 610 4157 et
629 4116 663 4166 ος
682 4096 872 4156 omittebant.
904 4094 987 4156 Nihil
1002 4096 1190 4179 frequentans
1204 4094 1285 4176 apud
1299 4093 1401 4180 Lupus!

332 4168 583 4256 Protosputhem,
616 4199 709 4260 qum
727 4179 887 4256 Marmei,
905 4179 1060 4262 Stratr'go,
1086 4175 1244 4260 Pente,
1264 4169 1401 4240 nuntia
