2975 4892
193 321 250 386 ln
279 320 503 388 cousrnur.
532 318 1028 386 coniuncturum.
1060 325 1085 384 1.
1129 292 1212 382 363

126 501 165 542 eo
184 468 264 564 fugit
281 482 380 562 ipsum
408 484 504 554 ratio,
532 479 615 561 quod
641 479 770 539 credidit
793 478 925 540 Graecos
954 477 1036 540 hunc
1056 466 1207 543 ¹luduma

126 567 251 624 latinis
278 568 427 646 accepisse
471 575 501 623 et
532 582 638 623 vocem
658 564 802 637 chicane,
835 574 984 645 quatenus
1002 562 1109 623 ludum
1129 565 1211 625 hunc

125 658 296 728 equestrem
317 659 425 722 notat,
460 647 595 706 Gallicae
620 647 743 727 originis
777 663 849 708 esse.
891 645 969 706 Nam
991 646 1096 728 procul
1118 647 1225 720 dubio,

123 741 157 790 et
176 748 288 791 nomen
308 741 339 791 et
359 753 406 791 res
427 751 444 791 e
463 731 566 791 Persia
587 731 690 806 venit,
721 729 786 790 vid.
820 727 898 788 dclle
920 729 1008 790 Valle
1030 741 1059 790 et
1079 731 1207 791 Sanson.

129 813 262 874 Videtur
282 814 357 874 mihi
378 813 486 876 ludum
503 813 585 874 hunc
605 811 760 896 designare
779 809 926 873 Paulinus
951 813 982 873 in
1001 813 1210 875 Eucharistico

126 917 173 956 vs.
199 917 209 954 ι
238 899 289 958 δή

212 895 236 976 4
289 979 447 1040 Fri-matur
459 981 562 1060 facile
575 979 620 1039 nd
638 979 781 1038 mamilia
797 983 861 1040 vcta
878 979 1044 1064 sepienda,
1159 1045 1162 1054 ‚

295 1061 336 1122 Ut
353 1067 429 1123 milri
443 1065 567 1148 prdelrer
578 1085 668 1148 eqrucr
673 1064 844 1148 faterisque
858 1065 995 1124 ementior
1008 1076 1098 1143 esset,
1123 1059 1126 1066 ’

289 1145 409 1207 Strator
423 1167 580 1230 procerae,
596 1148 690 1206 velox
709 1149 791 1207 cauis
813 1161 842 1207 et
854 1149 997 1229 speciosus

292 1228 465 1313 Accipiter,
487 1231 622 1290 Romana
643 1243 672 1289 et
682 1250 777 1313 nuper
795 1232 833 1289 ab
848 1231 918 1288 arte
932 1231 1028 1312 petita

291 1313 411 1373 Amara
428 1315 581 1374 instrueret
594 1325 725 1372 nostrum
737 1315 817 1391 spiere
836 1315 947 1372 conrr'ta
962 1313 1075 1374 ludrcm.

209 1393 245 1454 C.
281 1395 400 1475 .[582‚
440 1395 484 1477 10]
517 1394 561 1479 τῷ
594 1385 723 1474 ἄρχοντι
744 1395 801 1474 τῆς
820 1394 969 1476 θυμέλης.
1018 1396 1208 1458 Praefectum

125 1497 197 1559 ergo
218 1416 361 1538 ludorum
382 1480 571 1539 scenicorum
592 1487 622 1537 et
634 1478 766 1538 musicae
784 1478 1022 1539 instrumentalis
1043 1478 1207 1539 habehant.

124 1559 238 1619 Procul
254 1562 348 1622 dubio
368 1562 448 1622 idem
470 1572 515 1622 cst
535 1572 626 1643 atque
655 1560 828 1621 domesticus
854 1563 1021 1639 thymum,
1054 1565 1108 1642 qui
1129 1562 1207 1622 infra

125 1665 159 1724 p.
176 1643 250 1726 4¹7·
266 1645 301 1704 B.
321 1668 348 1705 r.
381 1647 459 1705 inter
477 1644 618 1706 officiales
638 1642 815 1703 chartularii
839 1643 949 1704 sacellii
963 1655 1132 1725 postremus
1153 1666 1209 1704 no·

124 1727 271 1786 minatur.
314 1729 386 1804 Quo
407 1728 475 1789 loco
494 1730 566 1788 satis
586 1728 690 1786 mirari
704 1747 766 1786 non
780 1746 921 1808 possum,
945 1727 1027 1808 quod
1042 1725 1209 1807 praefectus

125 1809 277 1892 thymelae
297 1807 389 1872 fuerit
408 1813 467 1873 sub
487 1811 683 1892 dispositione
701 1807 842 1887 Sacellii3
863 1829 956 1892 quem
973 1809 1033 1870 alio
1051 1809 1119 1870 loco
1142 1809 1209 1868 dico

123 1893 200 1952 mihi
222 1893 320 1953 videri
340 1894 468 1956 similem
490 1894 579 1954 fuisse
608 1896 719 1954 nostris
739 1891 948 1975 almosynan'is
976 1895 1009 1952 in
1030 1891 1106 1952 aulis
1126 1895 1212 1972 prin*

122 1976 226 2058 cipum
255 1976 486 2038 catholicorum.
527 1977 599 2037 Non
620 1977 702 2037 enim
723 1977 865 2040 amabant
886 1979 986 2058 impp.
1010 1976 1118 2034 Graeci
1139 1995 1210 2034 mu-

125 2061 218 2121 sicam
239 2061 501 2122 instrumentalem
533 2071 563 2121 et
583 2080 685 2120 errore
704 2063 923 2140 superstitionis
943 2057 1129 2119 monachalis
1162 2061 1210 2117 in-

123 2139 196 2201 fecti
226 2163 283 2222 pro
314 2165 348 2202 re
375 2146 458 2226 turpi
488 2154 519 2204 et
539 2146 633 2204 vetita
652 2161 720 2203 eam
743 2143 908 2204 habehant.
951 2143 1067 2202 Verum
1088 2140 1211 2224 quidem

124 2235 190 2304 est,
208 2225 396 2306 thymelem,
419 2228 450 2287 id
473 2236 518 2289 est
538 2247 682 2304 scenam,
702 2227 735 2285 in
748 2247 807 2307 qua
823 2230 937 2288 musica
950 2229 1124 2310 praecipuas
1138 2245 1210 2306 par-

124 2317 172 2368 tes
192 2309 317 2388 agebat,
341 2310 507 2370 multorum
526 2311 671 2369 vitiorum
695 2321 823 2369 matrem
844 2309 935 2370 fuisse
948 2310 1209 2392 antiquis-tempo-

123 2391 229 2467 ribus,
251 2402 282 2452 et
302 2391 499 2475 thymelicos,
521 2391 617 2453 idest
637 2393 797 2454 histriones
816 2396 961 2454 musicam
982 2403 1167 2468 exercentes,
1191 2413 1211 2452 a

124 2472 243 2535 Latinis
265 2476 365 2536 medio
383 2497 459 2536 nevo
479 2475 656 2536 ministellos
676 2475 791 2554 diuos,
822 2475 913 2536 hodie
935 2477 1086 2536 virtuosos
1107 2475 1213 2535 dicunt

125 2568 157 2617 et
176 2567 322 2618 cornutos
335 2606 343 2632 ,
366 2559 458 2620 fnisse
469 2581 564 2642 genus
577 2559 736 2620 hominum
749 2557 1029 2640 flagitiosissimum,
1051 2557 1211 2638 perdendis

124 2640 252 2718 multis,
279 2640 465 2703 oblectandis
491 2645 594 2724 paucis
620 2643 758 2716 factum,
788 2643 840 2722 qui
870 2662 943 2704 vera
965 2643 1059 2700 animi
1078 2639 1211 2700 oblecta-

123 2735 229 2783 menta
259 2727 410 2808 ignorant.
453 2726 514 2786 Sed
543 2737 701 2808 propterea
729 2727 844 2785 musica
875 2727 941 2806 ipsa
968 2725 1120 2784 contemni
1149 2743 1212 2782 non

123 2801 266 2867 debehat.
300 2807 423 2868 Certum
434 2820 537 2870 tamen
558 2820 620 2889 est,
640 2809 772 2870 Graecos
793 2809 832 2868 ab
854 2826 889 2869 ea
910 2807 994 2868 velut
1016 2827 1033 2866 a
1054 2825 1087 2865 re
1107 2805 1212 2866 infami

124 2889 339 2968 abhorruisse,
363 2913 460 2975 eoque
480 2915 582 2954 errore
611 2914 681 2952 curn
711 2895 843 2970 Russos,
876 2902 943 2952 turn
973 2889 1212 2951 Muharnedanos

123 2972 286 3049 infecisse,
319 2996 451 3056 quorum
479 2976 523 3036 illi
546 2980 692 3037 musicam
712 2973 972 3036 instrumentalem
999 2989 1119 3035 omnem
1150 2973 1212 3036 suis

124 3055 247 3137 templis
268 3057 449 3138 excludunt,
480 3058 512 3118 hi
533 3059 583 3119 vel
603 3062 700 3142 ipsam
720 3080 842 3142 quoque
854 3058 1007 3137 vocalem,
1029 3067 1059 3118 et
1080 3077 1116 3117 eo
1139 3077 1213 3137 prc-

124 3140 240 3199 cedunt
251 3141 326 3217 odii,
349 3152 396 3218 ut,
411 3164 508 3224 quum
518 3143 614 3204 velint
627 3141 778 3226 profligati
792 3143 916 3226 pudoris
929 3143 1083 3202 hominem
1099 3139 1213 3218 dicere,

123 3221 363 3305 criminibusque
375 3225 565 3286 odiosissrmrs
579 3229 784 3308 inquinatum,
800 3228 936 3304 atheum,
951 3225 1121 3307 perditum,
1138 3243 1209 3282 eum

121 3305 305 3386 perhibeant
324 3327 400 3368 voce
425 3309 594 3392 fidibusque
613 3323 730 3370 canere.
774 3311 854 3370 Hinc
883 3309 1016 3380 factum,
1043 3318 1078 3366 ut
1098 3304 1211 3385 oppido

122 3409 197 3448 rano
217 3411 272 3469 per
291 3390 425 3451 codicem
439 3391 520 3452 hunc
534 3403 673 3454 nostrum
686 3402 894 3452 memorentur
905 3392 1012 3451 musici
1027 3391 1212 3448 instrumen-

121 3472 163 3531 tis
184 3484 351 3552 canentes,
374 3474 543 3558 thymelici.
583 3479 641 3538 Vix
658 3496 795 3556 unqunm
808 3474 868 3534 illis
889 3475 1034 3533 musicam
1055 3489 1140 3530 snam
1161 3491 1212 3528 err·

123 3573 227 3615 eccere
247 3553 376 3635 licebat,
400 3561 458 3619 nisi
481 3563 599 3621 statutis
618 3559 802 3640 quibusdam
823 3557 930 3616 diebus
944 3554 1059 3615 solutae
1077 3551 1213 3613 hilarita-

120 3639 163 3696 tis
184 3649 216 3698 et
233 3638 392 3718 licentiae,
414 3641 512 3722 qualis
534 3654 600 3704 erat
621 3644 672 3703 hic
694 3641 768 3702 ludo
781 3639 911 3699 Gothico
925 3637 1100 3698 destinatus.
1124 3637 1211 3698 Tunc

123 3723 207 3780 enim
220 3725 334 3783 servari
349 3722 479 3786 debehat
492 3731 632 3810 antiquus
643 3728 725 3788 ritus
737 3727 770 3784 in
791 3721 939 3783 honorem
959 3723 1134 3794 vetustatis,
1157 3741 1211 3782 ne-

124 3823 186 3884 que
206 3815 327 3886 poterat
346 3807 395 3867 vel
416 3831 434 3869 a
455 3809 684 3892 religiosissimis
706 3805 897 3890 principibus
917 3807 1066 3886 abrogari.
1090 3803 1212 3863 Produ-

124 3883 273 3947 cehantnr
293 3911 415 3972 quoqne
434 3894 595 3976 thymelica
620 3889 790 3974 spectacula
803 3891 835 3949 in
849 3892 1013 3962 conviviis,
1038 3887 1148 3970 quibus
1167 3885 1212 3946 le-

122 3971 185 4050 gati
207 3974 299 4031 exteri
321 3977 653 4054 excipiebanturssl‘vid.
670 3985 701 4059 p:
715 3972 787 4052 542.
804 3975 838 4032 B.
858 3971 1074 4040 52³¹¹¹Prlorum
1088 3970 1210 4052 quidem

121 4052 347 4134 Imperatorum
368 4059 576 4120 Romanorum
603 4061 769 4120 utebantur
790 4054 883 4139 aliqui
900 4059 1018 4116 triusion
1041 4067 1071 4114 et
1091 4055 1212 4136 thyme-

121 4131 191 4197 licis
211 4139 291 4199 inter
311 4143 533 4222 prandendum.
567 4143 805 4228 Olympiodorns
828 4140 908 4224 apud
923 4141 1074 4200 'Photiurn
1098 4159 1127 4220 p.
1145 4139 1212 4198 108.

120 4218 173 4282 ed·
196 4221 328 4289 Hoesch.
350 4227 403 4288 de'
418 4228 594 4290 Constantio
626 4227 701 4290 hacc
722 4233 850 4287 narrat:
874 4213 913 4307 ἦν
934 4214 1156 4291 Κωνστάντιος
1177 4217 1210 4280 ὸν
