<?xml version="1.0" encoding="UTF-8"?>
<!DOCTYPE html PUBLIC "-//W3C//DTD XHTML 1.0 Transitional//EN"
    "http://www.w3.org/TR/xhtml1/DTD/xhtml1-transitional.dtd">
<html xmlns="http://www.w3.org/1999/xhtml" xml:lang="en" lang="en">
 <head>
  <title>
</title>
<meta http-equiv="Content-Type" content="text/html;charset=utf-8" />
  <meta name='ocr-system' content='tesseract 3.04.00' />
  <meta name='ocr-capabilities' content='ocr_page ocr_carea ocr_par ocr_line ocrx_word'/>
</head>
<body>
  <div class='ocr_page' id='page_1' title='image "./corpusscriptoru45theogoog/corpusscriptoru45theogoog_0582.png"; bbox 0 0 2975 4892; ppageno 0'>
   <div class='ocr_carea' id='block_1_1' title="bbox 359 299 1218 416">
    <p class='ocr_par' dir='ltr' id='par_1_1' title="bbox 359 299 1218 416">
     <span class='ocr_line' id='line_1_1' title="bbox 359 299 1218 416; baseline 0.006 -29"><span class='ocrx_word' id='word_1_1' title='bbox 359 299 443 416; x_wconf 80' lang='lat'><strong>578</strong></span> <span class='ocrx_word' id='word_1_2' title='bbox 564 309 1218 394; x_wconf 77' lang='lat' dir='ltr'><strong>10.nc.nnsniconnnrrinn</strong></span> 
     </span>
    </p>
   </div>
   <div class='ocr_carea' id='block_1_2' title="bbox 340 483 1390 739">
    <p class='ocr_par' dir='ltr' id='par_1_2' title="bbox 340 483 1390 739">
     <span class='ocr_line' id='line_1_2' title="bbox 357 483 1388 552; baseline -0.006 -2"><span class='ocrx_word' id='word_1_3' title='bbox 357 509 421 552; x_wconf 91' lang='lat' dir='ltr'><strong>non</strong></span> <span class='ocrx_word' id='word_1_4' title='bbox 441 485 572 549; x_wconf 87' lang='lat' dir='ltr'><strong>maltum</strong></span> <span class='ocrx_word' id='word_1_5' title='bbox 592 485 712 548; x_wconf 78' lang='lat' dir='ltr'><strong>dissitas</strong></span> <span class='ocrx_word' id='word_1_6' title='bbox 734 487 858 548; x_wconf 83' lang='lat' dir='ltr'><strong>fuerunt</strong></span> <span class='ocrx_word' id='word_1_7' title='bbox 881 485 1022 547; x_wconf 87' lang='lat' dir='ltr'><strong>Hadatba</strong></span> <span class='ocrx_word' id='word_1_8' title='bbox 1040 495 1071 547; x_wconf 88' lang='lat' dir='ltr'><strong>et</strong></span> <span class='ocrx_word' id='word_1_9' title='bbox 1089 485 1215 550; x_wconf 86' lang='lat' dir='ltr'><strong>Sauran.</strong></span> <span class='ocrx_word' id='word_1_10' title='bbox 1250 484 1301 546; x_wconf 85' lang='lat' dir='ltr'><strong>Sed</strong></span> <span class='ocrx_word' id='word_1_11' title='bbox 1316 483 1388 545; x_wconf 86' lang='lat' dir='ltr'><strong>illain</strong></span> 
     </span>
     <span class='ocr_line' id='line_1_3' title="bbox 355 568 1390 650; baseline -0.007 -17"><span class='ocrx_word' id='word_1_12' title='bbox 355 572 442 633; x_wconf 87' lang='lat' dir='ltr'><strong>libris</strong></span> <span class='ocrx_word' id='word_1_13' title='bbox 463 570 603 632; x_wconf 80' lang='lat' dir='ltr'>Arabicis</span> <span class='ocrx_word' id='word_1_14' title='bbox 622 568 771 632; x_wconf 77' lang='lat' dir='ltr'><strong>celebrior</strong></span> <span class='ocrx_word' id='word_1_15' title='bbox 800 581 855 630; x_wconf 89' lang='lat' dir='ltr'><strong>est.</strong></span> <span class='ocrx_word' id='word_1_16' title='bbox 899 568 938 632; x_wconf 89' lang='lat' dir='ltr'><strong>ln</strong></span> <span class='ocrx_word' id='word_1_17' title='bbox 967 571 1172 631; x_wconf 85' lang='lat' dir='ltr'><strong>Germaniciae</strong></span> <span class='ocrx_word' id='word_1_18' title='bbox 1193 571 1273 630; x_wconf 90' lang='lat' dir='ltr'><strong>situm</strong></span> <span class='ocrx_word' id='word_1_19' title='bbox 1295 569 1390 650; x_wconf 77' lang='lat' dir='ltr'><strong>inquirit</strong></span> 
     </span>
     <span class='ocr_line' id='line_1_4' title="bbox 340 652 1389 739; baseline -0.007 -23"><span class='ocrx_word' id='word_1_20' title='bbox 340 676 478 739; x_wconf 33' lang='lat' dir='ltr'><strong>,qnoque</strong></span> <span class='ocrx_word' id='word_1_21' title='bbox 508 653 594 715; x_wconf 86' lang='lat' dir='ltr'><strong>Guil.</strong></span> <span class='ocrx_word' id='word_1_22' title='bbox 625 653 665 714; x_wconf 92' lang='lat' dir='ltr'><strong>de</strong></span> <span class='ocrx_word' id='word_1_23' title='bbox 693 652 773 715; x_wconf 84' lang='lat' dir='ltr'><strong>l&#39;lsle</strong></span> <span class='ocrx_word' id='word_1_24' title='bbox 802 655 834 714; x_wconf 91' lang='lat' dir='ltr'><strong>in</strong></span> <span class='ocrx_word' id='word_1_25' title='bbox 856 653 1099 714; x_wconf 68' lang='lat' dir='ltr'><strong>annotationibus</strong></span> <span class='ocrx_word' id='word_1_26' title='bbox 1128 655 1166 714; x_wconf 89' lang='lat' dir='ltr'><strong>ad</strong></span> <span class='ocrx_word' id='word_1_27' title='bbox 1195 654 1312 713; x_wconf 86' lang='lat' dir='ltr'><strong>chartam</strong></span> <span class='ocrx_word' id='word_1_28' title='bbox 1329 673 1389 710; x_wconf 87' lang='lat' dir='ltr'><strong>suan</strong></span> 
     </span>
    </p>
   </div>
   <div class='ocr_carea' id='block_1_3' title="bbox 245 734 1446 824">
    <p class='ocr_par' dir='ltr' id='par_1_3' title="bbox 245 734 1446 824">
     <span class='ocr_line' id='line_1_5' title="bbox 245 734 1446 824; baseline -0.011 -21"><span class='ocrx_word' id='word_1_29' title='bbox 245 793 251 804; x_wconf 92' lang='lat'><strong><em>.</em></strong></span> <span class='ocrx_word' id='word_1_30' title='bbox 354 739 585 823; x_wconf 79' lang='lat' dir='ltr'><strong>geographicam</strong></span> <span class='ocrx_word' id='word_1_31' title='bbox 611 739 731 818; x_wconf 89' lang='lat' dir='ltr'><strong>imperii</strong></span> <span class='ocrx_word' id='word_1_32' title='bbox 754 737 865 797; x_wconf 87' lang='lat' dir='ltr'><strong>Graeci</strong></span> <span class='ocrx_word' id='word_1_33' title='bbox 886 757 902 795; x_wconf 92' lang='lat' dir='ltr'><strong>e</strong></span> <span class='ocrx_word' id='word_1_34' title='bbox 921 736 1119 799; x_wconf 81' lang='lat' dir='ltr'><strong>Thematibus</strong></span> <span class='ocrx_word' id='word_1_35' title='bbox 1143 736 1313 796; x_wconf 82' lang='lat' dir='ltr'><strong>Constantini</strong></span> <span class='ocrx_word' id='word_1_36' title='bbox 1335 734 1389 792; x_wconf 89' lang='lat' dir='ltr'><strong>Por·</strong></span> <span class='ocrx_word' id='word_1_37' title='bbox 1445 803 1446 824; x_wconf 22' lang='grc' dir='ltr'><strong><em>ρ</em></strong></span> 
     </span>
    </p>
   </div>
   <div class='ocr_carea' id='block_1_4' title="bbox 340 819 1446 4221">
    <p class='ocr_par' dir='ltr' id='par_1_4' title="bbox 350 819 1446 1546">
     <span class='ocr_line' id='line_1_6' title="bbox 355 819 1446 906; baseline -0.007 -24"><span class='ocrx_word' id='word_1_38' title='bbox 355 823 486 906; x_wconf 77' lang='lat' dir='ltr'><strong>phyrog.</strong></span> <span class='ocrx_word' id='word_1_39' title='bbox 517 821 748 898; x_wconf 86' lang='lat' dir='ltr'><strong>concinnatam,</strong></span> <span class='ocrx_word' id='word_1_40' title='bbox 780 821 926 902; x_wconf 83' lang='lat' dir='ltr'><strong>ponitque</strong></span> <span class='ocrx_word' id='word_1_41' title='bbox 956 840 1021 879; x_wconf 90' lang='lat' dir='ltr'><strong>eam</strong></span> <span class='ocrx_word' id='word_1_42' title='bbox 1050 820 1080 880; x_wconf 91' lang='lat' dir='ltr'><strong>in</strong></span> <span class='ocrx_word' id='word_1_43' title='bbox 1109 821 1195 902; x_wconf 80' lang='lat' dir='ltr'><strong>Syria</strong></span> <span class='ocrx_word' id='word_1_44' title='bbox 1220 819 1388 900; x_wconf 86' lang='lat' dir='ltr'><strong>Euphratesia.</strong></span> <span class='ocrx_word' id='word_1_45' title='bbox 1445 881 1446 894; x_wconf 17' lang='grc' dir='ltr'><strong><em>ρ</em></strong></span> 
     </span>
     <span class='ocr_line' id='line_1_7' title="bbox 355 901 1390 984; baseline -0.011 -16"><span class='ocrx_word' id='word_1_46' title='bbox 355 906 435 968; x_wconf 86' lang='lat' dir='ltr'><strong>Vide</strong></span> <span class='ocrx_word' id='word_1_47' title='bbox 461 907 561 984; x_wconf 83' lang='lat' dir='ltr'><strong>sitne,</strong></span> <span class='ocrx_word' id='word_1_48' title='bbox 588 925 667 984; x_wconf 86' lang='lat' dir='ltr'><strong>qnae</strong></span> <span class='ocrx_word' id='word_1_49' title='bbox 695 903 786 964; x_wconf 92' lang='lat' dir='ltr'><strong>hodie</strong></span> <span class='ocrx_word' id='word_1_50' title='bbox 817 901 949 963; x_wconf 80' lang='lat' dir='ltr'><strong>Gernude</strong></span> <span class='ocrx_word' id='word_1_51' title='bbox 975 903 1060 963; x_wconf 89' lang='lat' dir='ltr'><strong>audit</strong></span> <span class='ocrx_word' id='word_1_52' title='bbox 1080 915 1110 963; x_wconf 86' lang='lat' dir='ltr'><strong>et</strong></span> <span class='ocrx_word' id='word_1_53' title='bbox 1132 905 1162 963; x_wconf 87' lang='lat' dir='ltr'><strong>in</strong></span> <span class='ocrx_word' id='word_1_54' title='bbox 1183 901 1283 963; x_wconf 85' lang='lat' dir='ltr'><strong>tabulis</strong></span> <span class='ocrx_word' id='word_1_55' title='bbox 1301 920 1390 982; x_wconf 80' lang='lat' dir='ltr'><strong>geogra-</strong></span> 
     </span>
     <span class='ocr_line' id='line_1_8' title="bbox 353 983 1390 1070; baseline -0.006 -22"><span class='ocrx_word' id='word_1_56' title='bbox 353 987 451 1070; x_wconf 84' lang='lat' dir='ltr'><strong>phicis</strong></span> <span class='ocrx_word' id='word_1_57' title='bbox 475 991 554 1048; x_wconf 89' lang='lat' dir='ltr'><strong>inter</strong></span> <span class='ocrx_word' id='word_1_58' title='bbox 575 986 737 1047; x_wconf 78' lang='lat' dir='ltr'><strong>Diarbeliir</strong></span> <span class='ocrx_word' id='word_1_59' title='bbox 765 1008 818 1048; x_wconf 92' lang='lat' dir='ltr'><strong>seu</strong></span> <span class='ocrx_word' id='word_1_60' title='bbox 848 985 991 1046; x_wconf 80' lang='lat' dir='ltr'><strong>Amidam</strong></span> <span class='ocrx_word' id='word_1_61' title='bbox 1011 996 1041 1046; x_wconf 88' lang='lat' dir='ltr'><strong>et</strong></span> <span class='ocrx_word' id='word_1_62' title='bbox 1055 989 1213 1047; x_wconf 83' lang='lat' dir='ltr'><strong>Maresiam</strong></span> <span class='ocrx_word' id='word_1_63' title='bbox 1232 983 1317 1045; x_wconf 88' lang='lat' dir='ltr'><strong>media</strong></span> <span class='ocrx_word' id='word_1_64' title='bbox 1333 983 1390 1042; x_wconf 90' lang='lat' dir='ltr'><strong>loca·</strong></span> 
     </span>
     <span class='ocr_line' id='line_1_9' title="bbox 353 1065 1389 1150; baseline -0.011 -18"><span class='ocrx_word' id='word_1_65' title='bbox 353 1082 416 1134; x_wconf 86' lang='lat' dir='ltr'><strong>tur.</strong></span> <span class='ocrx_word' id='word_1_66' title='bbox 455 1069 518 1131; x_wconf 91' lang='lat' dir='ltr'><strong>Ubi</strong></span> <span class='ocrx_word' id='word_1_67' title='bbox 538 1081 640 1130; x_wconf 88' lang='lat' dir='ltr'><strong>autem</strong></span> <span class='ocrx_word' id='word_1_68' title='bbox 676 1069 853 1130; x_wconf 83' lang='lat' dir='ltr'><strong>collocanda</strong></span> <span class='ocrx_word' id='word_1_69' title='bbox 877 1071 916 1129; x_wconf 89' lang='lat' dir='ltr'><strong>sit</strong></span> <span class='ocrx_word' id='word_1_70' title='bbox 947 1068 1114 1150; x_wconf 88' lang='lat' dir='ltr'><strong>Tepbrice,</strong></span> <span class='ocrx_word' id='word_1_71' title='bbox 1143 1091 1203 1129; x_wconf 91' lang='lat' dir='ltr'><strong>non</strong></span> <span class='ocrx_word' id='word_1_72' title='bbox 1230 1071 1292 1128; x_wconf 85' lang='lat' dir='ltr'><strong>satis</strong></span> <span class='ocrx_word' id='word_1_73' title='bbox 1313 1065 1389 1146; x_wconf 88' lang='lat' dir='ltr'><strong>liquet.</strong></span> 
     </span>
     <span class='ocr_line' id='line_1_10' title="bbox 352 1150 1390 1234; baseline -0.007 -19"><span class='ocrx_word' id='word_1_74' title='bbox 352 1155 448 1215; x_wconf 90' lang='lat' dir='ltr'><strong>Forte</strong></span> <span class='ocrx_word' id='word_1_75' title='bbox 467 1164 512 1214; x_wconf 91' lang='lat' dir='ltr'><strong>est</strong></span> <span class='ocrx_word' id='word_1_76' title='bbox 533 1151 720 1213; x_wconf 80' lang='lat' dir='ltr'><strong>Theodorias</strong></span> <span class='ocrx_word' id='word_1_77' title='bbox 752 1155 783 1212; x_wconf 92' lang='lat' dir='ltr'><strong>in</strong></span> <span class='ocrx_word' id='word_1_78' title='bbox 805 1153 915 1214; x_wconf 87' lang='lat' dir='ltr'><strong>finibus</strong></span> <span class='ocrx_word' id='word_1_79' title='bbox 935 1150 1113 1227; x_wconf 86' lang='lat' dir='ltr'><strong>Colchidis,</strong></span> <span class='ocrx_word' id='word_1_80' title='bbox 1134 1162 1270 1234; x_wconf 85' lang='lat' dir='ltr'><strong>cormpta</strong></span> <span class='ocrx_word' id='word_1_81' title='bbox 1289 1169 1390 1233; x_wconf 88' lang='lat' dir='ltr'><strong>pronun·</strong></span> 
     </span>
     <span class='ocr_line' id='line_1_11' title="bbox 352 1225 1391 1316; baseline -0.008 -20"><span class='ocrx_word' id='word_1_82' title='bbox 352 1237 477 1297; x_wconf 89' lang='lat' dir='ltr'><strong>tiatione</strong></span> <span class='ocrx_word' id='word_1_83' title='bbox 496 1239 529 1295; x_wconf 95' lang='lat' dir='ltr'><strong>in</strong></span> <span class='ocrx_word' id='word_1_84' title='bbox 549 1236 695 1316; x_wconf 82' lang='lat' dir='ltr'><strong>Tephrilsi</strong></span> <span class='ocrx_word' id='word_1_85' title='bbox 716 1256 751 1294; x_wconf 85' lang='lat' dir='ltr'><strong>cx</strong></span> <span class='ocrx_word' id='word_1_86' title='bbox 768 1225 972 1312; x_wconf 81' lang='lat' dir='ltr'><strong>Thcfdorili3</strong></span> <span class='ocrx_word' id='word_1_87' title='bbox 994 1255 1066 1295; x_wconf 88' lang='lat' dir='ltr'><strong>nam</strong></span> <span class='ocrx_word' id='word_1_88' title='bbox 1087 1233 1270 1314; x_wconf 68' lang='lat' dir='ltr'><strong>Osvdtopt&#39;np</strong></span> <span class='ocrx_word' id='word_1_89' title='bbox 1283 1244 1321 1293; x_wconf 88' lang='lat' dir='ltr'><strong>est</strong></span> <span class='ocrx_word' id='word_1_90' title='bbox 1336 1231 1391 1290; x_wconf 84' lang='lat' dir='ltr'><strong>idun</strong></span> 
     </span>
     <span class='ocr_line' id='line_1_12' title="bbox 353 1314 1392 1402; baseline -0.01 -22"><span class='ocrx_word' id='word_1_91' title='bbox 353 1331 446 1402; x_wconf 87' lang='lat' dir='ltr'><strong>atque</strong></span> <span class='ocrx_word' id='word_1_92' title='bbox 468 1315 651 1400; x_wconf 68' lang='grc' dir='ltr'><strong><em>Θοοδοοριλιη</em></strong></span> <span class='ocrx_word' id='word_1_93' title='bbox 673 1329 703 1379; x_wconf 91' lang='lat' dir='ltr'><strong>et</strong></span> <span class='ocrx_word' id='word_1_94' title='bbox 725 1315 916 1400; x_wconf 76' lang='grc' dir='ltr'><strong><em>Θεφδωρίκη</em></strong></span> <span class='ocrx_word' id='word_1_95' title='bbox 940 1321 972 1378; x_wconf 92' lang='lat' dir='ltr'><strong>in</strong></span> <span class='ocrx_word' id='word_1_96' title='bbox 994 1320 1245 1400; x_wconf 77' lang='lat' dir='ltr'><strong>pronuntiatione.</strong></span> <span class='ocrx_word' id='word_1_97' title='bbox 1267 1316 1297 1376; x_wconf 95' lang='lat' dir='ltr'><strong>ld</strong></span> <span class='ocrx_word' id='word_1_98' title='bbox 1310 1314 1392 1374; x_wconf 80' lang='lat' dir='ltr'><strong>sibene</strong></span> 
     </span>
     <span class='ocr_line' id='line_1_13' title="bbox 350 1396 1392 1545; baseline -0.007 -82"><span class='ocrx_word' id='word_1_99' title='bbox 350 1402 445 1545; x_wconf 46' lang='grc' dir='ltr'><strong>ἔδει</strong></span> <span class='ocrx_word' id='word_1_100' title='bbox 457 1399 583 1545; x_wconf 54' lang='lat' dir='ltr'><strong>,belpaud</strong></span> <span class='ocrx_word' id='word_1_101' title='bbox 602 1420 712 1484; x_wconf 85' lang='lat' dir='ltr'><strong>parum</strong></span> <span class='ocrx_word' id='word_1_102' title='bbox 732 1401 899 1462; x_wconf 86' lang='lat' dir='ltr'><strong>disiunctae</strong></span> <span class='ocrx_word' id='word_1_103' title='bbox 921 1403 1024 1484; x_wconf 88' lang='lat' dir='ltr'><strong>spatiis</strong></span> <span class='ocrx_word' id='word_1_104' title='bbox 1050 1413 1200 1462; x_wconf 88' lang='lat' dir='ltr'><strong>terrarum</strong></span> <span class='ocrx_word' id='word_1_105' title='bbox 1219 1411 1298 1461; x_wconf 86' lang='lat' dir='ltr'><strong>erant</strong></span> <span class='ocrx_word' id='word_1_106' title='bbox 1315 1396 1392 1458; x_wconf 85' lang='lat' dir='ltr'><strong>ambae</strong></span> 
     </span>
     <span class='ocr_line' id='line_1_14' title="bbox 391 1506 532 1546; baseline 0.007 -1"><span class='ocrx_word' id='word_1_107' title='bbox 391 1506 467 1546; x_wconf 71' lang='grc' dir='ltr'><strong>ΕΗΓ</strong></span> <span class='ocrx_word' id='word_1_108' title='bbox 522 1525 532 1546; x_wconf 74' lang='grc' dir='ltr'><strong><em>ο</em></strong></span> 
     </span>
    </p>

    <p class='ocr_par' dir='ltr' id='par_1_5' title="bbox 349 1565 1394 1878">
     <span class='ocr_line' id='line_1_15' title="bbox 358 1565 1394 1651; baseline -0.014 -17"><span class='ocrx_word' id='word_1_109' title='bbox 358 1623 363 1634; x_wconf 94' lang='grc'>.</span> <span class='ocrx_word' id='word_1_110' title='bbox 432 1569 469 1629; x_wconf 89' lang='lat' dir='ltr'><strong>C.</strong></span> <span class='ocrx_word' id='word_1_111' title='bbox 486 1567 519 1629; x_wconf 88' lang='grc'><strong>6.</strong></span> <span class='ocrx_word' id='word_1_112' title='bbox 538 1565 627 1650; x_wconf 75' lang='grc'><strong>[498,</strong></span> <span class='ocrx_word' id='word_1_113' title='bbox 646 1567 709 1651; x_wconf 84' lang='lat'><strong>17·]</strong></span> <span class='ocrx_word' id='word_1_114' title='bbox 722 1565 826 1643; x_wconf 77' lang='grc' dir='ltr'><strong><em>Ἠρία.</em></strong></span> <span class='ocrx_word' id='word_1_115' title='bbox 849 1565 1067 1651; x_wconf 76' lang='lat' dir='ltr'><strong>&#39;Marginalem</strong></span> <span class='ocrx_word' id='word_1_116' title='bbox 1089 1573 1191 1632; x_wconf 85' lang='lat' dir='ltr'><strong>notam</strong></span> <span class='ocrx_word' id='word_1_117' title='bbox 1211 1571 1243 1628; x_wconf 88' lang='lat' dir='ltr'><strong>in</strong></span> <span class='ocrx_word' id='word_1_118' title='bbox 1261 1565 1348 1628; x_wconf 87' lang='lat' dir='ltr'><strong>codice</strong></span> <span class='ocrx_word' id='word_1_119' title='bbox 1363 1566 1394 1621; x_wconf 89' lang='lat' dir='ltr'><strong>in-</strong></span> 
     </span>
     <span class='ocr_line' id='line_1_16' title="bbox 349 1646 1392 1734; baseline -0.006 -22"><span class='ocrx_word' id='word_1_120' title='bbox 349 1653 438 1725; x_wconf 87' lang='lat' dir='ltr'><strong>veni,</strong></span> <span class='ocrx_word' id='word_1_121' title='bbox 470 1650 509 1711; x_wconf 94' lang='lat' dir='ltr'><strong>de</strong></span> <span class='ocrx_word' id='word_1_122' title='bbox 538 1671 607 1711; x_wconf 90' lang='lat' dir='ltr'><strong>meo</strong></span> <span class='ocrx_word' id='word_1_123' title='bbox 626 1671 689 1712; x_wconf 87' lang='lat' dir='ltr'><strong>non</strong></span> <span class='ocrx_word' id='word_1_124' title='bbox 717 1650 838 1728; x_wconf 91' lang='lat' dir='ltr'><strong>addidi,</strong></span> <span class='ocrx_word' id='word_1_125' title='bbox 876 1662 912 1710; x_wconf 88' lang='lat' dir='ltr'><strong>ut</strong></span> <span class='ocrx_word' id='word_1_126' title='bbox 940 1673 1097 1734; x_wconf 87' lang='lat' dir='ltr'><strong>nunquam</strong></span> <span class='ocrx_word' id='word_1_127' title='bbox 1124 1653 1179 1712; x_wconf 85' lang='lat' dir='ltr'><strong>feci</strong></span> <span class='ocrx_word' id='word_1_128' title='bbox 1207 1653 1238 1711; x_wconf 92' lang='lat' dir='ltr'><strong>in</strong></span> <span class='ocrx_word' id='word_1_129' title='bbox 1265 1671 1297 1710; x_wconf 84' lang='lat' dir='ltr'><strong>es</strong></span> <span class='ocrx_word' id='word_1_130' title='bbox 1320 1646 1392 1727; x_wconf 81' lang='lat' dir='ltr'><strong>operis</strong></span> 
     </span>
     <span class='ocr_line' id='line_1_17' title="bbox 349 1719 1392 1878; baseline 0.001 -81"><span class='ocrx_word' id='word_1_131' title='bbox 349 1732 445 1878; x_wconf 58' lang='lat' dir='ltr'><strong>pulpa</strong></span> <span class='ocrx_word' id='word_1_132' title='bbox 456 1745 568 1878; x_wconf 88' lang='lat' dir='ltr'><strong>parte,</strong></span> <span class='ocrx_word' id='word_1_133' title='bbox 587 1755 681 1817; x_wconf 88' lang='lat' dir='ltr'><strong>quam</strong></span> <span class='ocrx_word' id='word_1_134' title='bbox 702 1735 819 1795; x_wconf 87' lang='lat' dir='ltr'><strong>curavi.</strong></span> <span class='ocrx_word' id='word_1_135' title='bbox 862 1733 925 1796; x_wconf 90' lang='lat' dir='ltr'><strong>Pro</strong></span> <span class='ocrx_word' id='word_1_136' title='bbox 946 1729 1000 1796; x_wconf 77' lang='lat' dir='ltr'><strong>tut</strong></span> <span class='ocrx_word' id='word_1_137' title='bbox 1020 1745 1122 1796; x_wconf 89' lang='lat' dir='ltr'><strong>autem</strong></span> <span class='ocrx_word' id='word_1_138' title='bbox 1141 1733 1200 1818; x_wconf 85' lang='lat' dir='ltr'><strong>legi</strong></span> <span class='ocrx_word' id='word_1_139' title='bbox 1222 1732 1320 1795; x_wconf 80' lang='lat' dir='ltr'><strong>debere</strong></span> <span class='ocrx_word' id='word_1_140' title='bbox 1339 1719 1392 1798; x_wconf 65' lang='lat' dir='ltr'><strong>dui,</strong></span> 
     </span>
     <span class='ocr_line' id='line_1_18' title="bbox 362 1819 564 1878; baseline 0.005 -2"><span class='ocrx_word' id='word_1_141' title='bbox 362 1821 437 1878; x_wconf 89' lang='lat' dir='ltr'><strong>ac&#39;e</strong></span> <span class='ocrx_word' id='word_1_142' title='bbox 470 1819 479 1877; x_wconf 96' lang='lat' dir='ltr'><strong>i</strong></span> <span class='ocrx_word' id='word_1_143' title='bbox 502 1828 564 1878; x_wconf 89' lang='lat' dir='ltr'><strong>uet.</strong></span> 
     </span>
    </p>

    <p class='ocr_par' dir='ltr' id='par_1_6' title="bbox 340 1841 1446 4221">
     <span class='ocr_line' id='line_1_19' title="bbox 433 1841 1394 1985; baseline -0.008 -25"><span class='ocrx_word' id='word_1_144' title='bbox 433 1841 709 1985; x_wconf 69' lang='lat' dir='ltr'><strong>D.iilt.[499,11]</strong></span> <span class='ocrx_word' id='word_1_145' title='bbox 724 1897 856 1982; x_wconf 79' lang='grc' dir='ltr'><strong><em>δάφνης.</em></strong></span> <span class='ocrx_word' id='word_1_146' title='bbox 871 1900 973 1964; x_wconf 87' lang='lat' dir='ltr'><strong>Lauro</strong></span> <span class='ocrx_word' id='word_1_147' title='bbox 984 1899 1138 1962; x_wconf 85' lang='lat' dir='ltr'><strong>redimitas</strong></span> <span class='ocrx_word' id='word_1_148' title='bbox 1151 1911 1181 1962; x_wconf 86' lang='lat' dir='ltr'><strong>et</strong></span> <span class='ocrx_word' id='word_1_149' title='bbox 1192 1893 1394 1961; x_wconf 81' lang='lat' dir='ltr'><strong>lucemisanlen</strong></span> 
     </span>
     <span class='ocr_line' id='line_1_20' title="bbox 348 1978 1393 2062; baseline -0.009 -18"><span class='ocrx_word' id='word_1_150' title='bbox 348 1984 430 2045; x_wconf 87' lang='lat' dir='ltr'><strong>tibus</strong></span> <span class='ocrx_word' id='word_1_151' title='bbox 444 1984 609 2046; x_wconf 87' lang='lat' dir='ltr'><strong>illustratas</strong></span> <span class='ocrx_word' id='word_1_152' title='bbox 618 1985 711 2045; x_wconf 84' lang='lat' dir='ltr'><strong>fuisse</strong></span> <span class='ocrx_word' id='word_1_153' title='bbox 723 1983 827 2044; x_wconf 89' lang='lat' dir='ltr'><strong>domos</strong></span> <span class='ocrx_word' id='word_1_154' title='bbox 840 1988 902 2044; x_wconf 89' lang='lat' dir='ltr'><strong>iam</strong></span> <span class='ocrx_word' id='word_1_155' title='bbox 922 1981 1048 2044; x_wconf 88' lang='lat' dir='ltr'><strong>llorente</strong></span> <span class='ocrx_word' id='word_1_156' title='bbox 1061 2005 1094 2044; x_wconf 89' lang='lat' dir='ltr'><strong>re</strong></span> <span class='ocrx_word' id='word_1_157' title='bbox 1109 1985 1244 2046; x_wconf 87' lang='lat' dir='ltr'><strong>Romana</strong></span> <span class='ocrx_word' id='word_1_158' title='bbox 1258 1983 1287 2043; x_wconf 92' lang='lat' dir='ltr'><strong>in</strong></span> <span class='ocrx_word' id='word_1_159' title='bbox 1302 1978 1393 2062; x_wconf 87' lang='lat' dir='ltr'><strong>publico</strong></span> 
     </span>
     <span class='ocr_line' id='line_1_21' title="bbox 348 2059 1393 2150; baseline -0.003 -24"><span class='ocrx_word' id='word_1_160' title='bbox 348 2067 472 2147; x_wconf 80' lang='lat' dir='ltr'><strong>gaudio,</strong></span> <span class='ocrx_word' id='word_1_161' title='bbox 494 2067 637 2128; x_wconf 85' lang='lat' dir='ltr'><strong>discimus</strong></span> <span class='ocrx_word' id='word_1_162' title='bbox 655 2087 674 2126; x_wconf 92' lang='lat' dir='ltr'><strong>e</strong></span> <span class='ocrx_word' id='word_1_163' title='bbox 693 2065 883 2126; x_wconf 80' lang='lat' dir='ltr'><strong>Tertulliano</strong></span> <span class='ocrx_word' id='word_1_164' title='bbox 903 2066 942 2126; x_wconf 90' lang='lat' dir='ltr'><strong>ad</strong></span> <span class='ocrx_word' id='word_1_165' title='bbox 962 2087 1109 2145; x_wconf 88' lang='lat' dir='ltr'><strong>uxorem,</strong></span> <span class='ocrx_word' id='word_1_166' title='bbox 1131 2069 1185 2128; x_wconf 87' lang='lat' dir='ltr'><strong>ubi</strong></span> <span class='ocrx_word' id='word_1_167' title='bbox 1215 2067 1274 2126; x_wconf 83' lang='lat' dir='ltr'><strong>ait:</strong></span> <span class='ocrx_word' id='word_1_168' title='bbox 1292 2059 1393 2150; x_wconf 70' lang='lat' dir='ltr'><strong>procedit</strong></span> 
     </span>
     <span class='ocr_line' id='line_1_22' title="bbox 346 2143 1394 2234; baseline -0.008 -26"><span class='ocrx_word' id='word_1_169' title='bbox 346 2149 386 2208; x_wconf 88' lang='lat' dir='ltr'><strong>de</strong></span> <span class='ocrx_word' id='word_1_170' title='bbox 414 2152 506 2209; x_wconf 80' lang='lat' dir='ltr'><strong>ianua</strong></span> <span class='ocrx_word' id='word_1_171' title='bbox 528 2152 666 2210; x_wconf 79' lang='lat' dir='ltr'><strong>laureata</strong></span> <span class='ocrx_word' id='word_1_172' title='bbox 688 2163 718 2208; x_wconf 87' lang='lat' dir='ltr'><strong>et</strong></span> <span class='ocrx_word' id='word_1_173' title='bbox 738 2149 906 2219; x_wconf 73' lang='lat' dir='ltr'><strong>decernam,</strong></span> <span class='ocrx_word' id='word_1_174' title='bbox 927 2163 1068 2234; x_wconf 69' lang='lat' dir='ltr'><strong>tatsqnam</strong></span> <span class='ocrx_word' id='word_1_175' title='bbox 1080 2151 1118 2210; x_wconf 86' lang='lat' dir='ltr'><strong>de</strong></span> <span class='ocrx_word' id='word_1_176' title='bbox 1140 2150 1302 2212; x_wconf 71' lang='lat' dir='ltr'><strong>consistorio</strong></span> <span class='ocrx_word' id='word_1_177' title='bbox 1320 2143 1394 2230; x_wconf 73' lang='lat' dir='ltr'><strong>puld-</strong></span> 
     </span>
     <span class='ocr_line' id='line_1_23' title="bbox 347 2224 1395 2317; baseline -0.002 -27"><span class='ocrx_word' id='word_1_178' title='bbox 347 2251 454 2291; x_wconf 82' lang='lat' dir='ltr'><strong>carum</strong></span> <span class='ocrx_word' id='word_1_179' title='bbox 470 2233 648 2309; x_wconf 67' lang='lat' dir='ltr'><strong>libidinum,</strong></span> <span class='ocrx_word' id='word_1_180' title='bbox 674 2231 748 2311; x_wconf 86' lang='lat' dir='ltr'><strong>(vid.</strong></span> <span class='ocrx_word' id='word_1_181' title='bbox 770 2233 862 2292; x_wconf 90' lang='lat' dir='ltr'><strong>Goar.</strong></span> <span class='ocrx_word' id='word_1_182' title='bbox 881 2230 920 2291; x_wconf 87' lang='lat' dir='ltr'><strong>ad</strong></span> <span class='ocrx_word' id='word_1_183' title='bbox 939 2233 1119 2317; x_wconf 89' lang='lat' dir='ltr'><strong>Theophan.</strong></span> <span class='ocrx_word' id='word_1_184' title='bbox 1143 2255 1174 2316; x_wconf 87' lang='lat' dir='ltr'><strong>p.</strong></span> <span class='ocrx_word' id='word_1_185' title='bbox 1194 2235 1312 2312; x_wconf 81' lang='lat' dir='ltr'><strong>11.;)·et</strong></span> <span class='ocrx_word' id='word_1_186' title='bbox 1328 2247 1341 2287; x_wconf 90' lang='lat' dir='ltr'><strong>e</strong></span> <span class='ocrx_word' id='word_1_187' title='bbox 1355 2224 1395 2284; x_wconf 81' lang='lat' dir='ltr'><strong>Xi-</strong></span> 
     </span>
     <span class='ocr_line' id='line_1_24' title="bbox 346 2307 1395 2397; baseline -0.002 -25"><span class='ocrx_word' id='word_1_188' title='bbox 346 2313 486 2394; x_wconf 89' lang='lat' dir='ltr'><strong>philino‚</strong></span> <span class='ocrx_word' id='word_1_189' title='bbox 510 2316 562 2397; x_wconf 86' lang='lat' dir='ltr'><strong>qui</strong></span> <span class='ocrx_word' id='word_1_190' title='bbox 583 2315 741 2375; x_wconf 90' lang='lat' dir='ltr'><strong>introitum</strong></span> <span class='ocrx_word' id='word_1_191' title='bbox 762 2315 866 2376; x_wconf 83' lang='lat' dir='ltr'><strong>Severi</strong></span> <span class='ocrx_word' id='word_1_192' title='bbox 894 2315 926 2374; x_wconf 90' lang='lat' dir='ltr'><strong>in</strong></span> <span class='ocrx_word' id='word_1_193' title='bbox 946 2313 1054 2376; x_wconf 89' lang='lat' dir='ltr'><strong>urbem</strong></span> <span class='ocrx_word' id='word_1_194' title='bbox 1075 2317 1201 2377; x_wconf 86' lang='lat' dir='ltr'><strong>Romam</strong></span> <span class='ocrx_word' id='word_1_195' title='bbox 1221 2335 1250 2397; x_wconf 89' lang='lat' dir='ltr'><strong>p.</strong></span> <span class='ocrx_word' id='word_1_196' title='bbox 1277 2309 1350 2390; x_wconf 71' lang='lat' dir='ltr'><strong>rada.</strong></span> <span class='ocrx_word' id='word_1_197' title='bbox 1366 2307 1395 2368; x_wconf 83' lang='lat' dir='ltr'><strong>sic</strong></span> 
     </span>
     <span class='ocr_line' id='line_1_25' title="bbox 347 2382 1397 2480; baseline -0.007 -25"><span class='ocrx_word' id='word_1_198' title='bbox 347 2395 508 2458; x_wconf 87' lang='lat' dir='ltr'><strong>describit:</strong></span> <span class='ocrx_word' id='word_1_199' title='bbox 531 2393 618 2480; x_wconf 68' lang='grc' dir='ltr'><strong><em>αὐτῷ</em></strong></span> <span class='ocrx_word' id='word_1_200' title='bbox 640 2395 828 2480; x_wconf 77' lang='grc' dir='ltr'><strong><em>[βαδίζοντι]</em></strong></span> <span class='ocrx_word' id='word_1_201' title='bbox 852 2389 869 2456; x_wconf 83' lang='grc' dir='ltr'><em>ὃ</em></span> <span class='ocrx_word' id='word_1_202' title='bbox 891 2393 1027 2474; x_wconf 79' lang='grc' dir='ltr'><strong><em>στρατὸς</em></strong></span> <span class='ocrx_word' id='word_1_203' title='bbox 1048 2397 1111 2472; x_wconf 81' lang='grc' dir='ltr'><strong>πᾶς</strong></span> <span class='ocrx_word' id='word_1_204' title='bbox 1131 2395 1187 2460; x_wconf 79' lang='grc' dir='ltr'><strong><em>καί</em></strong></span> <span class='ocrx_word' id='word_1_205' title='bbox 1211 2393 1240 2459; x_wconf 78' lang='grc' dir='ltr'><strong><em>οἱ</em></strong></span> <span class='ocrx_word' id='word_1_206' title='bbox 1267 2393 1344 2468; x_wconf 77' lang='grc' dir='ltr'><strong><em>πεζοὶ</em></strong></span> <span class='ocrx_word' id='word_1_207' title='bbox 1358 2382 1397 2450; x_wconf 79' lang='lat' dir='ltr'><strong>xci</strong></span> 
     </span>
     <span class='ocr_line' id='line_1_26' title="bbox 347 2468 1395 2561; baseline -0.001 -24"><span class='ocrx_word' id='word_1_208' title='bbox 347 2472 387 2539; x_wconf 87' lang='grc' dir='ltr'><strong><em>οἱ.</em></strong></span> <span class='ocrx_word' id='word_1_209' title='bbox 405 2474 510 2550; x_wconf 81' lang='grc' dir='ltr'><strong><em>ἱππεῖς</em></strong></span> <span class='ocrx_word' id='word_1_210' title='bbox 544 2473 735 2556; x_wconf 68' lang='grc' dir='ltr'><strong><em>ὠπλισμένοι</em></strong></span> <span class='ocrx_word' id='word_1_211' title='bbox 757 2476 1051 2561; x_wconf 74' lang='grc' dir='ltr'><strong><em>παρηκολούθησαν.</em></strong></span> <span class='ocrx_word' id='word_1_212' title='bbox 1092 2475 1151 2542; x_wconf 81' lang='grc' dir='ltr'><strong>καὶ</strong></span> <span class='ocrx_word' id='word_1_213' title='bbox 1179 2476 1293 2560; x_wconf 73' lang='grc' dir='ltr'><strong><em>ἐγένετο</em></strong></span> <span class='ocrx_word' id='word_1_214' title='bbox 1318 2468 1395 2557; x_wconf 68' lang='lat' dir='ltr'><strong>tilia</strong></span> 
     </span>
     <span class='ocr_line' id='line_1_27' title="bbox 345 2550 1395 2662; baseline -0.003 -41"><span class='ocrx_word' id='word_1_215' title='bbox 345 2562 476 2635; x_wconf 76' lang='grc' dir='ltr'><strong><em>πασῶν,</em></strong></span> <span class='ocrx_word' id='word_1_216' title='bbox 499 2551 544 2624; x_wconf 79' lang='grc' dir='ltr'><strong>ὧν</strong></span> <span class='ocrx_word' id='word_1_217' title='bbox 563 2553 691 2645; x_wconf 73' lang='grc' dir='ltr'><strong><em>ἑώρακα</em></strong></span> <span class='ocrx_word' id='word_1_218' title='bbox 710 2562 783 2661; x_wconf 82' lang='lat' dir='ltr'><strong>[Dio</strong></span> <span class='ocrx_word' id='word_1_219' title='bbox 805 2559 956 2662; x_wconf 80' lang='lat' dir='ltr'><strong>loquitur]</strong></span> <span class='ocrx_word' id='word_1_220' title='bbox 976 2558 1195 2646; x_wconf 80' lang='grc' dir='ltr'><em>λαμπροτάτη·</em></span> <span class='ocrx_word' id='word_1_221' title='bbox 1216 2554 1270 2642; x_wconf 78' lang='grc' dir='ltr'><strong>ἥτε</strong></span> <span class='ocrx_word' id='word_1_222' title='bbox 1287 2554 1338 2640; x_wconf 75' lang='grc' dir='ltr'><strong>γὰρ</strong></span> <span class='ocrx_word' id='word_1_223' title='bbox 1354 2550 1395 2615; x_wconf 77' lang='grc' dir='ltr'><strong>πό-</strong></span> 
     </span>
     <span class='ocr_line' id='line_1_28' title="bbox 345 2633 1396 2728; baseline 0.004 -26"><span class='ocrx_word' id='word_1_224' title='bbox 345 2645 395 2714; x_wconf 87' lang='grc' dir='ltr'><strong>λις</strong></span> <span class='ocrx_word' id='word_1_225' title='bbox 416 2634 536 2707; x_wconf 72' lang='grc' dir='ltr'><strong><em>ἄνθεσί</em></strong></span> <span class='ocrx_word' id='word_1_226' title='bbox 549 2665 583 2708; x_wconf 81' lang='grc' dir='ltr'><strong>τε</strong></span> <span class='ocrx_word' id='word_1_227' title='bbox 603 2641 660 2706; x_wconf 70' lang='grc' dir='ltr'>καί</span> <span class='ocrx_word' id='word_1_228' title='bbox 678 2641 817 2728; x_wconf 76' lang='grc' dir='ltr'><strong><em>δαφναις</em></strong></span> <span class='ocrx_word' id='word_1_229' title='bbox 839 2647 1035 2728; x_wconf 62' lang='lat' dir='ltr'><strong>&amp;carpuneno</strong></span> <span class='ocrx_word' id='word_1_230' title='bbox 1052 2641 1108 2706; x_wconf 79' lang='grc' dir='ltr'><strong><em>καί</em></strong></span> <span class='ocrx_word' id='word_1_231' title='bbox 1126 2641 1265 2726; x_wconf 75' lang='grc' dir='ltr'><strong>ἱματίοις</strong></span> <span class='ocrx_word' id='word_1_232' title='bbox 1277 2633 1396 2706; x_wconf 72' lang='lat' dir='ltr'><strong>nouitas</strong></span> 
     </span>
     <span class='ocr_line' id='line_1_29' title="bbox 345 2709 1396 2810; baseline -0.005 -24"><span class='ocrx_word' id='word_1_233' title='bbox 345 2724 553 2808; x_wconf 78' lang='grc' dir='ltr'><strong><em>ἐκεκόσμητο,</em></strong></span> <span class='ocrx_word' id='word_1_234' title='bbox 590 2725 681 2810; x_wconf 80' lang='grc' dir='ltr'><em>φωτί</em></span> <span class='ocrx_word' id='word_1_235' title='bbox 711 2749 746 2787; x_wconf 85' lang='grc' dir='ltr'><strong>τε</strong></span> <span class='ocrx_word' id='word_1_236' title='bbox 776 2723 830 2788; x_wconf 77' lang='grc' dir='ltr'><strong>καὶ</strong></span> <span class='ocrx_word' id='word_1_237' title='bbox 852 2723 1064 2810; x_wconf 71' lang='grc' dir='ltr'><strong>Ιθοριιοὶμασιν</strong></span> <span class='ocrx_word' id='word_1_238' title='bbox 1090 2722 1221 2808; x_wconf 73' lang='grc' dir='ltr'><strong><em>ἔλαμπε.</em></strong></span> <span class='ocrx_word' id='word_1_239' title='bbox 1249 2723 1300 2788; x_wconf 73' lang='grc' dir='ltr'><strong>καὶ</strong></span> <span class='ocrx_word' id='word_1_240' title='bbox 1315 2718 1341 2784; x_wconf 79' lang='grc' dir='ltr'><strong><em>οἱ</em></strong></span> <span class='ocrx_word' id='word_1_241' title='bbox 1356 2709 1396 2781; x_wconf 74' lang='lat' dir='ltr'><strong>ir·</strong></span> 
     </span>
     <span class='ocr_line' id='line_1_30' title="bbox 347 2799 1394 2909; baseline 0.007 -42"><span class='ocrx_word' id='word_1_242' title='bbox 347 2808 473 2884; x_wconf 73' lang='grc' dir='ltr'><strong><em>θρωποι</em></strong></span> <span class='ocrx_word' id='word_1_243' title='bbox 494 2808 769 2890; x_wconf 74' lang='grc' dir='ltr'><strong><em>λευχειμονοῦντες</em></strong></span> <span class='ocrx_word' id='word_1_244' title='bbox 797 2810 853 2871; x_wconf 84' lang='grc' dir='ltr'><strong><em>καί</em></strong></span> <span class='ocrx_word' id='word_1_245' title='bbox 881 2805 1070 2889; x_wconf 74' lang='grc' dir='ltr'><strong><em>γαννύμενοι</em></strong></span> <span class='ocrx_word' id='word_1_246' title='bbox 1090 2806 1191 2873; x_wconf 79' lang='grc' dir='ltr'><strong><em>πολλὰ</em></strong></span> <span class='ocrx_word' id='word_1_247' title='bbox 1212 2799 1394 2909; x_wconf 50' lang='lat' dir='ltr'><strong>&amp;ruodmwi</strong></span> 
     </span>
     <span class='ocr_line' id='line_1_31' title="bbox 346 2873 1446 2976; baseline -0.001 -28"><span class='ocrx_word' id='word_1_248' title='bbox 346 2887 419 2950; x_wconf 77' lang='grc' dir='ltr'><strong><em>οἵτε</em></strong></span> <span class='ocrx_word' id='word_1_249' title='bbox 439 2893 634 2974; x_wconf 75' lang='grc' dir='ltr'><strong><em>στρατιῶται</em></strong></span> <span class='ocrx_word' id='word_1_250' title='bbox 654 2890 689 2953; x_wconf 77' lang='grc' dir='ltr'><strong>ἐν</strong></span> <span class='ocrx_word' id='word_1_251' title='bbox 706 2899 772 2964; x_wconf 79' lang='grc' dir='ltr'><strong><em>τοῖς</em></strong></span> <span class='ocrx_word' id='word_1_252' title='bbox 794 2884 897 2965; x_wconf 83' lang='grc' dir='ltr'><strong><em>ὅπλοις</em></strong></span> <span class='ocrx_word' id='word_1_253' title='bbox 909 2883 1014 2974; x_wconf 68' lang='grc' dir='ltr'><strong><em>ὥσπερ</em></strong></span> <span class='ocrx_word' id='word_1_254' title='bbox 1031 2893 1066 2956; x_wconf 81' lang='grc' dir='ltr'><strong>ἐν</strong></span> <span class='ocrx_word' id='word_1_255' title='bbox 1077 2887 1252 2976; x_wconf 74' lang='grc' dir='ltr'><strong><em>πανηγύρει</em></strong></span> <span class='ocrx_word' id='word_1_256' title='bbox 1264 2913 1319 2952; x_wconf 83' lang='grc' dir='ltr'><strong><em>τινι</em></strong></span> <span class='ocrx_word' id='word_1_257' title='bbox 1336 2905 1394 2962; x_wconf 63' lang='lat' dir='ltr'><strong>nott·</strong></span> <span class='ocrx_word' id='word_1_258' title='bbox 1445 2873 1446 2930; x_wconf 76' lang='lat' dir='ltr'><strong>l</strong></span> 
     </span>
     <span class='ocr_line' id='line_1_32' title="bbox 344 2959 1395 3057; baseline -0.003 -23"><span class='ocrx_word' id='word_1_259' title='bbox 344 2973 407 3051; x_wconf 80' lang='grc' dir='ltr'><strong>πῆς</strong></span> <span class='ocrx_word' id='word_1_260' title='bbox 420 2969 634 3055; x_wconf 76' lang='grc' dir='ltr'><strong><em>ἐκπρεπόντως</em></strong></span> <span class='ocrx_word' id='word_1_261' title='bbox 655 2970 892 3057; x_wconf 73' lang='grc' dir='ltr'><strong><em>ἀνεστρέφοντο,</em></strong></span> <span class='ocrx_word' id='word_1_262' title='bbox 916 2973 972 3034; x_wconf 80' lang='grc' dir='ltr'>καί</span> <span class='ocrx_word' id='word_1_263' title='bbox 990 2975 1121 3056; x_wconf 78' lang='grc' dir='ltr'><strong><em>προσέτι</em></strong></span> <span class='ocrx_word' id='word_1_264' title='bbox 1142 2973 1199 3038; x_wconf 73' lang='grc' dir='ltr'><strong>καὶ</strong></span> <span class='ocrx_word' id='word_1_265' title='bbox 1216 2973 1299 3056; x_wconf 75' lang='grc' dir='ltr'><strong><em>ἡμεῖς</em></strong></span> <span class='ocrx_word' id='word_1_266' title='bbox 1315 2971 1343 3032; x_wconf 82' lang='grc' dir='ltr'><strong>ἐν</strong></span> <span class='ocrx_word' id='word_1_267' title='bbox 1358 2959 1395 3026; x_wconf 76' lang='lat' dir='ltr'><strong>tt&#39;·</strong></span> 
     </span>
     <span class='ocr_line' id='line_1_33' title="bbox 345 3045 1446 3139; baseline 0 -22"><span class='ocrx_word' id='word_1_268' title='bbox 345 3071 415 3137; x_wconf 74' lang='grc' dir='ltr'><strong>σμῳ</strong></span> <span class='ocrx_word' id='word_1_269' title='bbox 435 3051 626 3139; x_wconf 77' lang='grc' dir='ltr'><strong><em>περιῄειμον.</em></strong></span> <span class='ocrx_word' id='word_1_270' title='bbox 667 3057 792 3118; x_wconf 86' lang='lat' dir='ltr'><strong>Mallem</strong></span> <span class='ocrx_word' id='word_1_271' title='bbox 812 3061 1017 3119; x_wconf 88' lang='lat' dir='ltr'><strong>omninocum</strong></span> <span class='ocrx_word' id='word_1_272' title='bbox 1033 3057 1073 3121; x_wconf 90' lang='lat' dir='ltr'><strong>cl.</strong></span> <span class='ocrx_word' id='word_1_273' title='bbox 1092 3061 1235 3121; x_wconf 86' lang='lat' dir='ltr'><strong>Reimaro</strong></span> <span class='ocrx_word' id='word_1_274' title='bbox 1249 3047 1395 3138; x_wconf 61' lang='grc' dir='ltr'><strong><em>προῄειμεν,</em></strong></span> <span class='ocrx_word' id='word_1_275' title='bbox 1445 3045 1446 3108; x_wconf 82' lang='lat' dir='ltr'><strong>l</strong></span> 
     </span>
     <span class='ocr_line' id='line_1_34' title="bbox 340 3139 1394 3226; baseline 0.002 -31"><span class='ocrx_word' id='word_1_276' title='bbox 340 3140 547 3216; x_wconf 69' lang='lat' dir='ltr'><strong>processimus.</strong></span> <span class='ocrx_word' id='word_1_277' title='bbox 592 3139 710 3217; x_wconf 89' lang='lat' dir='ltr'><strong>Quodsi</strong></span> <span class='ocrx_word' id='word_1_278' title='bbox 733 3151 836 3202; x_wconf 87' lang='lat' dir='ltr'><strong>tamen</strong></span> <span class='ocrx_word' id='word_1_279' title='bbox 852 3151 934 3202; x_wconf 88' lang='lat' dir='ltr'><strong>recte</strong></span> <span class='ocrx_word' id='word_1_280' title='bbox 955 3141 1048 3203; x_wconf 85' lang='lat' dir='ltr'><strong>habet</strong></span> <span class='ocrx_word' id='word_1_281' title='bbox 1067 3141 1212 3226; x_wconf 80' lang='lat' dir='ltr'><strong>vulgata,</strong></span> <span class='ocrx_word' id='word_1_282' title='bbox 1242 3139 1345 3201; x_wconf 86' lang='lat' dir='ltr'><strong>notabit</strong></span> <span class='ocrx_word' id='word_1_283' title='bbox 1361 3151 1394 3192; x_wconf 79' lang='lat' dir='ltr'><strong>st·</strong></span> 
     </span>
     <span class='ocr_line' id='line_1_35' title="bbox 344 3215 1396 3308; baseline -0.004 -32"><span class='ocrx_word' id='word_1_284' title='bbox 344 3230 464 3281; x_wconf 87' lang='lat' dir='ltr'><strong>natores</strong></span> <span class='ocrx_word' id='word_1_285' title='bbox 486 3221 516 3280; x_wconf 92' lang='lat' dir='ltr'><strong>in</strong></span> <span class='ocrx_word' id='word_1_286' title='bbox 558 3225 658 3296; x_wconf 87' lang='lat' dir='ltr'><strong>emina</strong></span> <span class='ocrx_word' id='word_1_287' title='bbox 679 3225 756 3285; x_wconf 84' lang='lat' dir='ltr'><strong>serie</strong></span> <span class='ocrx_word' id='word_1_288' title='bbox 783 3226 862 3284; x_wconf 91' lang='lat' dir='ltr'><strong>circa</strong></span> <span class='ocrx_word' id='word_1_289' title='bbox 883 3225 1098 3306; x_wconf 85' lang='lat' dir='ltr'><strong>Imperatorem</strong></span> <span class='ocrx_word' id='word_1_290' title='bbox 1119 3227 1301 3308; x_wconf 88' lang='lat' dir='ltr'><strong>processisse.</strong></span> <span class='ocrx_word' id='word_1_291' title='bbox 1334 3215 1396 3278; x_wconf 84' lang='lat' dir='ltr'><strong>lden</strong></span> 
     </span>
     <span class='ocr_line' id='line_1_36' title="bbox 343 3244 1446 3394; baseline 0.009 -32"><span class='ocrx_word' id='word_1_292' title='bbox 343 3299 406 3362; x_wconf 89' lang='lat' dir='ltr'><strong>Dio</strong></span> <span class='ocrx_word' id='word_1_293' title='bbox 426 3325 456 3384; x_wconf 90' lang='lat' dir='ltr'><strong>p.</strong></span> <span class='ocrx_word' id='word_1_294' title='bbox 483 3244 569 3368; x_wconf 64' lang='lat' dir='ltr'><strong>rond.</strong></span> <span class='ocrx_word' id='word_1_295' title='bbox 590 3305 763 3394; x_wconf 75' lang='lat' dir='ltr'><strong>describens</strong></span> <span class='ocrx_word' id='word_1_296' title='bbox 781 3327 906 3368; x_wconf 86' lang='lat' dir='ltr'><strong>aureum</strong></span> <span class='ocrx_word' id='word_1_297' title='bbox 926 3309 969 3369; x_wconf 84' lang='lat' dir='ltr'><strong>sic</strong></span> <span class='ocrx_word' id='word_1_298' title='bbox 989 3308 1106 3369; x_wconf 86' lang='lat' dir='ltr'><strong>dictam</strong></span> <span class='ocrx_word' id='word_1_299' title='bbox 1131 3311 1232 3384; x_wconf 85' lang='lat' dir='ltr'><strong>diem,</strong></span> <span class='ocrx_word' id='word_1_300' title='bbox 1265 3324 1319 3389; x_wconf 77' lang='lat' dir='ltr'><strong>quo</strong></span> <span class='ocrx_word' id='word_1_301' title='bbox 1334 3301 1394 3360; x_wconf 62' lang='grc' dir='ltr'><strong>Νθῐθ</strong></span> <span class='ocrx_word' id='word_1_302' title='bbox 1445 3293 1446 3324; x_wconf 46' lang='lat'>¹</span> 
     </span>
     <span class='ocr_line' id='line_1_37' title="bbox 344 3379 1394 3472; baseline -0.001 -28"><span class='ocrx_word' id='word_1_303' title='bbox 344 3381 474 3447; x_wconf 88' lang='lat' dir='ltr'><strong>Tiridati</strong></span> <span class='ocrx_word' id='word_1_304' title='bbox 494 3386 633 3448; x_wconf 87' lang='lat' dir='ltr'><strong>diadema</strong></span> <span class='ocrx_word' id='word_1_305' title='bbox 647 3390 850 3471; x_wconf 80' lang='lat' dir='ltr'><strong>imponebat,</strong></span> <span class='ocrx_word' id='word_1_306' title='bbox 873 3393 937 3451; x_wconf 71' lang='lat' dir='ltr'><strong>aits</strong></span> <span class='ocrx_word' id='word_1_307' title='bbox 968 3387 1097 3472; x_wconf 79' lang='grc' dir='ltr'><strong><em>πᾶσαῆ</em></strong></span> <span class='ocrx_word' id='word_1_308' title='bbox 1127 3389 1219 3465; x_wconf 82' lang='grc' dir='ltr'><strong><em>πόλις</em></strong></span> <span class='ocrx_word' id='word_1_309' title='bbox 1240 3379 1394 3461; x_wconf 67' lang='grc' dir='ltr'><strong><em>ἐκεκόσμητο</em></strong></span> 
     </span>
     <span class='ocr_line' id='line_1_38' title="bbox 343 3461 1446 3554; baseline 0.005 -30"><span class='ocrx_word' id='word_1_310' title='bbox 343 3462 401 3526; x_wconf 76' lang='grc' dir='ltr'><strong>καὶ</strong></span> <span class='ocrx_word' id='word_1_311' title='bbox 420 3469 505 3550; x_wconf 77' lang='grc' dir='ltr'><em>φωσὶ</em></span> <span class='ocrx_word' id='word_1_312' title='bbox 527 3467 582 3531; x_wconf 76' lang='grc' dir='ltr'><strong>καὶ</strong></span> <span class='ocrx_word' id='word_1_313' title='bbox 599 3467 846 3554; x_wconf 81' lang='grc' dir='ltr'><strong><em>στεφανώμασι,</em></strong></span> <span class='ocrx_word' id='word_1_314' title='bbox 879 3474 931 3534; x_wconf 91' lang='lat' dir='ltr'><strong>ubi</strong></span> <span class='ocrx_word' id='word_1_315' title='bbox 957 3473 1020 3534; x_wconf 85' lang='lat' dir='ltr'><strong>vid.</strong></span> <span class='ocrx_word' id='word_1_316' title='bbox 1045 3477 1154 3537; x_wconf 88' lang='lat' dir='ltr'><strong>citatos</strong></span> <span class='ocrx_word' id='word_1_317' title='bbox 1178 3498 1195 3536; x_wconf 90' lang='lat' dir='ltr'><strong>a</strong></span> <span class='ocrx_word' id='word_1_318' title='bbox 1226 3474 1264 3535; x_wconf 91' lang='lat' dir='ltr'><strong>cl.</strong></span> <span class='ocrx_word' id='word_1_319' title='bbox 1286 3469 1395 3530; x_wconf 75' lang='lat' dir='ltr'><strong>Reimtr⁰</strong></span> <span class='ocrx_word' id='word_1_320' title='bbox 1445 3461 1446 3550; x_wconf 73' lang='lat' dir='ltr'><strong>l</strong></span> 
     </span>
     <span class='ocr_line' id='line_1_39' title="bbox 344 3547 1393 3639; baseline 0.011 -34"><span class='ocrx_word' id='word_1_321' title='bbox 344 3560 494 3612; x_wconf 86' lang='lat' dir='ltr'><strong>auctores.</strong></span> <span class='ocrx_word' id='word_1_322' title='bbox 537 3553 691 3635; x_wconf 89' lang='lat' dir='ltr'><strong>Populum</strong></span> <span class='ocrx_word' id='word_1_323' title='bbox 708 3559 741 3615; x_wconf 92' lang='lat' dir='ltr'><strong>in</strong></span> <span class='ocrx_word' id='word_1_324' title='bbox 759 3553 893 3617; x_wconf 89' lang='lat' dir='ltr'><strong>candidis</strong></span> <span class='ocrx_word' id='word_1_325' title='bbox 911 3559 1090 3639; x_wconf 91' lang='lat' dir='ltr'><strong>processisse</strong></span> <span class='ocrx_word' id='word_1_326' title='bbox 1115 3570 1148 3619; x_wconf 90' lang='lat' dir='ltr'><strong>et</strong></span> <span class='ocrx_word' id='word_1_327' title='bbox 1180 3556 1286 3618; x_wconf 85' lang='lat' dir='ltr'><strong>laureis</strong></span> <span class='ocrx_word' id='word_1_328' title='bbox 1313 3547 1393 3615; x_wconf 71' lang='lat' dir='ltr'><strong>sttfiSt</strong></span> 
     </span>
     <span class='ocr_line' id='line_1_40' title="bbox 343 3623 1446 3723; baseline 0.016 -37"><span class='ocrx_word' id='word_1_329' title='bbox 343 3627 432 3690; x_wconf 92' lang='lat' dir='ltr'><strong>ludos</strong></span> <span class='ocrx_word' id='word_1_330' title='bbox 460 3636 492 3694; x_wconf 89' lang='lat' dir='ltr'><strong>in</strong></span> <span class='ocrx_word' id='word_1_331' title='bbox 515 3635 634 3698; x_wconf 84' lang='lat' dir='ltr'><strong>theatro</strong></span> <span class='ocrx_word' id='word_1_332' title='bbox 664 3639 761 3700; x_wconf 89' lang='lat' dir='ltr'><strong>editos</strong></span> <span class='ocrx_word' id='word_1_333' title='bbox 786 3639 894 3716; x_wconf 86' lang='lat' dir='ltr'><strong>fuisse,</strong></span> <span class='ocrx_word' id='word_1_334' title='bbox 915 3659 1010 3721; x_wconf 87' lang='lat' dir='ltr'><strong>eoque</strong></span> <span class='ocrx_word' id='word_1_335' title='bbox 1031 3652 1138 3723; x_wconf 88' lang='lat' dir='ltr'><strong>operto</strong></span> <span class='ocrx_word' id='word_1_336' title='bbox 1161 3640 1230 3704; x_wconf 89' lang='lat' dir='ltr'><strong>velo</strong></span> <span class='ocrx_word' id='word_1_337' title='bbox 1252 3639 1350 3704; x_wconf 73' lang='lat' dir='ltr'><strong>serico,</strong></span> <span class='ocrx_word' id='word_1_338' title='bbox 1367 3623 1395 3686; x_wconf 71' lang='lat' dir='ltr'><strong>fld</strong></span> <span class='ocrx_word' id='word_1_339' title='bbox 1445 3661 1446 3708; x_wconf 80' lang='lat' dir='ltr'><strong>t</strong></span> 
     </span>
     <span class='ocr_line' id='line_1_41' title="bbox 343 3710 1396 3813; baseline 0.005 -40"><span class='ocrx_word' id='word_1_340' title='bbox 343 3710 507 3774; x_wconf 82' lang='lat' dir='ltr'><strong>arcendum</strong></span> <span class='ocrx_word' id='word_1_341' title='bbox 522 3719 632 3813; x_wconf 78' lang='lat' dir='ltr'><strong>solem,</strong></span> <span class='ocrx_word' id='word_1_342' title='bbox 659 3722 708 3782; x_wconf 88' lang='lat' dir='ltr'><strong>cui</strong></span> <span class='ocrx_word' id='word_1_343' title='bbox 730 3721 800 3782; x_wconf 89' lang='lat' dir='ltr'><strong>velo</strong></span> <span class='ocrx_word' id='word_1_344' title='bbox 823 3722 958 3783; x_wconf 88' lang='lat' dir='ltr'><strong>insutum</strong></span> <span class='ocrx_word' id='word_1_345' title='bbox 975 3744 1032 3784; x_wconf 89' lang='lat' dir='ltr'><strong>acu</strong></span> <span class='ocrx_word' id='word_1_346' title='bbox 1052 3745 1144 3785; x_wconf 88' lang='lat' dir='ltr'><strong>aurea</strong></span> <span class='ocrx_word' id='word_1_347' title='bbox 1167 3725 1255 3786; x_wconf 87' lang='lat' dir='ltr'><strong>luisse</strong></span> <span class='ocrx_word' id='word_1_348' title='bbox 1272 3721 1396 3781; x_wconf 71' lang='lat' dir='ltr'><strong>Nerone¹1¹</strong></span> 
     </span>
     <span class='ocr_line' id='line_1_42' title="bbox 342 3803 1446 3888; baseline 0.004 -31"><span class='ocrx_word' id='word_1_349' title='bbox 342 3812 466 3888; x_wconf 66' lang='lat' dir='ltr'><strong>ctlrrum</strong></span> <span class='ocrx_word' id='word_1_350' title='bbox 486 3811 669 3881; x_wconf 79' lang='lat' dir='ltr'><strong>agitantem,</strong></span> <span class='ocrx_word' id='word_1_351' title='bbox 689 3803 782 3866; x_wconf 83' lang='lat' dir='ltr'><strong>stellis</strong></span> <span class='ocrx_word' id='word_1_352' title='bbox 802 3807 945 3866; x_wconf 88' lang='lat' dir='ltr'><strong>cinctum.</strong></span> <span class='ocrx_word' id='word_1_353' title='bbox 987 3807 1040 3868; x_wconf 85' lang='lat' dir='ltr'><strong>Ab</strong></span> <span class='ocrx_word' id='word_1_354' title='bbox 1062 3807 1115 3868; x_wconf 92' lang='lat' dir='ltr'><strong>illo</strong></span> <span class='ocrx_word' id='word_1_355' title='bbox 1132 3829 1219 3869; x_wconf 86' lang='lat' dir='ltr'><strong>more</strong></span> <span class='ocrx_word' id='word_1_356' title='bbox 1237 3805 1342 3866; x_wconf 77' lang='lat' dir='ltr'><strong>theatra</strong></span> <span class='ocrx_word' id='word_1_357' title='bbox 1360 3814 1396 3855; x_wconf 75' lang='lat' dir='ltr'><strong>st·</strong></span> <span class='ocrx_word' id='word_1_358' title='bbox 1445 3815 1446 3872; x_wconf 77' lang='lat' dir='ltr'><strong>t</strong></span> 
     </span>
     <span class='ocr_line' id='line_1_43' title="bbox 341 3879 1446 3973; baseline 0.009 -42"><span class='ocrx_word' id='word_1_359' title='bbox 341 3893 439 3935; x_wconf 85' lang='lat' dir='ltr'><strong>ricum</strong></span> <span class='ocrx_word' id='word_1_360' title='bbox 456 3879 559 3942; x_wconf 83' lang='lat' dir='ltr'><strong>velum</strong></span> <span class='ocrx_word' id='word_1_361' title='bbox 575 3885 745 3947; x_wconf 86' lang='lat' dir='ltr'><strong>obducendi</strong></span> <span class='ocrx_word' id='word_1_362' title='bbox 757 3888 878 3948; x_wconf 88' lang='lat' dir='ltr'><strong>videtur</strong></span> <span class='ocrx_word' id='word_1_363' title='bbox 893 3899 983 3949; x_wconf 87' lang='lat' dir='ltr'><strong>natus</strong></span> <span class='ocrx_word' id='word_1_364' title='bbox 1000 3889 1166 3952; x_wconf 84' lang='lat' dir='ltr'><strong>fuissemus</strong></span> <span class='ocrx_word' id='word_1_365' title='bbox 1179 3909 1291 3973; x_wconf 88' lang='lat' dir='ltr'><strong>pannos</strong></span> <span class='ocrx_word' id='word_1_366' title='bbox 1309 3879 1395 3944; x_wconf 75' lang='lat' dir='ltr'><strong>seritot</strong></span> <span class='ocrx_word' id='word_1_367' title='bbox 1445 3885 1446 3940; x_wconf 85' lang='lat' dir='ltr'><strong>l</strong></span> 
     </span>
     <span class='ocr_line' id='line_1_44' title="bbox 341 3953 1396 4056; baseline 0.013 -41"><span class='ocrx_word' id='word_1_368' title='bbox 341 3953 440 4052; x_wconf 80' lang='lat' dir='ltr'><strong>ductis</strong></span> <span class='ocrx_word' id='word_1_369' title='bbox 459 3982 551 4044; x_wconf 86' lang='lat' dir='ltr'><strong>super</strong></span> <span class='ocrx_word' id='word_1_370' title='bbox 562 3968 676 4030; x_wconf 88' lang='lat' dir='ltr'><strong>medias</strong></span> <span class='ocrx_word' id='word_1_371' title='bbox 690 3969 804 4050; x_wconf 88' lang='lat' dir='ltr'><strong>plateas</strong></span> <span class='ocrx_word' id='word_1_372' title='bbox 825 3971 908 4032; x_wconf 85' lang='lat' dir='ltr'><strong>etad</strong></span> <span class='ocrx_word' id='word_1_373' title='bbox 928 3974 1085 4056; x_wconf 87' lang='lat' dir='ltr'><strong>utriusque</strong></span> <span class='ocrx_word' id='word_1_374' title='bbox 1105 3973 1210 4035; x_wconf 87' lang='lat' dir='ltr'><strong>lateris</strong></span> <span class='ocrx_word' id='word_1_375' title='bbox 1224 3971 1305 4035; x_wconf 82' lang='lat' dir='ltr'><strong>aedes</strong></span> <span class='ocrx_word' id='word_1_376' title='bbox 1315 3965 1396 4026; x_wconf 60' lang='lat' dir='ltr'><strong>firma·</strong></span> 
     </span>
     <span class='ocr_line' id='line_1_45' title="bbox 340 4039 1446 4139; baseline 0.013 -41"><span class='ocrx_word' id='word_1_377' title='bbox 340 4039 514 4133; x_wconf 68' lang='lat' dir='ltr'><strong>luchardis</strong></span> <span class='ocrx_word' id='word_1_378' title='bbox 530 4050 735 4130; x_wconf 87' lang='lat' dir='ltr'><strong>insternendi,</strong></span> <span class='ocrx_word' id='word_1_379' title='bbox 762 4053 896 4136; x_wconf 87' lang='lat' dir='ltr'><strong>aliosque</strong></span> <span class='ocrx_word' id='word_1_380' title='bbox 914 4075 1032 4136; x_wconf 87' lang='lat' dir='ltr'><strong>pannos</strong></span> <span class='ocrx_word' id='word_1_381' title='bbox 1051 4059 1201 4139; x_wconf 85' lang='lat' dir='ltr'><strong>pretiosos</strong></span> <span class='ocrx_word' id='word_1_382' title='bbox 1224 4078 1257 4116; x_wconf 83' lang='lat' dir='ltr'><strong>ex</strong></span> <span class='ocrx_word' id='word_1_383' title='bbox 1275 4051 1337 4134; x_wconf 81' lang='lat' dir='ltr'><strong>ipsis</strong></span> <span class='ocrx_word' id='word_1_384' title='bbox 1359 4061 1397 4102; x_wconf 65' lang='grc' dir='ltr'><strong>ΒΘ·</strong></span> <span class='ocrx_word' id='word_1_385' title='bbox 1445 4083 1446 4100; x_wconf 53' lang='grc' dir='ltr'><strong><em>ι</em></strong></span> 
     </span>
     <span class='ocr_line' id='line_1_46' title="bbox 341 4119 1446 4221; baseline -0.001 -34"><span class='ocrx_word' id='word_1_386' title='bbox 341 4119 527 4188; x_wconf 70' lang='lat' dir='ltr'><strong>d¹11m²tectis</strong></span> <span class='ocrx_word' id='word_1_387' title='bbox 555 4135 777 4216; x_wconf 82' lang='lat' dir='ltr'><strong>suspendendi,</strong></span> <span class='ocrx_word' id='word_1_388' title='bbox 798 4138 908 4221; x_wconf 86' lang='lat' dir='ltr'><strong>quibus</strong></span> <span class='ocrx_word' id='word_1_389' title='bbox 929 4141 960 4199; x_wconf 92' lang='lat' dir='ltr'><strong>in</strong></span> <span class='ocrx_word' id='word_1_390' title='bbox 980 4144 1069 4202; x_wconf 86' lang='lat' dir='ltr'><strong>certis</strong></span> <span class='ocrx_word' id='word_1_391' title='bbox 1093 4138 1257 4202; x_wconf 86' lang='lat' dir='ltr'><strong>intervallis</strong></span> <span class='ocrx_word' id='word_1_392' title='bbox 1280 4131 1394 4195; x_wconf 79' lang='lat' dir='ltr'><strong>ardentes</strong></span> <span class='ocrx_word' id='word_1_393' title='bbox 1445 4119 1446 4178; x_wconf 84' lang='lat' dir='ltr'><strong>l</strong></span> 
     </span>
    </p>
   </div>
   <div class='ocr_carea' id='block_1_5' title="bbox 340 4207 1446 4311">
    <p class='ocr_par' dir='ltr' id='par_1_7' title="bbox 340 4207 1446 4311">
     <span class='ocr_line' id='line_1_47' title="bbox 340 4207 1446 4311; baseline 0.016 -50"><span class='ocrx_word' id='word_1_394' title='bbox 340 4207 419 4264; x_wconf 86' lang='lat' dir='ltr'><strong>cerei</strong></span> <span class='ocrx_word' id='word_1_395' title='bbox 442 4218 472 4268; x_wconf 88' lang='lat' dir='ltr'><strong>et</strong></span> <span class='ocrx_word' id='word_1_396' title='bbox 491 4209 605 4276; x_wconf 87' lang='lat' dir='ltr'><strong>funalia</strong></span> <span class='ocrx_word' id='word_1_397' title='bbox 622 4227 652 4280; x_wconf 87' lang='lat' dir='ltr'><strong>et</strong></span> <span class='ocrx_word' id='word_1_398' title='bbox 675 4229 756 4280; x_wconf 85' lang='lat' dir='ltr'><strong>serta</strong></span> <span class='ocrx_word' id='word_1_399' title='bbox 775 4219 879 4286; x_wconf 86' lang='lat' dir='ltr'><strong>laurea</strong></span> <span class='ocrx_word' id='word_1_400' title='bbox 894 4221 1013 4307; x_wconf 84' lang='lat' dir='ltr'><strong>aliaque</strong></span> <span class='ocrx_word' id='word_1_401' title='bbox 1036 4223 1310 4311; x_wconf 82' lang='lat' dir='ltr'><strong>interponebantur·</strong></span> <span class='ocrx_word' id='word_1_402' title='bbox 1346 4209 1394 4271; x_wconf 69' lang='lat' dir='ltr'><strong>Ur·</strong></span> <span class='ocrx_word' id='word_1_403' title='bbox 1445 4241 1446 4280; x_wconf 68' lang='lat' dir='ltr'><strong>t</strong></span> 
     </span>
    </p>
   </div>
   <div class='ocr_carea' id='block_1_6' title="bbox 0 0 1492 4892">
    <p class='ocr_par' dir='ltr' id='par_1_8' title="bbox 0 0 1492 4892">
     <span class='ocr_line' id='line_1_48' title="bbox 0 0 1492 4892; baseline 0 5"><span class='ocrx_word' id='word_1_404' title='bbox 0 0 1492 4892; x_wconf 95' lang='lat' dir='ltr'><strong> </strong></span> 
     </span>
    </p>
   </div>
  </div>
 </body>
</html>
