2975 4892
203 265 261 333 ιο
293 256 518 333 caussam.
547 264 696 331 roera.
726 263 781 329 m
808 260 947 333 carra.
975 247 1049 331 in.
1078 274 1104 332 ι.
1137 236 1227 356 375

143 417 295 507 Georgius
308 422 485 505 Acropolita
507 422 538 482 in
553 420 703 483 Chronico
723 444 753 484 e.
775 422 826 485 52.
852 424 892 484 de
912 425 1117 507 Marquesina,
1136 426 1229 488 loiri·

141 508 323 569 nisVatarae
333 506 514 567 concubinas
528 502 572 575 εἰς
585 504 795 586 suscitaverit
808 498 928 589 α’γάνινρς
938 508 1227 589 αὕτῆςέξεκρέματο

142 586 189 661 ὥς
209 586 265 649 καὶ
292 589 405 649 πέδιλα
426 582 641 649 interdicitis
671 586 782 648 δοῦναι
801 591 899 673 ταύτῃ
920 592 1101 671 nonnullam}
1122 591 1176 651 καί
1197 590 1227 652 ε’-

141 670 320 755 φεστρίιλας
341 670 491 743 τοιαύτας
512 665 568 730 καὶ
583 668 721 749 χαλινὰ,
743 670 877 733 ἕπεσθαι
898 670 934 732 δὲ
955 670 1038 754 ου’τῇ
1060 671 1185 745 πλείους
1207 667 1229 755 ἢ

141 754 180 839 τῇ
200 752 319 835 κυριλος
339 752 495 838 δεσποίνῃ.
537 751 695 835 Scaptium
708 754 860 836 Augustas
878 776 967 815 suurn
986 754 1043 815 sibi
1057 760 1228 837 proprium,

143 860 163 899 a
183 848 302 919 sceptro
325 836 375 897 Au
419 840 457 897 sti
483 835 647 912 diversum,
673 848 802 919 gestasse
821 848 904 920 patet
923 858 941 899 e
961 838 1071 899 Codini
1093 838 1172 919 libro
1192 840 1234 901 de

144 918 360 981 officiisAulae
378 858 524 1002 bizant„
544 932 579 982 ut
601 942 629 981 c.
652 920 795 983 XVll.n.
817 920 867 1000 24.
911 920 1072 982 Habebant
1096 921 1229 1003 peculia-

143 1024 211 1065 rem
231 1004 288 1064 sibi
316 1001 432 1063 elerum
462 1014 492 1063 et
518 1006 683 1082 musicam,
703 1024 794 1085 quam
823 1002 995 1087 appellant,
1017 1004 1174 1087 capellam.
1192 1006 1229 1067 V.

143 1088 197 1147 Du
220 1087 320 1170 Gange
341 1084 441 1146 Gloss.
464 1086 518 1147 Gr.
541 1109 572 1170 p.
598 1088 667 1149 ὅσα.
688 1107 719 1147 v.
744 1086 936 1163 Δομέστικος
956 1086 1013 1147 τοῦ
1031 1086 1231 1149 ὀέσνιοινικοῦ

143 1165 274 1249 κλήρου.
314 1169 461 1252 Magistro
481 1192 635 1231 sacrorum
657 1167 825 1229 officiorum
845 1172 939 1250 partis
960 1170 1089 1251 Augusti
1111 1171 1231 1231 licuisse

144 1252 259 1333 absque
277 1254 379 1328 venia,
400 1253 523 1334 quando
543 1253 635 1314 vellet
657 1252 696 1311 ad
708 1253 933 1334 imperatricem
956 1254 1108 1330 accedere,
1130 1253 1232 1314 saltim

123 1327 329 1412 'saecu10V.,
351 1346 434 1416 patet
457 1357 492 1395 ex
505 1335 617 1396 Malaia
637 1335 677 1393 T.
697 1335 738 1394 ll.
762 1357 793 1416 p.
819 1336 880 1410 56,
902 1336 955 1395 ubi
977 1336 1015 1395 de
1028 1337 1169 1397 Paullino
1188 1338 1231 1397 sic

144 1420 211 1479 ait:
248 1411 332 1495 ἔχων
365 1416 401 1479 δὲ
421 1416 604 1499 παρ’ῥησιάν
624 1410 704 1498 πρὸς
723 1411 780 1478 τὸν
807 1417 940 1495 βασιλέα
971 1413 1161 1493 Θεοδόσιον,
1184 1416 1228 1490 ὥς

143 1490 380 1581 παράνομφος,
403 1498 459 1560 καί
478 1494 557 1585 ριρὸς
587 1494 645 1581 τὴν
667 1491 857 1577 Αὔγουστον
875 1497 1033 1561 Εὕδοιιιάν
1054 1495 1151 1583 εἰσῄει
1172 1522 1233 1561 συ-

143 1584 231 1663 χναῖς
253 1578 270 1642 ὁ
294 1577 391 1653 αὐτὸς
410 1583 595 1661 Παυλῖνος,
625 1578 668 1654 ὥς
688 1576 870 1661 μα’γιστρος.
910 1582 972 1642 Nisi
991 1584 1125 1644 dicamus
1139 1582 1233 1645 Paul-

84 1700 89 1711 ·
145 1662 244 1727 linum
275 1664 451 1746 magistrum
484 1686 547 1726 non
576 1666 670 1748 partis
697 1665 847 1747 Augusti,
880 1665 934 1725 sed
953 1664 1109 1746 Augustae
1129 1667 1231 1726 linisset

145 1748 223 1809 llam
243 1748 379 1831 proiecto
401 1768 499 1830 neque
509 1752 654 1831 magistro
673 1751 798 1829 proprio
819 1747 941 1809 carebat
959 1767 1065 1808 eorum
1087 1748 1166 1810 aula.
1185 1751 1234 1809 De
1273 1784 1278 1795 ·

144 1826 243 1893 titulis
276 1831 484 1931 Augustarum
518 1842 549 1893 et
576 1830 725 1907 filiarum,
755 1829 927 1908 δέσποινα,
958 1825 1234 1910 περιφονεστοὶτη,

144 1912 379 1995 ἐπιφανεστατη
391 1960 399 1989 ,
421 1912 506 1989 aliis,
530 1926 561 1976 et
579 1914 815 1991 mutationibus,
837 1934 913 1995 quas
932 1921 1104 1994 temporum
1126 1913 1235 1979 decur-

144 2018 195 2058 sus
215 2000 249 2057 in
273 2016 323 2057 eos
344 1999 474 2074 invexit,
495 1998 567 2059 nolo
587 1998 684 2059 multa
703 2016 891 2080 congerere,
914 2017 955 2056 ue
975 1996 1089 2057 nimius
1112 1999 1145 2057 in
1170 2016 1233 2056 imo

144 2083 215 2142 sim.
259 2078 463 2141 Procedamus
483 2101 565 2163 ergo.

209 2182 281 2245 στρ.
297 2164 333 2223 Β.
352 2164 382 2223 3.
405 2162 493 2247 [389‚
514 2161 574 2246 πρ]
595 2158 809 2243 ὕπολήμψεας
833 2162 983 2243 χρηστῆς.
1023 2159 1119 2222 Νονίο
1139 2161 1235 2222 Grae-

146 2247 192 2307 cis
215 2254 260 2305 est
280 2242 439 2326 ὖπόληψις
465 2246 496 2307 id
525 2247 608 2329 quod
628 2246 716 2307 nobis
735 2248 899 2329 reputatio,
931 2246 1130 2322 existimatio,
1151 2243 1234 2303 bona

146 2327 196 2389 vel
219 2327 298 2388 mala
318 2327 477 2388 hominum
498 2329 536 2390 de
551 2329 652 2411 aliquo
673 2330 789 2410 opinio.
831 2328 959 2389 Basilius
971 2330 1085 2389 Patrio.
1105 2330 1136 2385 in
1148 2327 1234 2387 Nau·

147 2412 293 2473 machicis
322 2412 405 2493 apud
425 2412 548 2475 Fabric.
583 2412 662 2474 Bibl.
692 2414 747 2472 Gr.
775 2410 847 2471 Vol.
866 2412 956 2475 Vlll.
988 2434 1056 2493 pag.
1081 2412 1170 2470 138.:
1204 2400 1236 2468 oi

148 2483 240 2557 ἄλλοι
266 2488 393 2570 πάντες,
424 2486 493 2555 ὅσοι
519 2489 640 2574 μεγάλα
673 2490 910 2572 κατώρθωσαν,
930 2487 985 2553 τὸν
1007 2485 1115 2553 ἄνετον
1133 2485 1236 2561 sribia

149 2572 314 2659 αἱροῦνται
334 2574 405 2653 βίον
425 2572 481 2637 καί
503 2568 701 2657 εὐδιάχυτον,
722 2575 778 2635 καί
797 2571 955 2656 δευτέροις
976 2564 1164 2635 οἶαοκνοῦσιν
1185 2573 1237 2651 iy-

147 2665 269 2740 χειρεῑν
290 2656 559 2739 κατορθώμασιν,
590 2657 641 2721 λ’να
669 2653 715 2739 μή
745 2656 895 2727 πολλάκις
913 2662 979 2728 τοῖς
1011 2648 1144 2734 ὕστερον
1161 2652 1237 2714 οἶτο-

145 2737 304 2821 χὴσανιες
332 2741 389 2802 καί
410 2736 467 2823 τὴν
487 2745 550 2805 τῶν
569 2740 732 2824 προτέρων
752 2732 913 2819 ὑπόληψιν
934 2736 1156 2818 ἀμαυροτέραν
1174 2757 1238 2795 πα-

149 2820 305 2906 ράσχωσι.
325 2824 420 2906 Saepe
442 2846 511 2885 cum
529 2818 652 2909 χρηστή
675 2824 881 2905 componitur,
900 2833 935 2882 ut
953 2822 1026 2901 hic,
1048 2840 1136 2901 saepe
1160 2839 1237 2901 quo·

149 2926 210 2989 que
231 2909 274 2968 sic
296 2908 378 2968 nude
397 2911 542 2990 ponitur,
571 2929 628 2990 pro
653 2908 733 2967 bona
763 2908 922 2987 opinione,
946 2916 976 2966 et
995 2916 1031 2965 ut
1051 2904 1132 2986 apud
1153 2904 1237 2963 Lati-

148 3012 206 3051 nos
226 2992 363 3074 opinatio
397 2994 498 3051 virum
530 2992 629 3051 bonae
648 2992 874 3051 existimationis
895 2989 1063 3071 significat,
1086 2990 1128 3047 ita
1150 2981 1237 3046 inat·
1259 3031 1263 3040 .

148 3072 307 3153 λημμένος
346 3074 428 3155 apud
460 3076 602 3135 Graecos.
658 3074 739 3133 Hinc
767 3072 962 3153 corrigendus
982 3069 1184 3151 Theophanes
1203 3088 1235 3149 p.

150 3174 223 3298 asp.
242 3156 277 3215 Β.
305 3176 351 3216 11.
384 3168 413 3217 et
445 3158 536 3219 scrib.
557 3154 785 3235 ὑπειλημμένος
817 3176 873 3238 pru
896 3152 1129 3235 ἐπειλημμένος.
1153 3151 1238 3232 (Vid.

150 3238 190 3298 Sa
205 3260 277 3299 mas.
311 3238 351 3299 ad
374 3240 481 3323 Script.
503 3240 584 3301 Hist.
618 3240 698 3321 Aug.
725 3240 764 3298 T.
787 3238 829 3298 ll.
850 3259 880 3320 p.
901 3238 986 3313 265.)
1028 3237 1113 3296 ldcm
1134 3244 1240 3293 auctor

147 3342 179 3403 p.
205 3322 278 3383 255.
307 3320 350 3383 A.
371 3343 423 3406 9.=
446 3319 659 3404 ειλυπόληπτος
677 3321 779 3388 habet.
800 3321 880 3381 Hinc
901 3318 1051 3401 intelligas
1071 3315 1147 3376 illud
1159 3315 1240 3399 Lupi

42 3403 48 3411 ’
147 3404 350 3465 Ferrariensis
384 3408 468 3487 epist.
502 3426 552 3466 οε.
594 3416 721 3465 uestram
756 3404 990 3487 epibatrssinram
1033 3400 1241 3459 liberalitatem

144 3488 278 3569 flagito,
309 3487 342 3547 id
362 3498 407 3549 est
427 3490 654 3551 celeberrimam
682 3498 711 3548 et
732 3486 935 3569 amplissimae
956 3472 1182 3564 exspectationis
1202 3481 1240 3541 li-

152 3569 359 3648 beralitatem,
381 3570 420 3632 de
440 3592 500 3655 qna
523 3592 641 3633 summa
661 3591 800 3653 quaeque
819 3578 994 3651 sperantur,
1019 3557 1242 3642 ὑπολαμβάνε-

151 3674 216 3715 ται.
246 3652 351 3713 ‘inira
381 3658 461 3737 apud
484 3655 625 3716 Nostrum
652 3676 683 3737 p.
705 3654 777 3715 253.
802 3654 841 3712 A.
862 3674 893 3749 ρ.
917 3650 1063 3712 habemus
1084 3640 1241 3725 ευόπολὴ-
1275 3666 1280 3673 ·

150 3754 267 3813 move,
298 3735 453 3818 homines,
474 3740 513 3800 de
545 3738 656 3821 quibus
676 3738 757 3797 bona
787 3756 890 3795 omnia
910 3744 1069 3815 sperantur
1088 3742 1119 3791 et
1139 3731 1240 3791 existl-

153 3831 288 3880 mantur.
337 3820 437 3883 Latini
472 3824 625 3903 aequiores
645 3820 720 3881 tales
740 3820 885 3894 creditas,
913 3818 1087 3879 creditarios
1107 3812 1241 3895 appella-

151 3900 224 3963 bant
250 3903 398 3979 (Ιιοελεηιιο
428 3906 466 3966 de
490 3906 614 3984 eredit„
648 3925 678 3965 v.
697 3904 749 3964 Du
771 3904 871 3986 Cange
891 3900 940 3963 bis
960 3902 992 3961 in
1012 3898 1138 3962 vocibus
1158 3905 1188 3957 et
1205 3894 1241 3956 ln
1291 3927 1293 3930 ·

156 3986 211 4048 Gr.
233 4006 266 4045 v.
291 3976 371 4044 ὖπόλ
406 3978 459 4062 ἰς.

233 4068 269 4127 B·
283 4064 314 4146 ti
325 4001 428 4215 Egi,
445 4070 509 4155 aa]
524 4068 815 4153 μεμαρτυρημένα.
860 4068 1063 4131 Conmendati
1086 4064 1124 4126 ob
1145 4064 1240 4124 uitam

152 4150 313 4213 umam.
367 4159 513 4240 αρτορεῑν
531 4172 592 4222 τινι
612 4152 705 4217 babet
726 4154 864 4217 Zosimru
891 4150 1014 4239 p346.
1037 4171 1068 4211 ε.
1088 4168 1145 4231 pro
1164 4146 1241 4207 λοιεα
