2975 4892
311 235 396 324 358
518 262 574 327 ιο.
607 261 687 325 nc.
718 263 865 326 narsuu
898 256 1180 325 couuuuruuu
1280 296 1283 300 -

307 423 402 483 tarica
429 418 685 480 caulcrruminare
710 418 792 480 haud
821 423 865 481 ita
896 419 1016 501 pridem
1035 419 1205 502 satagebant
1223 416 1322 479 assidui
1338 431 1364 479 et

307 504 429 568 solertes
460 502 603 563 faciendis
630 501 790 586 proselytis
818 516 849 564 et
868 503 1009 584 parandis
1028 503 1135 583 apibus
1154 503 1219 562 viri.
1258 501 1365 560 Festum

307 589 482 650 Natiuitatis
503 585 615 646 Christi
646 597 677 646 et
696 597 833 669 tempora
854 587 896 647 sic
919 587 992 646 dicti
1013 585 1173 646 Adventus
1189 595 1220 644 et
1245 584 1364 665 Epipha-

300 674 377 750 niae
396 668 546 729 debentur
567 668 690 730 Graecis
711 670 892 752 gentilibus,
912 690 989 751 quas
1009 669 1169 730 credidisse
1187 687 1237 727 saa
1255 669 1365 726 numina

307 753 461 816 interdum
480 751 626 832 emigrare
647 751 725 825 alio,
749 753 819 814 dein
840 754 972 816 reditum
992 773 1115 834 parare,
1136 752 1290 826 advenire,
1307 750 1367 809 red·
1453 768 1454 775 ¹

307 840 376 914 ire,
399 855 592 916 comparere,
614 839 729 896 nemini
751 835 834 896 latet.
876 837 966 898 Circa
984 835 1059 896 baec
1080 839 1144 918 ipsa
1163 846 1301 915 tempora,
1310 830 1367 913 qdi-
1453 890 1454 905 ,

307 919 366 981 bus
397 918 519 980 ecclesia
540 917 615 977 festa
638 918 797 980 Adventus
825 931 856 980 et
882 919 1073 1001 Epiphaniae
1094 917 1242 994 celebrat,
1260 915 1368 997 Ephesii

307 1003 383 1064 olim
406 1000 573 1074 Timothei,
595 1003 686 1082 primi
700 1002 847 1084 Ephesini
868 1005 1022 1085 episcopi,
1043 1013 1178 1084 tempore
1197 995 1365 1076 καταγάμα,
1453 1070 1454 1085 ,

307 1088 425 1148 reditus
454 1087 486 1147 iu
518 1083 626 1144 urbem
647 1086 765 1146 Dianae
785 1107 857 1146 suae
877 1086 1070 1147 celebrabant
1091 1085 1186 1145 modis
1202 1079 1369 1142 aludaGo·

308 1168 391 1228 tbiaa
412 1187 474 1228 nan
494 1165 624 1226 multum
638 1168 865 1230 abludentibus.
910 1169 1001 1246 erad
1025 1169 1132 1228 festum
1177 1187 1238 1226 rum
1250 1163 1370 1224 inhibere

309 1262 340 1312 et
362 1249 469 1309 tallere
489 1250 622 1310 studeret
642 1252 844 1329 Timotheus,
866 1275 884 1311 a
904 1252 1122 1312 bacchantibus
1142 1189 1272 1331 lli-phariis
1288 1246 1369 1305 traci·

309 1334 399 1394 datus
413 1332 479 1392 luit.
524 1334 706 1416 Martyrium
727 1338 791 1395 eius
813 1337 926 1395 Mutum
945 1335 1035 1416 (apud
1056 1335 1106 1393 Du
1116 1335 1218 1413 Gange
1236 1351 1265 1390 v.
1278 1329 1373 1391 Κατα-

308 1409 417 1516 ράγια)
439 1419 565 1476 aierem
587 1427 617 1476 et
638 1419 712 1477 ritus
734 1418 801 1479 festi
816 1429 938 1479 narrat:
958 1419 1012 1496 τῆς
1033 1417 1069 1477 δὲ
1087 1409 1234 1498 Ἐφεσίας
1253 1410 1371 1490 λείψανα
1453 1428 1454 1465 1

308 1519 356 1560 οτι
385 1496 440 1577 τῆς
467 1495 576 1578 προύρν
606 1498 852 1580 εἰδωλολατρίας
882 1501 917 1562 ἐν
943 1505 1008 1570 τοῖς
1025 1493 1062 1559 τὸ
1086 1497 1253 1579 τηνικαῦτα
1272 1487 1372 1569 ταύτην

308 1579 448 1642 οἰκοῦσιν
469 1571 601 1660 ἐχούσης
623 1581 841 1664 Καταγωγιὲον
861 1575 945 1643 alita>
973 1583 1196 1658 καλουμένων,
1225 1576 1267 1650 ὡς
1294 1570 1373 1633 arisai
1453 1592 1454 1595 ’

261 1741 264 1746 Ι
307 1657 377 1732 τότε
406 1657 540 1724 ἐκάλουν
548 1709 558 1738 ,
588 1655 700 1744 ἑορτήν
728 1665 764 1727 ἐν
795 1663 930 1748 ἡμέραις
957 1665 1038 1725 τιοίν
1066 1658 1285 1724 ἐπιτελούντων
1306 1673 1372 1754 ρρο·ι
1453 1704 1454 1715 ι

308 1739 460 1824 σχήματα
485 1745 545 1821 μὲν
575 1743 701 1827 α’πρεπῆ
729 1741 856 1819 ἓαοτοῑς
879 1745 1111 1828 περιτιθέντες,
1139 1741 1216 1824 πρὸς
1235 1741 1269 1803 δὲ
1286 1759 1319 1802 το
1336 1758 1374 1835 ιρι

308 1821 536 1908 γιγνώσκεσθαι
568 1827 776 1908 προσωπείοις
803 1823 1093 1898 κατακαλύπτοντες
1113 1825 1153 1888 ui
1174 1819 1290 1886 ἑαυτῶν
1307 1840 1373 1901 προ·
1413 1900 1417 1907 „
1453 1856 1454 1867 ι

308 1931 423 1972 amna.
448 1906 572 1989 ῥοπαλά
595 1931 627 1972 τε
648 1907 894 1994 ἐπιφορούμενον
920 1908 976 1972 καί
1002 1904 1127 1984 εἰκόνας
1154 1905 1306 1979 εἰδώλων,
1331 1898 1380 1961 κατ’

309 2013 379 2054 τινα
400 1985 527 2073 ᾄσματα
549 1992 801 2072 duranto-rime,
822 1988 964 2068 ἐπιόντες
984 2015 1020 2054 τε
1044 1987 1188 2065 ἀτάκτως
1215 1987 1376 2064 ἐλευθέρως

310 2071 449 2155 ἀνδράσι
478 2071 534 2134 καί
564 2082 694 2152 σεμναῖς
726 2075 890 2157 γυναιξίν,
919 2074 1039 2176 ρύνοος
1069 2071 1111 2136 ού
1145 2069 1219 2144 τούς
1239 2068 1377 2164 τοχιξντος

311 2152 514 2234 ἐργαζόμενοι
534 2153 591 2218 καί
612 2160 732 2238 πλῆθος
754 2154 898 2235 αἱμάτων
919 2158 1211 2238 exterrerentur
1230 2155 1377 2227 turonos

308 2237 364 2318 τῆς
387 2233 506 2311 πόλεως
538 2233 657 2312 τόποις.
699 2243 787 2304 Cani.
810 2243 964 2325 Menalog.
994 2241 1085 2302 Basil.
1109 2244 1148 2302 T.
1164 2241 1206 2300 ll.
1225 2261 1256 2322 p.
1279 2258 1295 2296 a
1319 2279 1325 2292 .
1345 2230 1377 2290 ed

309 2321 390 2382 diem
423 2323 530 2384 xxtt.
555 2323 712 2404 Ianuarii,
734 2328 788 2407 qui
810 2329 958 2408 martyrio
974 2325 1128 2386 Timothei
1150 2343 1232 2384 sacer
1253 2330 1303 2380 est.
1340 2314 1378 2373 Ut

308 2405 448 2485 Ephesiis
475 2404 518 2466 ab
548 2405 680 2468 reditum
709 2411 826 2471 Dianae
854 2409 963 2470 licebat
988 2406 1136 2469 hilaritati
1155 2427 1249 2488 rusqtre
1267 2401 1304 2462 ad
1320 2417 1379 2458 rer·

307 2487 382 2549 bera
403 2499 433 2549 et
451 2489 556 2550 caedes
577 2489 710 2572 aliasque
733 2495 858 2554 iniurias
879 2492 1058 2574 indulgere,
1081 2495 1126 2552 sic
1147 2490 1255 2551 licebat
1272 2501 1379 2566 quoque

310 2571 490 2632 Christianis
511 2571 552 2632 ab
573 2573 684 2634 Chrrsti
704 2577 868 2637 adventum
890 2574 1077 2652 saturnalia,
1109 2571 1275 2648 brumalia,
1296 2577 1377 2637 vota,

309 2653 456 2716 Calendas
477 2655 653 2733 lanuarias,
677 2656 766 2720 ludos
790 2659 957 2731 Gothicas,
981 2657 1056 2717 festa
1077 2657 1264 2723 stultorum,
1285 2652 1379 2710 saum

309 2735 609 2818 hypodiaconorum,
636 2741 844 2818 barbatorias,
875 2739 1023 2822 Cyclopes
1053 2761 1155 2822 agore.
1196 2736 1277 2815 Quid
1309 2732 1379 2791 enlm

309 2819 393 2880 aliud
414 2821 581 2902 Cyclopes,
611 2843 704 2904 quarn
725 2825 820 2908 pelliti
840 2823 953 2897 Gothi,
987 2823 1099 2898 milltes
1119 2823 1264 2895 Raberti,
1295 2818 1381 2875 iomr·

309 2907 372 2961 nati
394 2903 538 2965 diaboli?
580 2906 673 2982 Quod
688 2908 780 2968 hodie
793 2910 904 2968 nostris
918 2907 1053 2988 puerulis
1073 2905 1225 2966 terrendis
1245 2905 1381 2983 praestant

309 2985 477 3066 imaginarii
501 2987 612 3048 milites
633 2989 785 3070 Roberti,
816 3001 847 3051 et
867 2993 910 3050 sic
929 2990 1001 3049 dicti
1022 2990 1195 3073 Ροραπιτε,
1220 3005 1271 3047 seu
1298 2982 1382 3042 lemu-

310 3089 358 3128 res
393 3079 446 3128 aut
466 3067 565 3130 Panes
592 3081 646 3130 aut
665 3087 783 3154 spectra
801 3095 864 3134 uno
892 3073 1006 3148 verba,
1029 3073 1060 3132 id
1089 3071 1241 3133 eratalim
1254 3065 1378 3146 Cyclopa

310 3151 358 3212 Ut
378 3151 415 3210 ad
437 3149 559 3212 illarum
591 3174 720 3236 spectem
751 3160 783 3216 in
810 3157 923 3217 somnis
942 3155 1075 3216 ablatam
1088 3145 1383 3237 expavescuntetde-

311 3235 415 3296 fwiunt
447 3235 566 3317 pueruli
591 3248 760 3316 nostrates,
787 3240 898 3300 incubo
924 3241 1080 3321 oppressi,
1116 3247 1341 3320 querunturque
1357 3248 1384 3286 ⁵0

309 3321 430 3381 territas
450 3340 468 3380 a
486 3320 585 3380 milite
605 3321 731 3383 Roberti
752 3323 866 3400 lirisse,
886 3326 929 3383 ita
950 3322 1024 3382 olim
1045 3322 1266 3381 caussabantur
1285 3311 1383 3398 Cyclo·

310 3421 390 3480 pem.
433 3403 513 3463 Hinc
533 3405 613 3464 inter
633 3406 853 3466 insmnniorum
873 3406 1086 3486 ρίιαοιοαωοῒο
1099 3404 1206 3464 retulit
1227 3394 1384 3461 Artemido-

311 3503 364 3544 rus
391 3505 461 3566 pag.
487 3487 534 3548 ιδ.
552 3511 582 3571 7.
625 3483 790 3550 Κύκλωπα
810 3487 889 3550 ἰδεῖν
918 3479 940 3567 ἢ
967 3482 1001 3549 τὰ
1024 3477 1138 3568 ἄντρον
1159 3484 1272 3559 αύτού,
1293 3484 1381 3558 aitque

311 3565 343 3624 id
364 3568 530 3647 significare
550 3564 794 3652 urraisidedun
813 3562 836 3650 ἢ
846 3577 959 3633 νοατῖν.
998 3571 1091 3649 Sane,
1109 3591 1203 3650 quem
1224 3551 1327 3628 medici
1344 3563 1385 3619 in·

311 3647 423 3708 cubum
448 3651 618 3731 appellant,
640 3655 750 3736 vulgus
770 3667 802 3716 et
821 3655 950 3714 infantes
969 3654 1057 3738 Alp,
1089 3655 1233 3736 Ροραπιπ
1268 3659 1296 3708 α
1313 3645 1385 3711 alia,

312 3740 427 3792 ueteres
450 3733 634 3815 Cyclopem,
655 3737 781 3798 resolvit
801 3738 885 3799 velut
904 3749 935 3798 et
953 3739 1105 3797 exanimat
1119 3737 1260 3796 homines
1278 3741 1308 3791 et
1323 3745 1386 3810 pro·

310 3817 417 3874 sternit
438 3829 643 3878 momentanea
665 3821 815 3903 epilepsia.
862 3820 941 3881 Hinc
961 3823 1025 3880 nati
1044 3819 1271 3900 ludi.0yclopes
1285 3824 1314 3873 et
1335 3811 1386 3885 Cy·

312 3897 417 3979 elopea
444 3897 533 3974 dicti,
563 3903 595 3959 in
624 3904 735 3981 quibus
764 3907 925 3964 monstrosi
953 3903 1076 3963 coclites
1095 3903 1222 3978 vultus,
1243 3891 1387 3959 terricula·

162 3980 420 4043 tentamenta
441 4001 523 4044 mera
546 3983 808 4063 producebantur,
841 3987 880 4046 de
909 3987 1020 4069 quibus
1038 4007 1072 4046 v.
1095 3987 1235 4067 interpp.
1257 3981 1294 4042 ad
1317 3977 1387 4035 Hist-

311 4061 393 4142 Aug·
416 4063 454 4122 T·
476 4064 515 4125 fl·
538 4087 569 4146 p·
582 4066 651 4127 206·
673 4081 710 4135 et
737 4068 810 4148 845.
830 4069 974 4152 nullaque
992 4091 1086 4152 paene
1111 4070 1143 4127 in
1169 4089 1204 4128 re
1225 4059 1389 4125 differebatt

312 4143 433 4207 Gothici
454 4147 518 4208 ludi
540 4147 783 4236 a-Cyclopibus,
805 4154 863 4215 nisi
882 4157 915 4218 in
936 4175 997 4234 ea,
1027 4152 1111 4238 quod
1133 4153 1167 4214 in
1187 4148 1321 4213 Gothicis
1339 4141 1389 4202 ho·
