2975 4892
89 437 97 462 !
152 341 209 408 to
237 337 461 406 coustant.
485 340 634 405 roura.
662 338 717 402 ua
744 337 882 405 cmm
914 340 991 403 ιω.
1021 343 1062 403 u.
1100 337 1184 425 7¹9

93 506 234 557 veterum
256 493 476 575 imperatorum
496 491 702 554 Romanorum
729 493 886 572 imitatur,
1060 511 1184 554 summ

93 591 217 662 portam
234 578 414 676 ingreditur.
437 577 541 637 Const.
562 575 603 635 V.
619 576 708 637 Basrl.
722 597 749 637 c.
763 596 815 657 ορ.
833 576 923 660 Glyc.
944 597 974 658 p
1014 593 1081 636 rm:
1103 595 1185 653 χρυ-

92 663 144 722 σοῦ
171 681 317 744 στεφανιρ
348 653 446 738 λόφον
467 650 603 735 ὕπερθεν
629 653 735 736 ἔχοντι
764 653 978 736 ἐθριάμβευσε
1003 678 1063 741 per
1079 671 1184 741 ponas

92 721 255 825 mirgnosl*
276 745 306 804 id
328 750 372 803 est
384 744 534 858 processit
555 761 608 822 per
629 753 747 840 portam
768 741 909 838 erclesiae
928 740 1106 837 aicdictam3
1120 740 1185 840 yid.

86 846 243 992 {itti}
258 823 626 990 dimittit?
645 823 1185 989 tttt‘tl'll⁸..⁸t335t⁸dtllt

94 991 157 1050 tini
186 990 466 1072 Porphyrugeuueti
498 987 685 1070 triumphum
715 989 754 1049 de
785 989 940 1050 Saracenis
975 987 1089 1050 hahent
1118 988 1186 1051 Sor.
1227 1036 1231 1045 ,

94 1085 168 1156 post
193 1072 333 1154 Theoph.
353 1093 383 1154 p.
400 1071 473 1132 282.
502 1071 623 1132 loannis
642 1073 808 1133 Trimiscae
827 1093 845 1132 e
864 1071 1005 1153 Bulgaria
1031 1071 1184 1134 redeuntis

94 1157 229 1217 Cedren.
250 1177 281 1238 p.
296 1155 369 1217 682.
393 1156 449 1232 D„
471 1154 571 1215 Basilii
595 1156 725 1215 lunioris
743 1157 823 1216 idem
842 1177 875 1236 p.
897 1177 967 1239 7¹7·
989 1155 1039 1226 A„
1062 1157 1184 1217 loannis

95 1240 246 1300 Comneni
269 1239 364 1299 ilicet.
386 1260 418 1320 p.
439 1256 508 1305 ιο..
531 1239 616 1298 cuius
635 1237 758 1315 locum,
779 1239 850 1320 quia
870 1240 994 1319 insignis
1014 1248 1059 1298 est
1078 1250 1108 1298 et
1126 1241 1183 1298 tri·

95 1321 209 1403 umphi
231 1325 414 1382 ceremonias
434 1319 511 1380 bene
525 1324 731 1402 persequitur,
751 1321 886 1402 adeoque
905 1321 944 1382 ad
964 1341 1028 1382 rem
1042 1340 1184 1403 praesen-

93 1416 161 1465 tem
184 1405 298 1486 egregie
318 1404 404 1480 facit,
426 1405 536 1484 partim
557 1405 617 1462 iam
636 1403 675 1464 ad
696 1425 728 1484 p.
743 1403 815 1486 τό).
838 1402 938 1478 attuli,
952 1403 1067 1484 reliqua
1091 1403 1183 1484 paulo

94 1498 168 1571 post
188 1487 381 1547 adscribam..
408 1482 618 1568 *[Alphonsus
637 1486 807 1566 triumphos
826 1498 964 1546 veterum
975 1487 1183 1547 Romanorum

95 1571 260 1632 renovavit
273 1569 471 1650 Neapolitano
492 1587 583 1648 regno
604 1580 744 1650 superato
764 1589 846 1629 anno
864 1566 951 1646 ¹44²·
994 1569 1092 1628 liuius
1110 1569 1182 1630 lacti

95 1653 245 1714 memoria
275 1665 380 1714 auctor
403 1648 522 1712 fabulae
543 1651 677 1712 Milesiae
697 1651 779 1712 Ηίιι.
798 1651 920 1711 Τιίυπιε
935 1651 1116 1711 Blariacum
1144 1651 1183 1712 li-

93 1734 205 1798 berata
231 1734 302 1796 CPli
324 1733 491 1796 honoribus
509 1735 744 1815 triumphalibus
760 1755 851 1796 usum
868 1753 932 1794 esse
954 1743 1112 1794 memorat.
1133 1735 1183 1796 Sic

94 1820 221 1879 coniicit
241 1819 338 1878 editor
359 1819 491 1878 Gallicus
513 1816 608 1897 praef.
627 1839 658 1899 p.
674 1816 762 1901 ar.]⁸¹

165 1900 236 1962 352.
254 1901 337 1962 A.8.
357 1895 507 1984 [609‚3.]
537 1907 718 1962 συναπτεῖν.
770 1898 816 1961 lta
833 1898 1026 1962 membranae
1035 1919 1094 1982 pro
1107 1917 1183 1959 συν-

95 1978 214 2063 απτὴν.
235 1983 282 2042 De
303 1983 427 2044 collecta
448 1985 506 2042 iam
525 1981 564 2041 ad
580 1993 671 2065 caput
688 1983 821 2064 primum
840 1985 915 2045 dixi.

185 2065 224 2126 A.
243 2086 289 2126 ra.
312 2065 396 2149 [609‚
410 2063 456 2149 6.]
479 2062 516 2148 τῇ
541 2059 716 2148 όπερμάχιρ
738 2068 909 2150 στρατηγῷ.
951 2061 1086 2125 Dent-um
1109 2083 1183 2145 gen-

92 2147 200 2210 tilium
220 2169 315 2230 paeue
337 2151 488 2220 omnium,
517 2160 547 2210 et
568 2149 598 2208 in
619 2148 667 2208 his
686 2169 807 2230 quoque
826 2147 960 2210 Palladis
979 2151 1105 2208 virtutes
1125 2169 1184 2208 no·

93 2231 148 2292 vis
169 2233 292 2292 Graecis
311 2251 372 2292 una
392 2233 489 2292 Maria
509 2231 612 2292 habet.
651 2231 817 2292 Victoriam
839 2233 870 2292 io
894 2229 980 2292 bellis
1000 2230 1102 2313 largiri
1115 2227 1183 2290 Pal·

92 2311 145 2374 las
165 2317 290 2374 vetustis
323 2315 444 2376 Graecia
473 2314 675 2392 credebatur,
702 2315 790 2376 novis
809 2315 945 2376 creditur
963 2315 1072 2376 Maria.
1115 2313 1182 2374 lion

95 2398 182 2469 Deo,
203 2396 255 2457 sed
268 2397 391 2458 'Martae
410 2399 551 2459 victorias
572 2397 733 2478 imputant.
776 2397 942 2480 Propterea
961 2397 995 2456 in
1014 2397 1101 2458 bellis
1122 2397 1185 2457 lm-

94 2491 224 2562 perator
245 2480 519 2564 isaacius.Angelua
542 2479 635 2562 (apud
647 2479 785 2540 Nicetam
804 2482 842 2541 L.
851 2483 884 2542 .l.
906 2501 934 2540 c.
950 2500 978 2563 φ.
1002 2501 1031 2561 ρ.
1051 2499 1117 2560 ¹99·
1132 2480 1184 2556 D.)

94 2583 158 2646 pro
182 2573 266 2623 scuto
298 2573 327 2621 et
356 2563 447 2624 hasta,
473 2565 509 2624 B.
527 2563 660 2644 Virginis
691 2563 851 2644 imaginem
871 2564 995 2643 corripit
1014 2573 1045 2622 et
1064 2581 1081 2620 e
1102 2581 1186 2622 mos-

94 2645 193 2706 nibus
214 2645 352 2706 hostibus
371 2647 493 2708 obiicit:
523 2637 588 2706 άνω
610 2643 672 2706 τοῖν
691 2645 807 2722 τειχῶν
826 2637 951 2724 άγαγών
972 2635 1079 2706 οἷοίτε
1100 2634 1187 2720 ἄμα-

92 2746 162 2809 χον
185 2721 341 2808 όχόρωμοι
374 2727 429 2789 καί
446 2723 605 2790 ἀνάλωτον
631 2721 809 2806 χαράκωμα
829 2721 885 2806 τήν
903 2721 1008 2787 εἰκόνα
1028 2726 1085 2804 τῆς
1105 2723 1185 2787 Θεο-

95 2807 247 2891 μὴτορος.
289 2809 330 2870 Et
350 2831 440 2893 supra
461 2834 492 2894 p.
509 2811 560 2874 53.
575 2811 617 2870 D.
631 2809 772 2870 Graeculi
781 2810 938 2894 Virginem
958 2811 1001 2869 sic
1023 2808 1186 2891 alloquun-

94 2903 172 2953 tur:
194 2889 449 2972 συστρατὴγησον
475 2898 538 2964 τοῖς
572 2889 739 2964 δεσπόταις
760 2899 825 2965 τοῖς
844 2890 996 2971 λαβοῦσιν
1015 2892 1050 2954 ἐκ
1070 2894 1130 2952 σοῦ
1150 2889 1186 2954 τό

94 2971 239 3056 στέφος,
269 2973 318 3046 ότι
339 2965 433 3036 οὗτοί
454 2995 491 3037 σε
524 2973 685 3054 κέκτηνται
706 2970 786 3036 κατὰ
805 2970 908 3036 πάντα
927 2969 1044 3052 θυρεόν
1066 2970 1186 3075 rinpor-

93 3051 259 3136 μάχιμον,
291 3069 321 3120 et
343 3059 437 3141 pat.
462 3059 521 3120 Aa
559 3052 640 3138 αότῆ
674 3057 848 3133 ἐπισκιάζει
868 3057 903 3118 όν
923 3055 1025 3142 ἡμέρᾳ
1045 3058 1185 3133 πολεμου

93 3145 169 3209 ταῖς
190 3147 343 3223 κορυφαῖς
363 3136 452 3217 ὑμῶν
471 3139 608 3210 καὶτοῖς
627 3140 727 3211 νίκαις
748 3137 833 3219 όμοῖς
842 3135 978 3200 δεικνύει
996 3140 1186 3220 στεφανίτας

97 3232 162 3282 eto.
205 3223 331 3285 loannes
359 3225 532 3284 Comnenua
557 3222 748 3305 triumphum
786 3244 877 3306 agens
909 3243 972 3283 non
993 3223 1186 3286 incendebat

96 3308 133 3364 in
159 3325 281 3366 currum
302 3307 539 3388 triumphalem,
561 3303 613 3366 sed
634 3305 751 3367 sinebat
769 3325 806 3367 eo
827 3307 987 3388 imaginem
1009 3305 1123 3365 Mariae
1137 3325 1186 3366 ve·

97 3387 156 3464 hi,
178 3391 242 3470 ipse
262 3391 352 3471 pedes
373 3389 458 3468 ibat,
480 3411 599 3452 crucem
621 3400 760 3470 gestans,
781 3409 863 3450 novo
889 3403 974 3449 more
1003 3397 1033 3446 et
1061 3390 1186 3450 vetustis

98 3471 337 3550 imperatoribus
359 3476 471 3553 ignoto.
511 3471 641 3533 Fallitur
659 3482 762 3532 tamen
771 3471 948 3548 Cinnamus,
969 3469 1092 3551 wando
1104 3491 1135 3549 p.
1151 3491 1184 3552 ρ.

99 3555 163 3625 ait,
200 3545 288 3615 οὔπω
328 3556 425 3633 μέχρι
454 3553 513 3614 rori
539 3548 606 3615 τότε
634 3563 827 3659 conspectum
863 3553 895 3614 id
919 3555 1032 3628 titisse,
1054 3547 1184 3625 εἶλάτου

93 3628 280 3714 Ἡράκλειοι
301 3636 356 3696 καί
388 3637 604 3700 Ἰουστινιαιυί
636 3631 694 3718 τὴν
723 3635 900 3714 Ρωμαίων·
918 3636 1037 3696 διεῖπον
1070 3631 1186 3715 άρχίη.

97 3718 277 3779 Praeiverat
308 3721 387 3780 enim
415 3719 585 3801 exemplum
612 3719 777 3781 modestiae
806 3719 897 3783 huius
926 3720 1048 3779 Graecis
1075 3719 1186 3800 dignae

97 3801 230 3861 loannes
251 3802 435 3877 Tzimisces‚
470 3813 506 3862 ut
528 3804 577 3864 Du
600 3804 701 3884 Gange
722 3805 754 3863 iu
776 3805 857 3862 uotis
876 3801 915 3862 ad
935 3801 1021 3867 illum
1045 3796 1186 3862 Cinnaml

94 3884 200 3945 locum
222 3883 449 3946 demonstravit.
493 3885 569 3946 Rem
590 3885 715 3946 eaodem
736 3903 864 3945 narrans
884 3885 1005 3981 Ilicem?
1025 3903 1056 3966 p.
1079 3880 1124 3945 it.
1142 3888 1187 3945 sio

95 3970 159 4027 ait:
184 3961 202 4062 ό
222 3961 371 4044 βασιλεός
391 3963 447 4048 τὴν
468 3969 525 4028 τοῦ
539 3961 679 4048 ἅρματος
700 3961 848 4044 ἐπίβασιν
860 3987 1016 4046 παρεικως
1024 4014 1033 4043 ,
1045 3963 1111 4070 φῆν
1130 3963 1186 4045 τῆς
1250 4026 1257 4041 ,
1320 4027 1323 4035 ,

95 4051 291 4128 θεομφτορος
314 4046 419 4111 εἰκόνα
442 4044 540 4133 τοότφ
573 4048 821 4128 όπανεβιλίασεν,
850 4049 900 4132 ἐφ’
920 4039 942 4133 ᾗ
963 4051 1018 4111 καί
1038 4070 1077 4126 ην
1094 4069 1187 4128 yryq·

95 4125 187 4208 θοός,
208 4131 265 4190 καί
287 4127 343 4212 τήν
371 4125 482 4211 Ψυχὴν
502 4126 651 4192 ἐκλείπων
686 4123 788 4210 αὐτόν
807 4132 863 4193 καί
881 4124 938 4203 τός
959 4130 1052 4202 νίκας
1065 4128 1187 4202 rico·-

95 4213 315 4296 στρατηγένιδι
343 4209 457 4299 α’μάχιρ
486 4208 758 4321 όπιγραφόμιρος,
786 4213 841 4277 καί
861 4209 937 4288 dude
957 4205 1046 4294 οἴγειν
1065 4208 1106 4281 ια’
1122 4212 1186 4292 χα-
