2975 4892
295 254 354 367 ld
499 290 554 357 ιο.
584 278 662 356 ilc.
697 276 844 354 ausui
872 282 1153 353 cosmmrmu

295 434 389 506 additi
404 452 519 525 essent3
540 455 576 507 et
593 442 715 589 ‹pqquo
729 441 947 521 adolevissent,
968 462 985 503 e
1006 440 1116 523 palatio
1133 438 1376 519 amovebantur,

295 539 325 589 et
345 527 449 591 officiis
464 528 603 611 praeficie
662 538 726 587 tur.
769 526 820 585 Du
842 526 943 607 Cange
962 521 1061 585 Gloss.
1081 524 1148 583 Lat.
1166 542 1199 583 v.
1221 523 1378 585 Decrius

294 622 417 691 monet,
438 613 480 671 ita
497 612 593 673 dictos
612 610 722 687 fuisse,
742 609 841 691 quiin
861 606 961 668 diaeta
979 628 1031 667 seu
1050 603 1379 673 coenaculomiaistra-

293 705 381 774 rent,
411 714 529 755 mensas
548 696 751 769 instruerent,
780 690 894 751 diaetas
918 690 1046 751 mundas
1068 700 1232 749 servarent.
1274 689 1378 774 *[Ηο-

292 798 364 839 rum
385 776 516 838 officium
534 787 621 855 erat,
643 774 783 836 excubias
800 771 980 855 palatiorum
1000 784 1092 833 noctu
1109 782 1140 832 et
1162 772 1323 833 interdius

292 848 350 939 de,
378 870 414 920 ut
431 881 466 921 ex
487 861 643 920 Constant.
671 856 861 939 Porphymg.
885 856 1100 917 continuatore
1121 856 1159 915 L.
1187 855 1244 917 lv.
1264 876 1298 915 n.
1322 794 1378 917 ἐξ

292 962 326 1025 p.
354 944 423 1003 123.
442 953 588 1043 apparet,
609 941 662 1002 ubi
683 936 716 1002 ci
728 941 763 1001 έν
779 938 822 1024 τῷ
839 932 963 1023 μεγάλῳ
981 938 1121 1023 παλατίῳ
1139 932 1219 997 κατὰ
1236 930 1272 997 τὸ
1288 934 1378 1019 ἡλια-

293 1018 347 1085 κὸν
360 1023 417 1086 τοῦ
441 1044 548 1107 pecco
564 1018 737 1105 διαιτάριοι
756 1032 973 1082 memorantur.
997 1019 1150 1103 Menclcg.
1165 1021 1204 1081 30
1221 1018 1303 1082 lulii.
1328 1022 1379 1081 In·

292 1105 341 1167 fra
362 1107 443 1190 apud
461 1108 601 1169 Nostrum
613 1130 645 1191 p.
671 1104 739 1167 135.
765 1105 801 1167 C.
815 1102 846 1165 8.
873 1098 903 1165 ci
927 1098 1099 1185 διαιτάριοι
1118 1104 1183 1165 τῶν
1201 1094 1281 1165 ὅλων
1297 1102 1378 1164 διαι-

292 1189 357 1250 cciv
377 1189 587 1275 cocuriunt.]*

376 1272 418 1332 D.
430 1273 463 1335 6.
491 1274 540 1358 [7,
562 1271 612 1356 5.]
648 1266 685 1333 τὸ
716 1262 853 1349 rediebat.
894 1270 930 1331 ln
952 1268 1134 1330 membranis
1162 1281 1207 1331 est
1232 1263 1374 1351 ταβλὴν,

293 1354 377 1437 quod
393 1356 499 1419 ecdem
517 1356 607 1418 redit.
648 1354 726 1415 Nam
736 1354 902 1436 saepissime
918 1354 1025 1415 Graeci
1044 1362 1176 1413 recentes
1195 1373 1233 1433 ης
1251 1374 1307 1435 pro
1319 1372 1378 1429 ιος,

293 1448 325 1497 et
341 1457 380 1519 ην
392 1437 441 1500 vel
461 1460 491 1501 ιν
509 1460 567 1521 pro
585 1458 635 1500 tor
647 1436 795 1499 scribunt.
839 1436 886 1496 lta
902 1430 1023 1517 στομὴν
1041 1447 1086 1497 est
1102 1435 1181 1518 apud
1193 1434 1373 1517 Theophan.

292 1538 326 1603 p.
349 1521 421 1581 312.
438 1522 475 1582 B.
504 1543 532 1582 1.
553 1532 585 1583 et
608 1519 748 1582 librarius
765 1538 862 1580 novae
882 1520 1025 1581 Graeciae
1050 1517 1161 1595 homo,
1182 1540 1200 1579 e
1220 1519 1306 1579 cuius
1323 1540 1375 1579 co-

293 1602 361 1663 dice
387 1601 544 1665 Plutarchi
568 1605 708 1665 Eroticus
730 1601 770 1662 ad
789 1622 844 1663 nos
860 1603 1016 1686 pervenit,
1036 1602 1203 1685 saepissime
1224 1595 1378 1677 ’Πεμπτί-

293 1684 366 1765 δης,
387 1681 494 1768 π’δην,
513 1684 586 1765 τίδη
604 1708 661 1769 pro
685 1684 899 1764 Πεμπτίδιος,
924 1684 1043 1761 ridica,
1063 1683 1145 1746 rides
1166 1684 1294 1765 scripsit.
1315 1683 1378 1743 Sed

292 1767 327 1828 in
343 1779 495 1848 posterum
513 1767 588 1829 baec
605 1768 678 1831 talia
693 1768 813 1829 minuta
830 1789 893 1829 non
908 1766 1093 1829 memorabo.
1135 1766 1202 1827 Non
1213 1764 1378 1828 malefecit

292 1862 461 1913 antecessor
481 1872 567 1913 meus
590 1850 719 1930 ταβλίον
737 1872 794 1933 pro
810 1844 929 1931 ταβλὴν
949 1850 1132 1933 reponendo.
1174 1848 1275 1932 Neque
1296 1848 1376 1911 mule

171 1928 175 1939 '
293 1954 350 2015 ego
378 1934 435 1995 feci
465 1935 497 1995 in
524 1945 694 2031 eanparte,
725 1953 823 2015 quam
846 1935 971 2013 curavi,
1005 1934 1106 1994 stricte
1131 1932 1376 1994 membranarum

291 2011 1376 2161 ffipiqgnqqcccakaquqoqqfflrpfflnqqnffi

292 2120 467 2264 appellalit,
488 2120 674 2243 Frdadluwoe
694 2182 818 2261 tayette,
847 2202 888 2243 un
910 2184 1008 2245 tiroir.

361 2265 418 2324 n.
436 2286 469 2348 9.
492 2263 541 2347 [7,
555 2262 604 2348 5.]
628 2264 797 2345 nomisma.
837 2264 917 2325 Sunt
943 2286 979 2326 ca
1013 2285 1047 2327 ae
1071 2262 1239 2344 rotundae,
1269 2262 1374 2349 quales

294 2340 365 2407 illae
373 2346 585 2429 eunt,quibus
594 2346 730 2429 pelliceas
740 2346 806 2409 illas
817 2348 944 2430 grandes
995 2348 1160 2429 irctbecas,
1182 2347 1269 2411 nobis
1278 2348 1376 2432 Mdffe

292 2426 388 2491 dictas
412 2430 528 2510 (v.Du
541 2430 642 2513 Gange
653 2430 705 2491 Gl.
717 2432 787 2492 Lat.
798 2453 831 2491 v.
853 2430 1019 2513 Miffdm)
1044 2432 1228 2493 conduntur.
1259 2432 1371 2493 Nomen

291 2508 409 2573 babent
424 2534 443 2574 a
459 2534 563 2590 cornu,
588 2534 650 2596 quo
671 2514 793 2575 nomine
815 2514 914 2575 Latini
940 2516 1090 2597 aequiores
1113 2536 1233 2576 omnem
1255 2536 1373 2596 capsam

293 2593 490 2677 cylindricam
513 2597 681 2678 cuicunque
709 2598 753 2657 rei
776 2596 962 2679 recipiendae
981 2608 1082 2680 aptam
1109 2608 1140 2659 et
1167 2599 1374 2681 cuiuscunque

291 2681 435 2741 materiae
464 2677 666 2762 appellabant.
708 2679 759 2741 Sic
788 2690 853 2741 erat
881 2681 950 2763 ipsis
980 2700 1072 2742 cornu
1107 2682 1371 2759 ammonianum,

291 2760 355 2821 sive
383 2782 545 2839 comeum,
578 2764 648 2823 aive'
661 2762 849 2839 ebmneum,
877 2766 940 2825 sive
964 2762 1077 2843 fictile,
1107 2764 1170 2825 sive
1189 2762 1372 2825 metallicum

292 2853 380 2903 esset.
399 2864 433 2904 v.
450 2846 503 2903 Du
529 2844 630 2927 Gange
657 2843 755 2907 Gloss.
786 2847 854 2906 Lat.
877 2865 910 2906 v.
936 2846 1053 2925 Contu,
1090 2846 1144 2907 ubi
1167 2868 1202 2907 ex
1235 2844 1373 2929 Hugonis

290 2922 528 2987 Flaviniaoensis
550 2927 700 2987 Chronico
727 2928 799 2987 citat
818 2949 938 3012 capsam
963 2950 1085 2990 auream
1102 2930 1272 3011 irur'qrnt'tam
1300 2930 1373 2991 reli·

339 3009 357 3023 ''
385 3009 468 3069 XII.
493 3008 721 3094 Apostolorum,
754 3024 783 3071 et
801 3032 913 3071 cornua
929 3013 988 3073 duc
1006 3013 1134 3074 ebrurtea
1152 3012 1311 3073 identidem
1324 3034 1373 3072 re-

311 3092 318 3105 '
362 3094 392 3151 'ir
408 3093 552 3171 ccrtl'erta.
595 3092 714 3153 Corma
731 3094 977 3156 candelabrorum
999 3096 1080 3178 apud
1101 3094 1242 3156 Acastus.
1263 3096 1294 3155 in
1315 3095 1372 3156 Be·

291 3172 404 3235 ncdict.
427 3174 487 3236 111.
511 3174 664 3235 fuerintne
681 3176 861 3256 manubria,
884 3199 924 3238 an
947 3177 1020 3238 disci
1038 3175 1104 3255 illi,
1127 3178 1179 3259 qui
1198 3188 1298 3259 guttas
1317 3177 1372 3237 de-

291 3254 437 3318 stillantes
455 3254 588 3340 aliasque
604 3258 706 3319 sordes
725 3260 893 3342 excipiunt,
915 3260 947 3321 in
966 3260 1060 3321 dubio
1077 3258 1257 3343 relinquam.
1298 3260 1372 3321 Pari

291 3338 383 3401 modo
403 3341 503 3402 Latini
520 3342 671 3423 aequiores
687 3341 742 3403 bas
760 3364 861 3424 capsas
880 3344 1055 3423 vestiariae,
1087 3342 1189 3405 infulis
1207 3342 1373 3405 condendis

290 3420 481 3504 peculiariter
497 3423 659 3487 destinatas
681 3426 849 3486 calamarda
877 3424 1085 3509 appellabant,
1109 3426 1192 3509 quod
1213 3436 1310 3487 essent
1330 3426 1372 3487 si-

289 3503 377 3565 miles
396 3504 455 3566 illis
472 3504 584 3569 tabulis
610 3510 710 3570 aeneis
733 3508 949 3590 bracteatisve,
982 3508 1091 3591 quibus
1111 3530 1167 3571 nos
1190 3510 1374 3571 condeceat

290 3597 406 3669 gestare
437 3586 566 3649 calamos
596 3592 653 3651 scri
673 3592 766 3653 torics
797 3591 937 3655 solemus.
979 3592 1117 3654 Fortasse
1144 3603 1235 3654 erunt
1256 3590 1375 3674 'quibus

290 3668 476 3753 probabilior
494 3671 633 3733 videatur
645 3614 792 3736 derivatio
814 3697 831 3735 a
855 3676 995 3739 cornubus
1014 3694 1067 3737 seu
1089 3674 1202 3737 infulis.
1245 3672 1374 3736 Saeculo

292 3764 372 3814 certo
388 3753 479 3814 XIII.
503 3752 614 3816 infulas
636 3778 689 3817 seu
709 3768 881 3839 tegumenta
902 3760 1119 3842 rapinamve,
1141 3756 1282 3836 meuses,
1315 3760 1373 3837 (eo

291 3837 372 3896 uim
390 3855 478 3919 sensu
499 3857 604 3897 vocem
626 3840 723 3921 infula
742 3841 795 3901 ubi
838 3863 854 3901 c
878 3844 979 3924 ponc)
995 3864 1113 3903 ¹carrum
1131 3850 1162 3901 et
1178 3855 1296 3901 correcta
1318 3860 1374 3923 ap-

290 3918 455 4001 pellabant.
482 3919 547 3980 vid.
569 3921 620 3981 Du
651 3924 750 4005 Gange
777 3926 874 3985 Goss.
905 3927 974 3986 Lat.
995 3924 1029 3986 h.
1052 3947 1085 3986 v.
1127 3924 1186 3985 Sed
1211 3924 1310 3985 nescio
1329 3926 1374 3983 ci-

292 4002 391 4063 tiusne
416 4002 495 4065 idem
517 4003 650 4083 factum,
683 4018 714 4066 et
742 4028 815 4067 num
840 4009 946 4068 Graeci
974 4030 1014 4090 qu
1077 4030 1094 4068 e
1124 4006 1232 4067 insulas
1254 4006 1373 4084 κέρατα

291 4085 529 4167 appellaverint,
553 4087 602 4148 rel
621 4088 739 4168 scoriis.
762 4090 793 4150 Si
806 4090 931 4151 fecerint
944 4136 953 4168 ,
975 4030 1102 4174 qudd'ln
1114 4090 1207 4149 dubio
1220 4088 1372 4169 relinquo,

290 4170 433 4256 rmaiclia
443 4169 556 4233 fuerint
566 4192 680 4256 capsae,
702 4176 733 4236 ic
744 4173 854 4257 quibus
865 4195 975 4236 cornua
985 4196 1037 4235 seu
1048 4172 1160 4237 insulae
1172 4181 1373 4239 servarentur.
