2975 4892
190 320 247 388 ro
278 316 669 390 nonsummum
696 325 752 388 nn
785 325 922 392 cerm.
951 325 1026 391 un.
1055 331 1082 392 r.
1118 273 1207 415 439

131 475 201 555 suli,
215 473 280 538 ent
295 479 352 560 τῆς
365 477 425 542 ruri
435 479 711 564 miserereris,
726 480 779 544 sed
797 485 940 566 asynnri,
962 488 1205 567 magregadoue,

130 563 274 639 coitione,
289 561 510 642 convivatione,
524 563 621 648 epuiis
635 563 855 642 commrmibus,
869 567 907 628 ad
920 589 994 666 qnps
1005 570 1207 632 ooiarnteius-

20 653 22 724 ξ
131 643 199 704 dem
210 647 433 706 communionis
441 645 578 708 homines
594 669 604 726 ;
626 647 690 708 vid.
705 647 758 708 Du
766 647 867 731 Gange
883 669 917 710 v.
930 649 1057 722 συναξις
1065 645 1206 792 μεὲάλη,

130 727 182 788 ubi
202 727 350 790 interali'a
367 728 441 790 haec
462 731 534 792 citat
545 751 569 820 e·
581 731 694 792 loanne
708 731 879 814 Carpatho:
902 729 946 804 ὦς
966 727 1096 812 ὀψάιὲγ
1112 751 1205 811 aero,

129 821 256 906 ἐποίησε
264 821 402 907 μεγάλην
413 821 554 904 σύναξιν,
574 819 728 891 καὶεῖπεν·
749 821 943 906 καταλῦομεν
955 815 1066 913 (μ’,
1096 830 1209 893 dekin-

129 911 244 986 πωπω)
268 908 307 968 δι’
328 906 431 986 ὑμᾶς,
453 902 502 971 ’ότι
522 905 584 972 a’nd
604 907 703 972 κόπου
724 910 806 974 ἐστὲ.
848 911 919 978 Vid.
942 913 1122 996 interpretes
1130 913 1208 974 Dio-

129 992 215 1134 gnis
236 992 349 1052 Lai-rui
370 994 425 1057 rit.
439 993 644 1077 Pythagorae,
677 993 731 1055 ubi
752 993 904 1077 Gyraidus
923 1015 1029 1058 vocem
1047 990 1208 1078 βάρβαροι

185 1073 364 1138 Christiams
381 1087 412 1136 et
442 1097 547 1138 eorum
567 1077 728 1162 synaxibus
754 1079 980 1160 interpretatur,
1042 1101 1072 1162 g.
1088 1077 1159 1140 518.
1175 1079 1206 1142 ὅ.

132 1155 209 1218 Utar
228 1157 481 1258 bac‘oceasione,
496 1171 547 1256 ¹ut
567 1181 725 1243 exponam,
748 1161 822 1242 quid
846 1164 885 1222 sit
904 1101 1049 1241 ichardi,
1069 1159 1208 1246 quando·

132 1239 251 1319 quidem
288 1261 305 1299 o
340 1261 524 1316 συνακτικος
542 1237 671 1321 tartareis
692 1243 723 1304 in
744 1255 876 1305 mentem
895 1248 990 1306 venit.
1032 1245 1084 1306 Sic
1102 1255 1206 1306 autem

134 1322 322 1404 appellabant
340 1317 517 1404 τριβώνιον,
539 1327 730 1407 pannuciam,
752 1347 845 1410 quam
861 1338 1019 1410 propterea
1037 1338 1111 1389 tunc
1130 1337 1206 1390 tem·

133 1406 210 1486 poris
221 1417 360 1484 motum,
378 1427 474 1488 qrum
496 1399 611 1468 aabmm
628 1409 753 1490 synaxin
770 1407 966 1486 celebrarem,
989 1432 1043 1472 reo
1062 1411 1102 1472 ad
1120 1431 1206 1472 eom-

131 1490 306 1552 munionem
326 1491 426 1562 irent,
449 1489 618 1565 ipduebant
632 1491 787 1570 monachi,
813 1496 957 1574 quoniam
975 1494 1006 1554 in
1031 1514 1069 1554 eo
1086 1514 1207 1554 morum

20 1645 21 1652 ἵ
130 1571 265 1632 ordinern
289 1566 496 1655 suscepissent.
538 1571 595 1637 Est
615 1593 723 1657 nempe
743 1567 876 1654 narrar
891 1595 950 1637 vox
972 1575 1124 1656 Arabica,
1142 1577 1208 1660 Ν·

130 1681 227 1744 urim,
242 1663 382 1744 artorio
396 1681 514 1734 notans.
557 1655 638 1750 tagi,
659 1672 760 1734 Lebed
779 1671 829 1734 vel
847 1670 965 1748 teau,
992 1673 1121 1734 mua:

211 1755 247 1816 B.
276 1752 306 1814 5.
335 1745 429 1838 Μή,
455 1752 518 1838 rr.]
544 1751 740 1828 ἐπιτιθέντος
771 1752 859 1838 αὐτῷ
890 1751 946 1816 τὸν
971 1751 1129 1836 στέφανον
1147 1755 1207 1816 soii

20 1813 22 1844 Ι
130 1832 313 1897 ἐπισκόπου.
355 1837 448 1897 Cous.
463 1838 599 1920 quaead
622 1859 655 1920 p.
671 1838 743 1922 239.
758 1838 879 1916 A-rn,
898 1837 952 1898 ubi
974 1848 1080 1897 eontra
1100 1836 1204 1898 Seids-

20 2163 21 2178 ¹
129 2167 183 2228 iam
200 2170 300 2228 Leonr

129 1937 201 1980 num
224 1919 442 1998 demonstravi,
466 1931 535 1981 ante
562 1921 713 1982 lustinum
729 1921 880 1981 Minorem
902 1924 962 1982 iam
983 1921 1088 1980 datum
1113 1920 1207 1982 fuisse

128 2000 329 2082 patriarchis,
345 2013 380 2061 ut
399 2002 595 2086 Imperatores
619 2024 713 2065 novos
739 2014 928 2066 coronarent.
957 2001 1089 2064 Multum
1104 2012 1207 2064 tarnen

128 2085 301 2182 falleretur,
310 2085 456 2228 ,ppihoo
479 2107 513 2148 ex
543 2086 611 2148 locu
629 2105 756 2168 arguere
783 2086 900 2162 vellet,
921 2086 1003 2146 idern
1023 2085 1208 2166 patriarchas

362 2189 422 2251 gno
435 2173 594 2253 peregisse.
638 2169 786 2248 Quamvis
808 2173 891 2230 enim
913 2169 1045 2252 coeperit
1067 2167 1130 2228 -hoc
1153 2189 1205 2228 ea-

20 2263 21 2266 ’
128 2263 180 2331 put
198 2252 427 2312 coronationem
445 2253 554 2314 Leonis
572 2271 742 2334 exponere,
766 2263 945 2314 nontamen
968 2254 1070 2313 omnia
1082 2251 1122 2312 ad
1135 2271 1207 2312 eum

128 2338 291 2414 puduerit.
331 2334 546 2398 Constantinus
556 2333 864 2418 Porphyrogennetus
878 2346 931 2396 aut
950 2335 1106 2414 homines,
1136 2336 1207 2418 qui·

127 2417 182 2478 bus
216 2414 402 2500 compilaudi
430 2419 584 2501 negotium
610 2419 823 2494 commiserat,
845 2417 1062 2493 tumultuarie,
1090 2417 1205 2498 absque

127 2501 235 2562 ordine
259 2503 384 2562 miscere
407 2511 542 2583 tempora
568 2511 598 2562 et
622 2521 670 2562 rea
693 2498 801 2561 solent.
841 2501 1006 2584 Propterea
1030 2499 1150 2560 distinxi
1170 2519 1205 2580 p.

129 2584 198 2666 259.
213 2585 256 2643 D.
278 2605 308 2664 7.
321 2595 387 2664 post
407 2605 513 2646 vocem
534 2579 647 2662 τάξιν,
668 2594 698 2644 et
718 2603 834 2644 uorum
855 2582 1078 2666 paragraphum
1107 2584 1207 2664 incepi

126 2685 144 2724 a
166 2667 269 2727 verbis
287 2659 369 2742 μετὰ
393 2657 451 2728 odr
475 2701 492 2714 -
511 2700 527 2714 -
548 2667 694 2750 qnoniam
719 2687 797 2748 quae
818 2666 959 2748 deinceps
977 2674 1144 2747 sequuntur
1165 2664 1206 2726 ad

126 2748 236 2810 Leonis
260 2751 486 2810 coronationem
510 2769 574 2810 non
603 2760 756 2832 spectant,
782 2749 835 2810 sed
864 2751 896 2810 in
928 2750 1102 2810 universnm
1131 2746 1208 2808 rittu

126 2843 365 2916 persequuntur,
391 2831 570 2915 quibuscum
604 2833 803 2916 Imperatores
828 2853 933 2894 eorum
960 2841 1130 2912 temporum
1157 2829 1206 2889 in-

125 2917 269 2997 augurari
300 2914 456 2993 solebant,
488 2917 588 2976 Leone
613 2914 732 2977 saeculo
763 2936 858 2997 paene
882 2916 1074 2976 recentiores.
1114 2912 1207 2990 Quod

126 3017 160 3056 ex
191 2999 478 3060 commemoratione
515 2998 656 3060 ecclesiae
680 3019 729 3058 rna
770 3019 806 3060 ae
841 3019 895 3060 seu
923 2998 1050 3058 Sanctae
1075 2993 1207 3076 Sophiae

124 3092 261 3155 constat,
282 3101 362 3162 quae
385 3082 586 3142 alustiniano
606 3083 650 3144 M.
675 3093 806 3164 peraeta
833 3080 890 3141 suit
912 3080 955 3142 A.
967 3080 1001 3140 C.
1021 3077 1107 3163 537,
1120 3099 1206 3138 sera-

123 3167 238 3244 gesimo
251 3175 361 3246 quarto
397 3176 443 3226 ost
468 3185 618 3226 excessum
637 3163 749 3226 Leonis
767 3165 835 3238 Μ.,
855 3167 909 3248 qui
926 3163 968 3225 A.
983 3164 1020 3225 C.
1034 3161 1107 3246 473.
1120 3161 1209 3222 obiit.

126 3245 195 3308 Non
213 3247 338 3332 quidem
363 3186 452 3310 cieris
471 3247 571 3310 verbis
591 3249 623 3308 S.
649 3245 780 3330 Sophiae
800 3248 836 3307 fit
857 3249 982 3308 mentio.
1021 3245 1119 3327 Atqui
1141 3243 1207 3304 cni-

123 3349 195 3390 nam
219 3329 271 3392 alii
298 3334 442 3412 competit
464 3329 516 3392 ille
535 3335 634 3408 situs,
659 3329 867 3413 Augustaeum
890 3341 922 3390 et
945 3326 1144 3409 Horologium
1174 3327 1207 3386 in

124 3415 257 3493 ricinia,
280 3424 311 3474 et
330 3411 549 3495 praetereunda
580 3412 726 3496 epaiatio
745 3414 777 3475 iu
802 3413 958 3475 eeclesiam
979 3414 1207 3470 commeatum?

123 3493 218 3558 Extra
227 3518 319 3558 omne
335 3496 462 3558 dubium
481 3508 536 3572 est,
558 3497 590 3557 S.
604 3497 760 3578 Sophiam,
780 3519 842 3558 non
856 3495 948 3555 aliam
963 3491 1129 3565 ecclesiam,
1149 3491 1207 3552 ista

124 3577 262 3640 iocorum
300 3579 555 3642 demonstratione
575 3579 737 3662 designari.
781 3579 937 3662 impositio
955 3585 1057 3636 autern
1077 3593 1207 3636 coronae

124 3663 154 3722 in
172 3674 265 3745 eaput
282 3663 474 3745 Imperatoris
491 3686 509 3724 a
525 3662 696 3746 patriarcha
718 3663 818 3742 facta,
841 3681 934 3744 quam
957 3679 1097 3742 praesens
1121 3657 1207 3721 locus

125 3748 263 3828 attingit,
277 3765 352 3806 onon
377 3756 423 3808 est
436 3745 489 3808 illa
507 3747 657 3825 solennis,
673 3765 752 3828 quae
774 3748 807 3805 in
838 3747 901 3827 ipso
918 3743 1155 3824 inaugurationis
1176 3751 1207 3801 et

124 3829 358 3912 nuncupationis
387 3840 456 3892 ectu
481 3829 539 3890 fite
571 3851 641 3890 nam
676 3831 708 3888 in
731 3825 979 3910 praecedentibus
1005 3826 1066 3885 iarn
1095 3825 1208 3886 dicitur

127 3908 168 3970 lm
209 3923 292 3973 rator·
312 3933 380 3973 eam
401 3923 532 3996 gestasse
558 3924 589 3973 et
616 3912 788 3994 deposuisse
809 3912 867 3972 sub
878 3911 1036 3971 introitum
1051 3907 1202 3969 ecclesiae.

127 3933 312 4058 Sedeneffio
338 3995 435 4077 qualis
457 3995 633 4056 secundaria
661 3995 810 4076 impositio
837 4015 967 4055 coronae
997 4011 1087 4073 super
1117 3987 1206 4051 altari

125 4075 264 4140 oeehsiae
284 4077 468 4151 cathedralis
491 4077 753 4140 benedictionibus
771 4088 981 4155 consecratae,
998 4095 1094 4158 quum
1118 4081 1206 4132 antea

127 4159 157 4218 in
178 4163 355 4222 autimensio
374 4173 493 4222 tuntum
512 4164 543 4222 in
564 4159 631 4222 ioco
647 4181 709 4222 non
730 4172 850 4238 sancto,
873 4158 1017 4222 tribunali
1054 4154 1205 4218 Hebdomi

126 4260 232 4326 nempe
244 4243 262 4324 ,'
273 4255 445 4307 consecrata
460 4245 563 4312 drissot
584 4267 602 4306 a
616 4244 799 4328 patriarcha.
