2975 4892
391 364 477 480 ,οφ
625 367 682 432 ro.
714 365 795 432 nc.
827 367 973 431 ausen
994 359 1270 430 communitur

473 520 515 580 Ι).
540 540 567 579 r.
587 517 672 602 [272
701 516 763 602 rm]
787 516 1029 598 παραδιδοῦσιν.
1051 520 1095 577 Μ.
1113 513 1346 598 reparativae,
1363 515 1438 574 etsie

393 623 516 686 aere
535 604 576 702 Ρ·
596 624 626 684 ⁷·
836 683 851 698 .
986 682 993 702 ,

477 689 518 746 D.
539 702 568 745 o.
586 683 674 768 [273,
700 681 762 766 15.]
793 703 848 746 rou
882 681 1109 764 ὃιατρεχοοτος.
1166 682 1293 758 Cursor,
1314 691 1441 740 transcur-

393 791 463 846 sor,
484 769 655 846 discursor,
677 769 879 828 internuntius
909 767 991 827 ultro
1013 769 1147 848 citroque
1159 785 1270 824 means.
1305 763 1388 822 Forte
1407 771 1442 820 est

393 853 582 921 verimodus,
606 871 697 930 quem
717 853 857 932 magister
877 851 1006 931 regionis
1019 849 1076 910 sub
1103 870 1135 909 se
1155 847 1282 906 habebat
1301 845 1375 906 velut
1393 863 1442 902 ser-

394 956 469 994 vum
486 939 518 994 in
538 935 679 993 omnibus
705 945 735 994 et
765 937 983 994 internuntium
1003 933 1143 1014 regionis.
1176 933 1216 990 V.
1240 931 1375 1010 Descript.
1392 927 1443 984 Ur-

392 1017 439 1077 bis
460 1015 542 1097 apud
565 1017 616 1074 Du
637 1017 739 1097 Gange
758 1017 788 1075 in
814 1015 888 1076 GPli
911 1015 1071 1076 Christian.
1092 1037 1125 1096 p.
1146 1012 1196 1091 64.
1218 1011 1269 1075 65.
1289 1012 1390 1071 Latinis
1408 1029 1444 1066 se·

392 1101 551 1180 quioribus
583 1099 744 1158 audiebant
770 1099 963 1173 diserusores,
987 1098 1070 1156 nansi
1086 1099 1278 1169 discursores,
1308 1096 1380 1152 missi
1394 1093 1444 1149 dis-

390 1198 553 1255 currentes5
575 1184 656 1258 (nam
682 1181 833 1242 interdum
854 1185 885 1241 in
919 1183 1091 1263 provincias
1120 1177 1336 1254 mittebantur3)
1358 1197 1386 1238 v.
1405 1173 1447 1232 Du

391 1265 494 1346 Gange
524 1263 623 1324 Gloss.
646 1265 713 1324 Lat.
742 1287 773 1324 v.
793 1266 954 1326 discrurera
972 1275 1001 1323 et
1021 1263 1112 1323 Missi
1131 1263 1330 1334 discurrentes,
1342 1280 1386 1318 seu
1403 1255 1445 1314 de·

390 1361 546 1408 cantemas.
586 1346 677 1406 Unde
697 1359 802 1429 patet,
825 1369 876 1408 eos
899 1347 1050 1408 interdum
1071 1345 1221 1406 iudicasse
1250 1355 1280 1403 et
1308 1342 1447 1402 exsecutio-

389 1451 444 1490 nes
464 1429 675 1494 mandatorum
695 1431 916 1490 dominicorum
950 1431 1136 1504 instituisse,
1159 1427 1213 1488 sed
1234 1437 1346 1486 tanturn
1366 1426 1391 1482 in
1408 1441 1446 1480 re·

388 1511 448 1572 bus
468 1514 594 1572 minoris
612 1516 768 1574 momenti.
811 1513 998 1574 Dicebantur
1007 1533 1131 1594 quoque
1143 1513 1300 1571 cormorii
1309 1520 1338 1568 et
1350 1525 1446 1566 corren-

389 1597 433 1654 rir'
450 1617 470 1654 a
489 1595 664 1673 currendo,
694 1597 732 1658 ad
765 1597 990 1672 G1·aeeum,ut
1017 1606 1120 1677 puto,
1143 1593 1334 1674 exemplum,
1364 1611 1391 1647 v.
1408 1587 1447 1644 Du

388 1677 489 1758 Gange
523 1676 619 1739 Gloss.
647 1680 715 1739 Lat.
735 1679 769 1740 h.
791 1701 824 1740 v.
867 1680 960 1740 Unde
991 1677 1091 1738 adhue
1114 1676 1209 1737 hodie
1231 1675 1309 1734 Galli
1334 1671 1448 1732 conada

387 1759 540 1842 appellant
559 1761 712 1823 ministros
731 1761 890 1844 publicos,
910 1783 1041 1844 quorum
1064 1769 1111 1820 cst
1132 1761 1292 1820 variarum
1312 1756 1450 1825 mercium,

387 1865 467 1924 quae
479 1843 684 1924 advehuntur,
706 1857 760 1906 aut
775 1867 905 1908 vaenum
921 1848 952 1905 in
974 1845 1039 1905 soro
1060 1853 1279 1924 exponuntur,
1302 1835 1450 1920 qualitatem

386 1927 546 2008 inspicere,
559 1929 725 2010 expendere
743 1940 774 1988 et
799 1928 966 1990 venditioni
987 1925 1161 2006 invigilare,
1185 1923 1292 2007 quales
1312 1942 1363 1982 nos
1379 1916 1453 1977 variis

386 2010 557 2070 omninibus
577 2009 776 2092 appellamus,
818 2013 1003 2091 Marlloogt,
1029 2009 1192 2082 Visitator,
1219 2004 1450 2068 Giierbescaner·

387 2090 550 2152 Habebant
573 2115 693 2174 quoque
725 2095 826 2154 Latini
844 2097 1005 2170 carrarias,
1035 2093 1250 2174 apparitores,
1272 2087 1455 2172 qarorumeral

385 2177 595 2234 communitati
626 2178 757 2236 ostiatim
787 2177 932 2253 indicare,
954 2179 978 2238 si
999 2177 1168 2234 convenire
1189 2178 1223 2234 in
1253 2175 1364 2233 curiam
1383 2165 1456 2225 debe

385 2267 468 2333 rent,
487 2269 541 2318 aut
558 2258 687 2318 indictos
706 2281 812 2320 census
832 2260 958 2336 solvere,
979 2257 1028 2318 vel
1048 2257 1184 2336 similia,
1209 2278 1242 2317 v.
1264 2257 1316 2314 Du
1335 2253 1423 2332 Gange
1431 2265 1457 2302 v·

386 2339 541 2400 amaa
560 2352 591 2400 et
611 2342 730 2401 Closer.
774 2343 863 2403 Certe
883 2341 983 2404 adhuc
1003 2339 1096 2400 hodie
1122 2341 1270 2402 &amores
1292 2339 1398 2398 Romae
1415 2350 1458 2388 au·

386 2419 475 2481 diunt
494 2423 672 2484 mandatarii
689 2425 800 2506 Papae,
821 2427 874 2508 qui
894 2421 1060 2486 cardinales
1080 2423 1123 2483 ad
1146 2422 1328 2484 consistoria
1347 2430 1374 2478 et
1399 2411 1456 2472 alios

385 2515 471 2564 aetus
491 2507 629 2590 sscitant.
669 2507 763 2568 Forte
784 2507 1002 2590 διατρέχοντες
1022 2505 1143 2568 CPtani
1175 2507 1209 2567 id
1232 2505 1316 2566 idern
1336 2502 1459 2562 secuunt-

385 2585 529 2650 Gursores
548 2611 669 2672 quoque
687 2591 760 2652 dicti
780 2613 943 2673 praecones
961 2601 1025 2649 tam
1045 2590 1214 2650 civitatum
1227 2587 1353 2672 publici,
1373 2578 1458 2658 utqui

383 2670 613 2752 proclamabant
633 2695 682 2734 res
701 2675 874 2735 vendendas
919 2694 1011 2757 quam
1025 2671 1234 2734 dominorum
1250 2683 1282 2734 et
1299 2669 1460 2754 principun,

384 2755 529 2832 quicum
561 2759 654 2818 armis
684 2778 739 2817 seu
775 2719 941 2840 insiguiins
967 2757 1103 2838 ipsorum
1127 2764 1340 2837 praecurrunt
1359 2751 1462 2832 ipsiset

384 2837 467 2894 viam
486 2848 614 2916 parant,
644 2851 698 2898 aut
725 2861 830 2900 eorum
852 2843 973 2900 nomine
1001 2840 1032 2898 in
1057 2839 1200 2900 Giustris
1224 2851 1257 2900 et
1271 2837 1344 2898 alibi
1363 2827 1462 2922 publice

383 2916 608 3015 ρξοοΙοιιιοιιῐ.Ι
644 2921 772 2982 Ioannes
793 2922 1001 3005 Chrysostom.
1032 2919 1130 2981 Hom.
1157 2923 1193 2983 5.
1218 2925 1252 2983 in
1276 2920 1398 2982 Iobum:
1419 2929 1462 2971 ουκ

383 2995 465 3068 ἕίδδς
484 3000 541 3059 καί
552 3018 628 3072 τους
638 3003 712 3084 παρ’
732 2995 808 3084 ἡμῖν
822 2993 989 3086 ἄρχοντας,
1004 2995 1084 3063 ὅταν
1103 2999 1197 3081 μετὰ
1220 3004 1320 3084 τιμῆς
1338 3021 1404 3061 τινα
1423 3015 1462 3052 tt·

381 3077 508 3152 λθῦσῑν,
532 3079 598 3154 ude
619 3082 848 3148 ἀποστέλλουσι
877 3083 952 3159 τούς
975 3083 1118 3166 δρομεῖς,
1158 3082 1355 3170 κούρσωρας
1372 3082 1462 3141 καλου·

381 3159 497 3305 mc
513 3159 704 3242 ‘Poeante
739 3167 813 3229 vid.
832 3191 910 3252 quae
936 3167 996 3230 alia
1026 3167 1078 3228 Du
1110 3169 1226 3254 Gange
1260 3192 1293 3233 v.
1327 3161 1462 3244 Κούροορ

463 3257 487 3306 t,
1089 3280 1094 3290 .

450 3327 518 3396 160.
539 3327 581 3389 A.
606 3351 633 3396 r.
656 3330 741 3415 Μή,
764 3329 812 3474 3,]
839 3331 896 3393 rori
926 3331 1144 3411 πραιτωρίου.
1203 3335 1317 3410 Narn,
1340 3341 1374 3391 ut
1403 3343 1462 3406 sym*

382 3432 482 3492 ponis
497 3423 562 3472 emt
579 3413 699 3474 adiutor
717 3437 789 3494 prae
801 3419 857 3475 eeti
878 3414 962 3475 urbis
989 3417 1021 3475 in
1054 3417 1188 3479 indiciis
1216 3429 1250 3480 et
1268 3411 1419 3479 sententiis
1434 3405 1462 3465 di

382 3495 509 3570 eeudis,
546 3496 587 3556 ita
616 3496 769 3578 logotheta
795 3519 915 3579 qnoque
934 3501 1077 3578 praetorii
1101 3513 1177 3560 erat
1201 3503 1265 3562 sub
1285 3502 1350 3560 eius
1365 3491 1461 3574 disposi

381 3578 485 3652 tione,
507 3579 581 3655 (vid.
608 3579 717 3662 Seript.
737 3593 805 3661 post
827 3579 1006 3660 Tlreophan.
1033 3603 1064 3660 p.
1088 3583 1169 3664 ²9i·
1208 3586 1269 3662 C.)
1294 3593 1326 3644 et
1361 3574 1462 3640 babela

380 3661 541 3753 praecipue
573 3683 677 3722 euram
722 3665 850 3724 carceris
887 3673 917 3722 et
955 3663 1216 3744 delinquentium
1250 3670 1284 3729 in
1328 3660 1462 3726 custodi-n

379 3759 552 3801 missorum.

401 3887 408 3899 ¹
464 3821 501 3881 B.
523 3846 551 3905 7.
577 3822 666 3907 [274
693 3824 758 3910 ro]
781 3821 825 3908 μὴ
848 3821 1020 3906 εὑρεθῆναι
1041 3825 1075 3888 ἐν
1097 3825 1210 3915 ταύτῃ
1235 3833 1278 3916 τῇ
1300 3819 1462 3908 repositius

382 3904 417 3964 Si
442 3908 617 3987 contingat,
645 3921 735 3968 uteo
762 3911 811 3969 die
844 3911 875 3969 in
901 3913 1018 3968 curiam
1045 3921 1144 3990 atque
1179 3917 1214 3974 in
1247 3911 1385 3975 tribunal
1402 3925 1462 3968 suut

381 4007 444 4047 non
460 3993 659 4066 processerit,
676 4003 710 4051 ut
727 3992 826 4052 faeere
846 3991 975 4052 debebat
989 4014 1023 4052 ex
1049 3993 1188 4054 officio.'·

464 4069 553 4148 Ι).4,
599 4075 672 4153 275,
704 4073 767 4156 11.]
797 4070 973 4150 μονιάοιιον.
1018 4077 1063 4134 Μ.
1093 4063 1280 4150 paz-edm.
1330 4081 1406 4140 Erat
1430 4085 1462 4130 td

380 4171 473 4231 ques.
487 4173 559 4246 ιμον
612 4178 667 4234 ης,
686 4149 877 4232 praetexto»,
910 4159 1025 4238 insigne
1044 4159 1214 4238 militum,
1239 4159 1419 4246 praesertim
1436 4155 1462 4214 lt<

380 4235 637 4318 nestissrmorum,
666 4241 719 4322 qni
744 4259 808 4300 uno
832 4239 934 4322 aliquo
963 4240 1110 4301 inferiore
1144 4249 1342 4327 magistratu
1375 4243 1459 4305 milita
