2975 4892
151 265 214 331 Au
244 266 480 339 constent.
508 268 655 337 Pontii.
686 271 741 337 DE
767 270 906 337 cunin.
937 275 1012 337 tm.
1042 277 1066 337 1.
1111 276 1191 359 ¹¹9

95 427 238 502 mes,
280 428 338 508 qul
367 446 489 509 semper
509 428 542 488 ln
568 447 604 489 eo
630 437 775 502 narrent,
798 438 829 487 et
851 448 957 490 curam
975 429 1039 491 elus
1068 441 1186 513 gerunt.

92 508 168 567 Sunt
190 509 308 589 quales
330 510 412 591 apud
436 512 558 572 Turcas
579 518 651 569 sunt
674 512 812 609 0733ss
836 510 992 589 Mudzcni,
1008 514 1105 594 quiin
1119 514 1190 595 pba-

92 608 133 666 rls
154 606 364 669 metesinum
384 608 546 688 habitant,
567 620 597 669 et
614 630 740 691 precum
757 606 1024 693 tempus'clamore
1043 612 1189 693 indicant,

92 700 144 749 eut
161 701 200 750 ut
224 695 391 752 sacristam
412 697 522 765 nostri,
546 694 599 773 qui
622 696 655 753 in
679 689 804 753 aedibus
820 690 962 753 ecclesiae
982 696 1090 754 vicinis
1108 696 1190 755 habi·

92 784 174 849 tare,
205 777 304 852 sire,
332 786 367 835 ut
393 774 527 836 dictione
559 774 652 835 medii
676 778 742 836 aevi
768 786 853 857 utar,
874 788 1022 858 manent3
1044 779 1108 839 vid.
1138 780 1191 840 Du

91 856 194 937 sange
215 856 328 919 Gloss.
353 861 410 918 Gr.
429 859 464 919 h.
490 880 523 918 v.
546 869 577 918 et
600 878 634 918 v.
652 858 815 942 Super-ista.

169 940 220 999 D.
238 940 274 1019 4.
292 940 364 1023 [r8,
380 940 450 1024 an]
491 938 600 1022 στέφει
622 932 773 1013 adscisci
787 934 992 1023 πατριάρχης.
1033 944 1189 1020 Moserat,
1230 979 1233 989 ·

90 1032 123 1080 ut
146 1022 335 1105 impu-ator
361 1023 403 1084 ad
434 1023 589 1085 ecclesiam
609 1024 733 1085 veniens
753 1036 822 1085 ante
846 1026 1014 1107 ingressum
1035 1028 1068 1086 in
1093 1027 1191 1087 Naum

6 1105 7 1114 ’
90 1103 268 1187 deponeret
285 1106 417 1167 insulam
435 1128 489 1167 sen
506 1128 662 1185 coronam,
684 1129 776 1190 qnam
798 1119 927 1169 autnon
943 1110 1108 1189 reponebat
1125 1122 1191 1171 toto

91 1208 178 1248 auu
199 1190 343 1251 durante
364 1189 482 1267 officio,
510 1202 562 1250 aut
578 1190 697 1267 saltim,
719 1192 743 1251 si
762 1192 896 1273 reposuit
922 1193 1034 1274 capiti,
1069 1193 1191 1254 demere

90 1269 212 1333 solebat
236 1273 281 1333 ad
304 1272 468 1334 lectionem
484 1273 632 1355 evangelii
653 1274 692 1333 ad
711 1276 930 1355 processionem
950 1296 1116 1355 sacrorum,
1136 1296 1189 1337 sen

92 1355 262 1415 nucitum
283 1376 441 1438 magnum,
464 1356 505 1416 ad
525 1377 641 1439 agapen
662 1368 692 1417 et
709 1360 969 1438 communionem
999 1357 1096 1419 donec
1118 1370 1188 1419 tan-

93 1435 162 1495 dem
184 1440 291 1500 finitis
317 1442 411 1501 sacris
438 1441 547 1500 ritihus
568 1438 720 1513 omnibus,
748 1462 841 1521 quum
864 1442 943 1499 exire
968 1436 1138 1523 ¹Imperator
1160 1454 1192 1503 et

96 1518 227 1581 mmm
250 1540 391 1583 remeare
417 1522 521 1599 vellet,
545 1523 722 1583 Patriamha
742 1526 770 1582 ei
798 1544 940 1583 coronam
961 1527 1022 1583 snis
1051 1526 1190 1585 menibus

97 1617 283 1683 rqtoneret,
306 1626 370 1666 non
390 1616 537 1687 tanquam
564 1606 600 1681 is,
629 1607 717 1665 cuius
734 1607 766 1667 in
788 1606 914 1666 arbitrio
945 1618 1022 1667 esset
1046 1628 1189 1667 coronam

99 1684 282 1767 impu-atori
307 1699 362 1748 aut
382 1688 552 1771 indulgere,
574 1699 627 1749 aut
647 1710 773 1771 negare,
796 1688 1051 1771 quemadmodum
1076 1709 1191 1750 morem

98 1766 181 1830 bunc
201 1771 281 1831 illuc
299 1782 457 1832 traxerunt
469 1773 610 1853 qnidam,
632 1773 686 1833 sed
707 1774 738 1832 in
754 1772 1000 1854 significationem
1011 1770 1115 1831 finito's'
1129 1792 1192 1833 esse

98 1855 175 1915 ritus
192 1876 317 1929 omnes,
380 1876 471 1916 orum
486 1854 654 1917 reverentia
672 1857 841 1938 Imperator
861 1864 954 1937 capnt
976 1854 1148 1915 nudaverit.

180 1939 225 1997 D.
242 1938 278 1999 6.
297 1876 455 2021 [13:²22]
497 1929 720 2016 τᾶςεῦλογήις.
766 1940 801 1999 ld
818 1948 863 1999 est
879 1936 1113 2011 benedictiones,
1143 1936 1193 1997 vel

98 2020 268 2098 particulas
281 2022 322 2081 de
340 2020 401 2081 illis
418 2020 586 2082 benedictis
601 2020 742 2101 panibus,
763 2042 839 2103 qnos
854 2019 956 2081 fideles
969 2040 1072 2080 seeum
1094 2022 1125 2079 in
1143 2040 1193 2080 ec-

99 2100 223 2166 daiam
243 2102 435 2177 afferebant,
465 2116 496 2164 et
517 2103 664 2164 sacerdoti
683 2104 903 2166 benedicendos
927 2103 1106 2165 offerebant.
1136 2104 1193 2164 So-

102 2182 210 2249 lebant
242 2188 322 2249 olim
346 2188 567 2267 superstitionis
590 2206 726 2269 paganae
753 2206 922 2267 memores,
953 2198 1008 2246 aut
1028 2208 1121 2269 panes
1146 2188 1192 2247 ci-

102 2265 198 2331 busve
217 2271 251 2331 in
271 2269 423 2351 templum
447 2270 573 2345 efferre,
595 2281 626 2329 et
650 2270 828 2332 sacerdotali
848 2270 1058 2331 benedictione
1077 2280 1193 2331 mactes

103 2370 211 2413 rursus
239 2354 371 2414 domum
405 2353 538 2426 referre,
577 2364 665 2435 parte
700 2376 806 2414 eorum
838 2353 985 2415 sacerdoti
1020 2354 1052 2412 in
1084 2372 1193 2434 operae

103 2437 276 2497 merom
293 2436 411 2513 relicta,
431 2438 596 2497 autetiam
618 2458 712 2520 panes
735 2435 856 2519 aliaque
887 2438 919 2495 in
949 2438 1194 2497 communionem

103 2516 229 2593 afferre,
252 2530 285 2580 et
311 2523 347 2580 in
374 2520 528 2581 communi
551 2520 723 2601 deponere,
755 2520 887 2603 indeque
911 2518 1069 2579 collatitias
1091 2518 1194 2599 epulas

104 2598 214 2677 simne,
243 2624 323 2685 quas
351 2603 469 2686 inipso
484 2599 608 2663 ecclesia
632 2602 843 2662 absumebant.
894 2604 957 2679 Qui
979 2622 1046 2659 mos
1072 2612 1196 2661 eatenus
1304 2676 1305 2682 ἵ

103 2682 160 2743 tuit
184 2698 336 2759 momnis,
359 2697 397 2746 nt
422 2686 591 2746 sacerdotes
616 2684 734 2745 oblatos
750 2706 768 2745 a
785 2683 925 2745 fidelibus
945 2704 1039 2763 panes
1062 2682 1197 2765 aliosque

102 2767 190 2828 cibos
214 2769 364 2829 inferrent
385 2771 418 2829 in
442 2770 617 2842 tribunam,
642 2790 750 2831 comm
775 2778 892 2849 partem
916 2776 1135 2843 consecrarent,
1157 2768 1197 2826 de

103 2870 165 2929 qun
181 2862 216 2910 et
234 2854 291 2933 ipsi
316 2854 594 2924 communicarent,
618 2863 649 2913 et
668 2850 804 2911 fidelium
828 2859 980 2932 quotquot
999 2848 1130 2923 vellent,
1148 2872 1195 2910 re-
1249 2904 1252 2913 ,

116 2934 122 2945 '
169 2934 341 2995 isdomnm
356 2936 538 2995 abeuntibus
550 2938 719 3017 portionem
737 2934 894 3007 adderent,
918 2928 1060 3011 εὐλογῶν
1070 2933 1194 3009 dietam,

250 3020 355 3078 omnia
378 3019 436 3079 sibi
458 3028 634 3095 servarent,
662 3017 877 3077 distributione
894 3036 929 3075 ex
954 3016 1088 3097 ipsorum
1113 3017 1201 3099 arbi7
1281 3090 1284 3095 Ι
1367 3068 1376 3083 ,

102 3100 163 3160 trio
188 3104 285 3161 faeta.
338 3100 475 3163 Gentiles
501 3122 625 3183 quoque
651 3111 719 3181 post
740 3100 870 3183 hymnos
891 3108 1027 3158 cantatos
1046 3108 1076 3158 et
1094 3100 1197 3158 conie-

102 3194 192 3243 ctum
219 3184 402 3245 sacrificinm
434 3184 656 3244 corisumebant
672 3185 705 3244 in
733 3184 855 3265 templis
880 3192 1016 3263 partem·
1034 3182 1198 3255 victimae,

101 3266 225 3349 reliqna
245 3286 350 3327 secum
371 3266 533 3327 sumebant
549 3268 691 3343 domum,
717 3277 771 3326 aut
791 3266 832 3325 ibi
862 3263 1067 3337 absumenda,
1095 3266 1199 3323 autin
1294 3299 1297 3307 v

101 3349 236 3410 macello
275 3370 415 3411 vaenum
445 3351 630 3432 exponenda.
695 3349 859 3424 Christiani
884 3348 999 3429 pariter
1029 3356 1082 3405 aut
1105 3348 1201 3428 ipsius

101 3436 277 3494 muscenti
302 3436 389 3515 pariis
421 3454 497 3514 quas
530 3435 561 3492 in
587 3433 800 3493 communione
825 3431 1008 3511 accepissent
1030 3428 1199 3511 'particulas

101 3516 163 3576 viri
185 3517 315 3599 quidem
344 3516 436 3576 nuilis
451 3517 610 3589 manibus,
643 3516 794 3576 foeminae
820 3523 921 3573 autem
950 3510 1043 3573 linteo
1062 3524 1200 3595 exceptas

101 3598 235 3659 domum
255 3600 459 3678 deserelrant,
474 3610 504 3661 et
523 3620 683 3681 quousque
698 3598 814 3659 vellent
839 3596 1052 3674 asservulmnt3
1072 3609 1125 3657 aut
1146 3620 1200 3679 pa·

100 3683 162 3753 nis,
189 3682 345 3742 benedicti
367 3682 502 3762 quidem,
523 3694 556 3743 at
567 3704 629 3742 non
648 3680 836 3754 consecrati,
856 3679 1036 3761 particulas,
1067 3677 1200 3740 matun

100 3782 165 3844 ρον
185 3762 368 3844 eteu’loyla
394 3766 510 3836 dictos,
535 3765 717 3827 referebant.
780 3764 874 3824 Cuius
904 3763 946 3821 rei
979 3762 1075 3823 multe
1106 3764 1200 3822 docu-

99 3857 208 3909 menta
241 3850 274 3908 in
308 3849 429 3929 scriptis
454 3860 590 3909 veterum
617 3846 826 3930 theologorum
852 3856 978 3907 exstant.
1021 3846 1063 3905 V.
1081 3846 1146 3905 DC.
1167 3866 1199 3905 v.

104 3930 203 3991 outa
227 3942 260 3991 et
280 3933 391 3991 saliam
404 3942 437 3991 et
457 3932 657 3993 Eumenem.
702 3930 836 3991 Gentiles
858 3950 957 3990 macas
975 3928 1062 4005 illas,
1091 3928 1143 3989 vol
1165 3928 1202 3988 li·

103 4012 166 4083 bo,
183 4013 354 4088 mustelam
381 4034 458 4095 quas
477 4016 555 4075 inter
581 4014 809 4075 sacrificandum
835 4012 1128 4073 communicantibus
1142 4012 1203 4072 dis-

105 4098 308 4171 tribuebant,
343 4108 374 4157 et
423 4118 478 4157 rras
509 4098 557 4158 vel
588 4104 620 4157 in
648 4097 770 4179 templis
801 4116 994 4167 consumere,
1023 4094 1072 4154 vel
1102 4116 1202 4155 secum

109 4178 234 4243 &muln
261 4120 534 4255 aufferrelicebat,
559 4177 680 4260 symm
700 4182 837 4241 sanitates
859 4176 1071 4262 appellabunt,
1105 4198 1207 4258 neque
