<?xml version="1.0" encoding="UTF-8"?>
<!DOCTYPE html PUBLIC "-//W3C//DTD XHTML 1.0 Transitional//EN"
    "http://www.w3.org/TR/xhtml1/DTD/xhtml1-transitional.dtd">
<html xmlns="http://www.w3.org/1999/xhtml" xml:lang="en" lang="en">
 <head>
  <title>
</title>
<meta http-equiv="Content-Type" content="text/html;charset=utf-8" />
  <meta name='ocr-system' content='tesseract 3.04.00' />
  <meta name='ocr-capabilities' content='ocr_page ocr_carea ocr_par ocr_line ocrx_word'/>
</head>
<body>
  <div class='ocr_page' id='page_1' title='image "./corpusscriptoru45theogoog/corpusscriptoru45theogoog_0033.png"; bbox 0 0 2975 4892; ppageno 0'>
   <div class='ocr_carea' id='block_1_1' title="bbox 353 342 1219 410">
    <p class='ocr_par' dir='ltr' id='par_1_1' title="bbox 353 342 1219 410">
     <span class='ocr_line' id='line_1_1' title="bbox 353 342 1219 410; baseline -0.007 1"><span class='ocrx_word' id='word_1_1' title='bbox 353 350 407 403; x_wconf 81' lang='lat'>22</span> <span class='ocrx_word' id='word_1_2' title='bbox 559 346 616 410; x_wconf 90' lang='grc'>10.</span> <span class='ocrx_word' id='word_1_3' title='bbox 647 345 727 410; x_wconf 73' lang='lat' dir='ltr'>lAC.</span> <span class='ocrx_word' id='word_1_4' title='bbox 758 346 906 408; x_wconf 76' lang='lat' dir='ltr'>astsltu</span> <span class='ocrx_word' id='word_1_5' title='bbox 934 342 1219 408; x_wconf 77' lang='lat' dir='ltr'>COMMENTARH</span> 
     </span>
    </p>
   </div>
   <div class='ocr_carea' id='block_1_2' title="bbox 274 492 1462 3565">
    <p class='ocr_par' dir='ltr' id='par_1_2' title="bbox 274 492 1462 3565">
     <span class='ocr_line' id='line_1_2' title="bbox 352 492 1461 589; baseline 0 -28"><span class='ocrx_word' id='word_1_6' title='bbox 352 496 471 589; x_wconf 71' lang='lat' dir='ltr'>poples</span> <span class='ocrx_word' id='word_1_7' title='bbox 488 496 684 579; x_wconf 69' lang='grc' dir='ltr'>τεταγμένων</span> <span class='ocrx_word' id='word_1_8' title='bbox 704 492 973 581; x_wconf 80' lang='grc' dir='ltr'><strong><em>κορυφαιότατον,</em></strong></span> <span class='ocrx_word' id='word_1_9' title='bbox 998 499 1194 557; x_wconf 69' lang='lat' dir='ltr'>martorum</span> <span class='ocrx_word' id='word_1_10' title='bbox 1212 494 1259 557; x_wconf 83' lang='lat' dir='ltr'>cd</span> <span class='ocrx_word' id='word_1_11' title='bbox 1274 498 1461 561; x_wconf 66' lang='lat' dir='ltr'>conamen</span> 
     </span>
     <span class='ocr_line' id='line_1_3' title="bbox 353 574 1461 669; baseline -0.003 -25"><span class='ocrx_word' id='word_1_12' title='bbox 353 590 466 669; x_wconf 66' lang='lat' dir='ltr'>regnent</span> <span class='ocrx_word' id='word_1_13' title='bbox 484 584 691 667; x_wconf 73' lang='lat' dir='ltr'>deputatam</span> <span class='ocrx_word' id='word_1_14' title='bbox 731 584 897 667; x_wconf 72' lang='lat' dir='ltr'>rinczpem,</span> <span class='ocrx_word' id='word_1_15' title='bbox 919 592 950 641; x_wconf 92' lang='lat' dir='ltr'>et</span> <span class='ocrx_word' id='word_1_16' title='bbox 969 580 1036 641; x_wconf 89' lang='lat' dir='ltr'>aliis</span> <span class='ocrx_word' id='word_1_17' title='bbox 1057 574 1075 638; x_wconf 82' lang='grc' dir='ltr'>ὅ</span> <span class='ocrx_word' id='word_1_18' title='bbox 1097 578 1327 659; x_wconf 74' lang='grc' dir='ltr'><em>ἄρχιευνοῦχος</em></span> <span class='ocrx_word' id='word_1_19' title='bbox 1342 582 1388 641; x_wconf 89' lang='lat' dir='ltr'>ita</span> <span class='ocrx_word' id='word_1_20' title='bbox 1411 580 1461 641; x_wconf 92' lang='lat' dir='ltr'>di-</span> 
     </span>
     <span class='ocr_line' id='line_1_4' title="bbox 351 606 1461 748; baseline -0.008 -16"><span class='ocrx_word' id='word_1_21' title='bbox 351 681 458 747; x_wconf 77' lang='lat' dir='ltr'>catur3</span> <span class='ocrx_word' id='word_1_22' title='bbox 487 665 554 727; x_wconf 83' lang='lat' dir='ltr'>vid.</span> <span class='ocrx_word' id='word_1_23' title='bbox 576 664 689 727; x_wconf 88' lang='lat' dir='ltr'>Malaia</span> <span class='ocrx_word' id='word_1_24' title='bbox 706 606 750 727; x_wconf 56' lang='grc' dir='ltr'>ς’.</span> <span class='ocrx_word' id='word_1_25' title='bbox 772 666 816 725; x_wconf 91' lang='lat' dir='ltr'>ll.</span> <span class='ocrx_word' id='word_1_26' title='bbox 838 687 871 748; x_wconf 92' lang='lat' dir='ltr'>p.</span> <span class='ocrx_word' id='word_1_27' title='bbox 895 666 946 725; x_wconf 79' lang='lat'>31.</span> <span class='ocrx_word' id='word_1_28' title='bbox 969 675 999 725; x_wconf 88' lang='lat' dir='ltr'>et</span> <span class='ocrx_word' id='word_1_29' title='bbox 1019 664 1062 723; x_wconf 91' lang='lat' dir='ltr'>ibi</span> <span class='ocrx_word' id='word_1_30' title='bbox 1084 662 1276 741; x_wconf 84' lang='lat' dir='ltr'>Chilmead.;</span> <span class='ocrx_word' id='word_1_31' title='bbox 1297 664 1461 723; x_wconf 79' lang='lat' dir='ltr'><strong>credibile</strong></span> 
     </span>
     <span class='ocr_line' id='line_1_5' title="bbox 353 744 1461 831; baseline -0.008 -17"><span class='ocrx_word' id='word_1_32' title='bbox 353 764 419 831; x_wconf 89' lang='lat' dir='ltr'>est,</span> <span class='ocrx_word' id='word_1_33' title='bbox 440 770 503 810; x_wconf 91' lang='lat' dir='ltr'>non</span> <span class='ocrx_word' id='word_1_34' title='bbox 523 749 635 821; x_wconf 86' lang='lat' dir='ltr'>fuisse,</span> <span class='ocrx_word' id='word_1_35' title='bbox 656 750 715 808; x_wconf 91' lang='lat' dir='ltr'>nisi</span> <span class='ocrx_word' id='word_1_36' title='bbox 735 768 843 809; x_wconf 88' lang='lat' dir='ltr'>unum.</span> <span class='ocrx_word' id='word_1_37' title='bbox 886 746 946 808; x_wconf 85' lang='lat' dir='ltr'>Sed</span> <span class='ocrx_word' id='word_1_38' title='bbox 966 768 1061 828; x_wconf 91' lang='lat' dir='ltr'>quum</span> <span class='ocrx_word' id='word_1_39' title='bbox 1082 767 1224 827; x_wconf 78' lang='lat' dir='ltr'>persaepe</span> <span class='ocrx_word' id='word_1_40' title='bbox 1244 744 1334 807; x_wconf 92' lang='lat' dir='ltr'>multi</span> <span class='ocrx_word' id='word_1_41' title='bbox 1350 757 1461 807; x_wconf 88' lang='lat' dir='ltr'>essent</span> 
     </span>
     <span class='ocr_line' id='line_1_6' title="bbox 352 828 1461 919; baseline -0.007 -22"><span class='ocrx_word' id='word_1_42' title='bbox 352 836 559 919; x_wconf 76' lang='lat' dir='ltr'>Imperatores</span> <span class='ocrx_word' id='word_1_43' title='bbox 585 831 737 913; x_wconf 79' lang='lat' dir='ltr'>collegae,</span> <span class='ocrx_word' id='word_1_44' title='bbox 772 830 925 891; x_wconf 88' lang='lat' dir='ltr'>interdum</span> <span class='ocrx_word' id='word_1_45' title='bbox 950 841 1010 893; x_wconf 80' lang='lat' dir='ltr'>tres</span> <span class='ocrx_word' id='word_1_46' title='bbox 1036 828 1085 891; x_wconf 90' lang='lat' dir='ltr'>vel</span> <span class='ocrx_word' id='word_1_47' title='bbox 1111 840 1264 910; x_wconf 87' lang='lat' dir='ltr'>quatuor,</span> <span class='ocrx_word' id='word_1_48' title='bbox 1299 828 1365 889; x_wconf 89' lang='lat' dir='ltr'>sere</span> <span class='ocrx_word' id='word_1_49' title='bbox 1378 852 1461 889; x_wconf 91' lang='lat' dir='ltr'>scm-</span> 
     </span>
     <span class='ocr_line' id='line_1_7' title="bbox 354 912 1461 1004; baseline -0.007 -23"><span class='ocrx_word' id='word_1_50' title='bbox 354 940 411 1004; x_wconf 86' lang='lat' dir='ltr'>per</span> <span class='ocrx_word' id='word_1_51' title='bbox 422 918 506 994; x_wconf 90' lang='lat' dir='ltr'>duo,</span> <span class='ocrx_word' id='word_1_52' title='bbox 527 914 673 975; x_wconf 76' lang='lat' dir='ltr'>credibile</span> <span class='ocrx_word' id='word_1_53' title='bbox 685 925 750 991; x_wconf 86' lang='lat' dir='ltr'>est,</span> <span class='ocrx_word' id='word_1_54' title='bbox 772 934 1019 995; x_wconf 80' lang='lat' dir='ltr'>unumquemque</span> <span class='ocrx_word' id='word_1_55' title='bbox 1039 912 1190 995; x_wconf 83' lang='lat' dir='ltr'>peculiare</span> <span class='ocrx_word' id='word_1_56' title='bbox 1211 912 1269 972; x_wconf 92' lang='lat' dir='ltr'>sibi</span> <span class='ocrx_word' id='word_1_57' title='bbox 1291 912 1461 973; x_wconf 85' lang='lat' dir='ltr'>cubicula-</span> 
     </span>
     <span class='ocr_line' id='line_1_8' title="bbox 352 995 1462 1079; baseline -0.007 -16"><span class='ocrx_word' id='word_1_58' title='bbox 352 1005 472 1064; x_wconf 82' lang='lat' dir='ltr'><strong>riorum</strong></span> <span class='ocrx_word' id='word_1_59' title='bbox 485 1020 538 1060; x_wconf 91' lang='lat' dir='ltr'>seu</span> <span class='ocrx_word' id='word_1_60' title='bbox 550 996 720 1079; x_wconf 75' lang='lat' dir='ltr'>spadonum</span> <span class='ocrx_word' id='word_1_61' title='bbox 732 996 872 1068; x_wconf 80' lang='lat' dir='ltr'>babuisse</span> <span class='ocrx_word' id='word_1_62' title='bbox 884 997 1084 1078; x_wconf 84' lang='lat' dir='ltr'>obsequium,</span> <span class='ocrx_word' id='word_1_63' title='bbox 1105 1006 1158 1055; x_wconf 91' lang='lat' dir='ltr'>aut</span> <span class='ocrx_word' id='word_1_64' title='bbox 1171 995 1314 1056; x_wconf 85' lang='lat' dir='ltr'>familiam</span> <span class='ocrx_word' id='word_1_65' title='bbox 1327 1018 1337 1071; x_wconf 83' lang='lat'>3</span> <span class='ocrx_word' id='word_1_66' title='bbox 1361 1006 1393 1056; x_wconf 92' lang='lat' dir='ltr'>et</span> <span class='ocrx_word' id='word_1_67' title='bbox 1406 1006 1462 1055; x_wconf 88' lang='lat' dir='ltr'>tot</span> 
     </span>
     <span class='ocr_line' id='line_1_9' title="bbox 352 1078 1462 1164; baseline -0.006 -18"><span class='ocrx_word' id='word_1_68' title='bbox 352 1086 446 1146; x_wconf 71' lang='lat' dir='ltr'>titisse</span> <span class='ocrx_word' id='word_1_69' title='bbox 458 1082 644 1164; x_wconf 90' lang='lat' dir='ltr'>praepositos</span> <span class='ocrx_word' id='word_1_70' title='bbox 656 1124 667 1158; x_wconf 94' lang='lat'>,</span> <span class='ocrx_word' id='word_1_71' title='bbox 688 1090 765 1162; x_wconf 88' lang='lat' dir='ltr'>quot</span> <span class='ocrx_word' id='word_1_72' title='bbox 777 1078 908 1139; x_wconf 83' lang='lat' dir='ltr'>familiae</span> <span class='ocrx_word' id='word_1_73' title='bbox 919 1080 1099 1162; x_wconf 89' lang='lat' dir='ltr'>spadonum.</span> <span class='ocrx_word' id='word_1_74' title='bbox 1142 1078 1304 1139; x_wconf 86' lang='lat' dir='ltr'>Praeterea</span> <span class='ocrx_word' id='word_1_75' title='bbox 1315 1078 1462 1139; x_wconf 89' lang='lat' dir='ltr'>habebat</span> 
     </span>
     <span class='ocr_line' id='line_1_10' title="bbox 354 1160 1462 1249; baseline -0.007 -20"><span class='ocrx_word' id='word_1_76' title='bbox 354 1167 496 1249; x_wconf 77' lang='lat' dir='ltr'>Augusta</span> <span class='ocrx_word' id='word_1_77' title='bbox 516 1184 639 1246; x_wconf 78' lang='lat' dir='ltr'>quoque</span> <span class='ocrx_word' id='word_1_78' title='bbox 659 1184 749 1224; x_wconf 86' lang='lat' dir='ltr'>suum</span> <span class='ocrx_word' id='word_1_79' title='bbox 768 1164 993 1244; x_wconf 90' lang='lat' dir='ltr'>praepositum,</span> <span class='ocrx_word' id='word_1_80' title='bbox 1016 1174 1046 1223; x_wconf 91' lang='lat' dir='ltr'>et</span> <span class='ocrx_word' id='word_1_81' title='bbox 1066 1162 1168 1245; x_wconf 88' lang='lat' dir='ltr'>plures</span> <span class='ocrx_word' id='word_1_82' title='bbox 1188 1164 1215 1223; x_wconf 88' lang='lat' dir='ltr'>si</span> <span class='ocrx_word' id='word_1_83' title='bbox 1229 1171 1327 1222; x_wconf 89' lang='lat' dir='ltr'>essent</span> <span class='ocrx_word' id='word_1_84' title='bbox 1341 1160 1462 1243; x_wconf 84' lang='lat' dir='ltr'>Augu-</span> 
     </span>
     <span class='ocr_line' id='line_1_11' title="bbox 355 1244 1462 1328; baseline -0.007 -17"><span class='ocrx_word' id='word_1_85' title='bbox 355 1259 439 1325; x_wconf 80' lang='lat' dir='ltr'>stae,</span> <span class='ocrx_word' id='word_1_86' title='bbox 463 1256 498 1308; x_wconf 90' lang='lat' dir='ltr'>ut</span> <span class='ocrx_word' id='word_1_87' title='bbox 508 1268 598 1328; x_wconf 85' lang='lat' dir='ltr'>saepe</span> <span class='ocrx_word' id='word_1_88' title='bbox 610 1256 716 1324; x_wconf 88' lang='lat' dir='ltr'>erant,</span> <span class='ocrx_word' id='word_1_89' title='bbox 736 1257 784 1308; x_wconf 89' lang='lat' dir='ltr'>tot</span> <span class='ocrx_word' id='word_1_90' title='bbox 795 1256 881 1307; x_wconf 92' lang='lat' dir='ltr'>erant</span> <span class='ocrx_word' id='word_1_91' title='bbox 893 1266 1000 1307; x_wconf 88' lang='lat' dir='ltr'>earum</span> <span class='ocrx_word' id='word_1_92' title='bbox 1012 1247 1175 1327; x_wconf 77' lang='lat' dir='ltr'>praepositi</span> <span class='ocrx_word' id='word_1_93' title='bbox 1198 1256 1228 1307; x_wconf 93' lang='lat' dir='ltr'>et</span> <span class='ocrx_word' id='word_1_94' title='bbox 1241 1244 1374 1305; x_wconf 85' lang='lat' dir='ltr'>familiae</span> <span class='ocrx_word' id='word_1_95' title='bbox 1388 1246 1462 1305; x_wconf 89' lang='lat' dir='ltr'>Cu-</span> 
     </span>
     <span class='ocr_line' id='line_1_12' title="bbox 354 1328 1462 1412; baseline -0.004 -20"><span class='ocrx_word' id='word_1_96' title='bbox 354 1330 594 1407; x_wconf 82' lang='lat' dir='ltr'>biculariomm,</span> <span class='ocrx_word' id='word_1_97' title='bbox 615 1341 691 1412; x_wconf 88' lang='lat' dir='ltr'>quot</span> <span class='ocrx_word' id='word_1_98' title='bbox 703 1330 797 1412; x_wconf 86' lang='lat' dir='ltr'>ipsae.</span> <span class='ocrx_word' id='word_1_99' title='bbox 840 1329 979 1389; x_wconf 86' lang='lat' dir='ltr'>Tandem</span> <span class='ocrx_word' id='word_1_100' title='bbox 992 1328 1123 1390; x_wconf 87' lang='lat' dir='ltr'>habebat</span> <span class='ocrx_word' id='word_1_101' title='bbox 1136 1348 1258 1411; x_wconf 90' lang='lat' dir='ltr'>quoque</span> <span class='ocrx_word' id='word_1_102' title='bbox 1270 1328 1462 1389; x_wconf 81' lang='lat' dir='ltr'>Patriarcha</span> 
     </span>
     <span class='ocr_line' id='line_1_13' title="bbox 355 1410 1462 1495; baseline -0.006 -18"><span class='ocrx_word' id='word_1_103' title='bbox 355 1435 446 1477; x_wconf 87' lang='lat' dir='ltr'>suum</span> <span class='ocrx_word' id='word_1_104' title='bbox 468 1416 694 1495; x_wconf 74' lang='lat' dir='ltr'>praepositumz</span> <span class='ocrx_word' id='word_1_105' title='bbox 724 1412 778 1473; x_wconf 89' lang='lat' dir='ltr'>sed</span> <span class='ocrx_word' id='word_1_106' title='bbox 801 1432 864 1473; x_wconf 91' lang='lat' dir='ltr'>non</span> <span class='ocrx_word' id='word_1_107' title='bbox 883 1433 1013 1495; x_wconf 86' lang='lat' dir='ltr'>semper.</span> <span class='ocrx_word' id='word_1_108' title='bbox 1058 1412 1147 1473; x_wconf 87' lang='lat' dir='ltr'>Certe</span> <span class='ocrx_word' id='word_1_109' title='bbox 1164 1422 1313 1472; x_wconf 88' lang='lat' dir='ltr'>memorat</span> <span class='ocrx_word' id='word_1_110' title='bbox 1336 1410 1462 1471; x_wconf 84' lang='lat' dir='ltr'>de&#39;illo</span> 
     </span>
     <span class='ocr_line' id='line_1_14' title="bbox 355 1494 1459 1599; baseline -0.003 -41"><span class='ocrx_word' id='word_1_111' title='bbox 355 1506 599 1575; x_wconf 82' lang='lat' dir='ltr'>nosterauetor,</span> <span class='ocrx_word' id='word_1_112' title='bbox 619 1496 706 1557; x_wconf 88' lang='lat' dir='ltr'>utde</span> <span class='ocrx_word' id='word_1_113' title='bbox 724 1516 759 1555; x_wconf 92' lang='lat' dir='ltr'>re</span> <span class='ocrx_word' id='word_1_114' title='bbox 770 1494 925 1573; x_wconf 82' lang='lat' dir='ltr'>obsoleta3</span> <span class='ocrx_word' id='word_1_115' title='bbox 947 1505 977 1557; x_wconf 92' lang='lat' dir='ltr'>et</span> <span class='ocrx_word' id='word_1_116' title='bbox 989 1494 1050 1555; x_wconf 91' lang='lat' dir='ltr'>huc</span> <span class='ocrx_word' id='word_1_117' title='bbox 1069 1495 1201 1576; x_wconf 91' lang='lat' dir='ltr'>denique</span> <span class='ocrx_word' id='word_1_118' title='bbox 1221 1516 1286 1555; x_wconf 89' lang='lat' dir='ltr'>nou</span> <span class='ocrx_word' id='word_1_119' title='bbox 1304 1495 1459 1599; x_wconf 89' lang='lat' dir='ltr'>pertinet.</span> 
     </span>
     <span class='ocr_line' id='line_1_15' title="bbox 357 1571 1462 1662; baseline -0.006 -21"><span class='ocrx_word' id='word_1_120' title='bbox 357 1578 441 1641; x_wconf 88' lang='lat' dir='ltr'>Hinc</span> <span class='ocrx_word' id='word_1_121' title='bbox 458 1578 657 1662; x_wconf 80' lang='lat' dir='ltr'>intelligatur,</span> <span class='ocrx_word' id='word_1_122' title='bbox 677 1580 823 1661; x_wconf 80' lang='lat' dir='ltr'>quarab.</span> <span class='ocrx_word' id='word_1_123' title='bbox 838 1578 882 1638; x_wconf 91' lang='lat'>11.</span> <span class='ocrx_word' id='word_1_124' title='bbox 896 1598 925 1638; x_wconf 91' lang='lat' dir='ltr'>c.</span> <span class='ocrx_word' id='word_1_125' title='bbox 941 1598 973 1639; x_wconf 76' lang='lat' dir='ltr'>a.</span> <span class='ocrx_word' id='word_1_126' title='bbox 988 1598 1021 1659; x_wconf 88' lang='lat' dir='ltr'>p.</span> <span class='ocrx_word' id='word_1_127' title='bbox 1039 1579 1111 1655; x_wconf 75' lang='lat'>304.</span> <span class='ocrx_word' id='word_1_128' title='bbox 1125 1580 1161 1639; x_wconf 92' lang='lat' dir='ltr'>B.</span> <span class='ocrx_word' id='word_1_129' title='bbox 1177 1578 1209 1640; x_wconf 86' lang='lat'>5.</span> <span class='ocrx_word' id='word_1_130' title='bbox 1253 1571 1270 1636; x_wconf 77' lang='grc' dir='ltr'><em>ὅ</em></span> <span class='ocrx_word' id='word_1_131' title='bbox 1291 1572 1462 1657; x_wconf 74' lang='lat' dir='ltr'>crepaturi-</span> 
     </span>
     <span class='ocr_line' id='line_1_16' title="bbox 310 1658 1462 1745; baseline -0.002 -22"><span class='ocrx_word' id='word_1_132' title='bbox 310 1693 314 1701; x_wconf 54' lang='lat'><em>*</em></span> <span class='ocrx_word' id='word_1_133' title='bbox 356 1682 443 1734; x_wconf 77' lang='grc' dir='ltr'><strong><em>σιτος</em></strong></span> <span class='ocrx_word' id='word_1_134' title='bbox 468 1665 663 1739; x_wconf 90' lang='lat' dir='ltr'>nominetur,</span> <span class='ocrx_word' id='word_1_135' title='bbox 699 1682 753 1722; x_wconf 90' lang='lat' dir='ltr'>seu</span> <span class='ocrx_word' id='word_1_136' title='bbox 774 1663 1055 1745; x_wconf 83' lang='lat' dir='ltr'>protopraepositus.</span> <span class='ocrx_word' id='word_1_137' title='bbox 1097 1662 1146 1721; x_wconf 89' lang='lat' dir='ltr'>De</span> <span class='ocrx_word' id='word_1_138' title='bbox 1168 1658 1268 1721; x_wconf 88' lang='lat' dir='ltr'>officio</span> <span class='ocrx_word' id='word_1_139' title='bbox 1287 1662 1462 1743; x_wconf 90' lang='lat' dir='ltr'>praepositi</span> 
     </span>
     <span class='ocr_line' id='line_1_17' title="bbox 356 1742 1461 1827; baseline -0.002 -21"><span class='ocrx_word' id='word_1_140' title='bbox 356 1763 454 1827; x_wconf 91' lang='lat' dir='ltr'>pauca</span> <span class='ocrx_word' id='word_1_141' title='bbox 466 1746 596 1806; x_wconf 88' lang='lat' dir='ltr'>strictim</span> <span class='ocrx_word' id='word_1_142' title='bbox 616 1764 699 1805; x_wconf 91' lang='lat' dir='ltr'>nunc</span> <span class='ocrx_word' id='word_1_143' title='bbox 711 1744 830 1805; x_wconf 84' lang='lat' dir='ltr'>dicam:</span> <span class='ocrx_word' id='word_1_144' title='bbox 853 1742 942 1825; x_wconf 89' lang='lat' dir='ltr'>plura</span> <span class='ocrx_word' id='word_1_145' title='bbox 963 1746 1045 1805; x_wconf 90' lang='lat' dir='ltr'>enim</span> <span class='ocrx_word' id='word_1_146' title='bbox 1062 1742 1120 1803; x_wconf 91' lang='lat' dir='ltr'>hac</span> <span class='ocrx_word' id='word_1_147' title='bbox 1140 1744 1179 1803; x_wconf 94' lang='lat' dir='ltr'>de</span> <span class='ocrx_word' id='word_1_148' title='bbox 1201 1762 1235 1803; x_wconf 93' lang='lat' dir='ltr'>re</span> <span class='ocrx_word' id='word_1_149' title='bbox 1255 1745 1287 1803; x_wconf 92' lang='lat' dir='ltr'>in</span> <span class='ocrx_word' id='word_1_150' title='bbox 1309 1764 1461 1824; x_wconf 85' lang='lat' dir='ltr'>processu</span> 
     </span>
     <span class='ocr_line' id='line_1_18' title="bbox 356 1825 1462 1909; baseline -0.001 -21"><span class='ocrx_word' id='word_1_151' title='bbox 356 1830 458 1909; x_wconf 87' lang='lat' dir='ltr'>operis</span> <span class='ocrx_word' id='word_1_152' title='bbox 476 1838 649 1887; x_wconf 75' lang='lat' dir='ltr'>occurrent.</span> <span class='ocrx_word' id='word_1_153' title='bbox 690 1827 768 1887; x_wconf 84' lang='lat' dir='ltr'>Erat</span> <span class='ocrx_word' id='word_1_154' title='bbox 781 1849 800 1887; x_wconf 92' lang='lat' dir='ltr'>a</span> <span class='ocrx_word' id='word_1_155' title='bbox 812 1848 898 1887; x_wconf 89' lang='lat' dir='ltr'>sacro</span> <span class='ocrx_word' id='word_1_156' title='bbox 911 1827 1107 1907; x_wconf 87' lang='lat' dir='ltr'>Imperatoris</span> <span class='ocrx_word' id='word_1_157' title='bbox 1127 1846 1254 1907; x_wconf 85' lang='lat' dir='ltr'>corpore</span> <span class='ocrx_word' id='word_1_158' title='bbox 1266 1826 1350 1886; x_wconf 90' lang='lat' dir='ltr'>domi</span> <span class='ocrx_word' id='word_1_159' title='bbox 1363 1825 1462 1887; x_wconf 82' lang='lat' dir='ltr'>ioris-</span> 
     </span>
     <span class='ocr_line' id='line_1_19' title="bbox 356 1908 1458 2053; baseline 0 -82"><span class='ocrx_word' id='word_1_160' title='bbox 356 1930 437 2011; x_wconf 72' lang='lat' dir='ltr'>gue,</span> <span class='ocrx_word' id='word_1_161' title='bbox 450 1910 860 2051; x_wconf 42' lang='lat' dir='ltr'>t{ptliccleis&#39;ia,inserpatm</span> <span class='ocrx_word' id='word_1_162' title='bbox 867 1908 1254 2053; x_wconf 47' lang='lat' dir='ltr'>litllucrummllo’bulliqde&#39;,</span> <span class='ocrx_word' id='word_1_163' title='bbox 1276 1910 1458 2052; x_wconf 60' lang='grc' dir='ltr'>ρτοκίἇηιιε,</span> 
     </span>
     <span class='ocr_line' id='line_1_20' title="bbox 354 2012 1461 2158; baseline 0 -21"><span class='ocrx_word' id='word_1_164' title='bbox 354 2012 880 2156; x_wconf 47' lang='lat' dir='ltr'>&amp;mutilati</span> <span class='ocrx_word' id='word_1_165' title='bbox 899 2074 939 2137; x_wconf 69' lang='lat' dir='ltr'>a</span> <span class='ocrx_word' id='word_1_166' title='bbox 967 2013 1204 2158; x_wconf 52' lang='lat' dir='ltr'>’efficia</span> <span class='ocrx_word' id='word_1_167' title='bbox 1219 2013 1337 2157; x_wconf 58' lang='lat' dir='ltr'>,lilii</span> <span class='ocrx_word' id='word_1_168' title='bbox 1359 2014 1461 2157; x_wconf 58' lang='lat' dir='ltr'>,⁶052ss</span> 
     </span>
     <span class='ocr_line' id='line_1_21' title="bbox 356 2156 1460 2241; baseline 0.002 -22"><span class='ocrx_word' id='word_1_169' title='bbox 356 2156 424 2219; x_wconf 89' lang='lat' dir='ltr'>aliis</span> <span class='ocrx_word' id='word_1_170' title='bbox 436 2156 612 2239; x_wconf 84' lang='lat' dir='ltr'>proceribus</span> <span class='ocrx_word' id='word_1_171' title='bbox 625 2200 636 2235; x_wconf 95' lang='lat'>,</span> <span class='ocrx_word' id='word_1_172' title='bbox 657 2157 698 2218; x_wconf 87' lang='lat' dir='ltr'>ad</span> <span class='ocrx_word' id='word_1_173' title='bbox 709 2178 786 2239; x_wconf 89' lang='lat' dir='ltr'>quos</span> <span class='ocrx_word' id='word_1_174' title='bbox 799 2158 941 2241; x_wconf 90' lang='lat' dir='ltr'>quodque</span> <span class='ocrx_word' id='word_1_175' title='bbox 953 2160 1118 2241; x_wconf 85' lang='lat' dir='ltr'>pertineret</span> <span class='ocrx_word' id='word_1_176' title='bbox 1130 2204 1139 2237; x_wconf 93' lang='lat'>,</span> <span class='ocrx_word' id='word_1_177' title='bbox 1162 2160 1365 2239; x_wconf 87' lang='lat' dir='ltr'>impertiebat.</span> <span class='ocrx_word' id='word_1_178' title='bbox 1394 2160 1460 2221; x_wconf 90' lang='lat' dir='ltr'>Hic</span> 
     </span>
     <span class='ocr_line' id='line_1_22' title="bbox 357 2232 1459 2325; baseline 0.004 -24"><span class='ocrx_word' id='word_1_179' title='bbox 357 2259 387 2301; x_wconf 86' lang='lat' dir='ltr'>e.</span> <span class='ocrx_word' id='word_1_180' title='bbox 400 2260 430 2300; x_wconf 91' lang='lat' dir='ltr'>c.</span> <span class='ocrx_word' id='word_1_181' title='bbox 444 2239 582 2300; x_wconf 88' lang='lat' dir='ltr'>videmus</span> <span class='ocrx_word' id='word_1_182' title='bbox 594 2240 800 2321; x_wconf 88' lang='lat' dir='ltr'>praepositum</span> <span class='ocrx_word' id='word_1_183' title='bbox 813 2239 912 2323; x_wconf 89' lang='lat' dir='ltr'>pridie</span> <span class='ocrx_word' id='word_1_184' title='bbox 924 2242 1026 2325; x_wconf 90' lang='lat' dir='ltr'>magni</span> <span class='ocrx_word' id='word_1_185' title='bbox 1047 2242 1114 2303; x_wconf 80' lang='lat' dir='ltr'>sesti</span> <span class='ocrx_word' id='word_1_186' title='bbox 1127 2232 1166 2303; x_wconf 81' lang='lat' dir='ltr'>de</span> <span class='ocrx_word' id='word_1_187' title='bbox 1187 2243 1320 2303; x_wconf 89' lang='lat' dir='ltr'>instante</span> <span class='ocrx_word' id='word_1_188' title='bbox 1332 2241 1459 2324; x_wconf 82' lang='lat' dir='ltr'>religio-</span> 
     </span>
     <span class='ocr_line' id='line_1_23' title="bbox 357 2321 1459 2408; baseline 0.004 -25"><span class='ocrx_word' id='word_1_189' title='bbox 357 2342 399 2384; x_wconf 93' lang='lat' dir='ltr'>ne</span> <span class='ocrx_word' id='word_1_190' title='bbox 413 2321 572 2383; x_wconf 91' lang='lat' dir='ltr'>dominum</span> <span class='ocrx_word' id='word_1_191' title='bbox 590 2322 803 2400; x_wconf 86' lang='lat' dir='ltr'>admonuisse,</span> <span class='ocrx_word' id='word_1_192' title='bbox 825 2334 856 2384; x_wconf 88' lang='lat' dir='ltr'>et</span> <span class='ocrx_word' id='word_1_193' title='bbox 875 2324 971 2386; x_wconf 89' lang='lat' dir='ltr'>abeo</span> <span class='ocrx_word' id='word_1_194' title='bbox 994 2324 1173 2386; x_wconf 87' lang='lat' dir='ltr'>mandatum</span> <span class='ocrx_word' id='word_1_195' title='bbox 1195 2326 1363 2408; x_wconf 87' lang='lat' dir='ltr'>accepisse,</span> <span class='ocrx_word' id='word_1_196' title='bbox 1385 2346 1459 2387; x_wconf 87' lang='lat' dir='ltr'>cra-</span> 
     </span>
     <span class='ocr_line' id='line_1_24' title="bbox 357 2406 1459 2490; baseline 0.004 -23"><span class='ocrx_word' id='word_1_197' title='bbox 357 2407 470 2467; x_wconf 84' lang='lat' dir='ltr'>stinam</span> <span class='ocrx_word' id='word_1_198' title='bbox 488 2407 711 2487; x_wconf 88' lang='lat' dir='ltr'>processionem</span> <span class='ocrx_word' id='word_1_199' title='bbox 735 2406 903 2469; x_wconf 90' lang='lat' dir='ltr'>indicendi.</span> <span class='ocrx_word' id='word_1_200' title='bbox 946 2407 1158 2469; x_wconf 77' lang='lat' dir='ltr'>comitabatur</span> <span class='ocrx_word' id='word_1_201' title='bbox 1184 2408 1401 2490; x_wconf 89' lang='lat' dir='ltr'>Imperatorem</span> <span class='ocrx_word' id='word_1_202' title='bbox 1422 2412 1459 2471; x_wconf 90' lang='lat' dir='ltr'>in</span> 
     </span>
     <span class='ocr_line' id='line_1_25' title="bbox 359 2488 1457 2575; baseline 0.003 -24"><span class='ocrx_word' id='word_1_203' title='bbox 359 2488 536 2568; x_wconf 86' lang='lat' dir='ltr'>ecclesiam,</span> <span class='ocrx_word' id='word_1_204' title='bbox 554 2488 707 2570; x_wconf 85' lang='lat' dir='ltr'>adipsum</span> <span class='ocrx_word' id='word_1_205' title='bbox 725 2510 823 2571; x_wconf 84' lang='lat' dir='ltr'>usque</span> <span class='ocrx_word' id='word_1_206' title='bbox 844 2488 1111 2571; x_wconf 85' lang='lat' dir='ltr'>sacrificatorium,</span> <span class='ocrx_word' id='word_1_207' title='bbox 1131 2492 1307 2575; x_wconf 78' lang='lat' dir='ltr'>porrigebat</span> <span class='ocrx_word' id='word_1_208' title='bbox 1325 2493 1383 2574; x_wconf 91' lang='lat' dir='ltr'>ipsi</span> <span class='ocrx_word' id='word_1_209' title='bbox 1403 2513 1457 2554; x_wconf 90' lang='lat' dir='ltr'>ce-</span> 
     </span>
     <span class='ocr_line' id='line_1_26' title="bbox 358 2572 1455 2657; baseline 0.002 -24"><span class='ocrx_word' id='word_1_210' title='bbox 358 2591 447 2650; x_wconf 87' lang='lat' dir='ltr'>reos,</span> <span class='ocrx_word' id='word_1_211' title='bbox 467 2572 524 2632; x_wconf 93' lang='lat' dir='ltr'>ubi</span> <span class='ocrx_word' id='word_1_212' title='bbox 546 2590 624 2653; x_wconf 88' lang='lat' dir='ltr'>opus</span> <span class='ocrx_word' id='word_1_213' title='bbox 643 2582 731 2649; x_wconf 90' lang='lat' dir='ltr'>erat,</span> <span class='ocrx_word' id='word_1_214' title='bbox 754 2572 846 2653; x_wconf 63' lang='lat' dir='ltr'>ct,ab</span> <span class='ocrx_word' id='word_1_215' title='bbox 872 2575 937 2653; x_wconf 88' lang='lat' dir='ltr'>ipso</span> <span class='ocrx_word' id='word_1_216' title='bbox 958 2574 1092 2635; x_wconf 87' lang='lat' dir='ltr'>vicissim</span> <span class='ocrx_word' id='word_1_217' title='bbox 1114 2573 1247 2636; x_wconf 88' lang='lat' dir='ltr'>redditos</span> <span class='ocrx_word' id='word_1_218' title='bbox 1268 2575 1455 2657; x_wconf 88' lang='lat' dir='ltr'>recipiebat,</span> 
     </span>
     <span class='ocr_line' id='line_1_27' title="bbox 358 2654 1457 2739; baseline 0.004 -24"><span class='ocrx_word' id='word_1_219' title='bbox 358 2654 552 2716; x_wconf 83' lang='lat' dir='ltr'>ministrabat</span> <span class='ocrx_word' id='word_1_220' title='bbox 564 2654 623 2736; x_wconf 89' lang='lat' dir='ltr'>ipsi</span> <span class='ocrx_word' id='word_1_221' title='bbox 634 2654 835 2735; x_wconf 86' lang='lat' dir='ltr'>apocombia,</span> <span class='ocrx_word' id='word_1_222' title='bbox 857 2676 911 2715; x_wconf 91' lang='lat' dir='ltr'>seu</span> <span class='ocrx_word' id='word_1_223' title='bbox 931 2654 1119 2734; x_wconf 89' lang='lat' dir='ltr'>oblationes,</span> <span class='ocrx_word' id='word_1_224' title='bbox 1141 2678 1217 2739; x_wconf 87' lang='lat' dir='ltr'>quas</span> <span class='ocrx_word' id='word_1_225' title='bbox 1241 2657 1408 2739; x_wconf 88' lang='lat' dir='ltr'>Imperator</span> <span class='ocrx_word' id='word_1_226' title='bbox 1423 2662 1457 2720; x_wconf 87' lang='lat' dir='ltr'>in</span> 
     </span>
     <span class='ocr_line' id='line_1_28' title="bbox 360 2736 1456 2825; baseline 0.005 -28"><span class='ocrx_word' id='word_1_227' title='bbox 360 2738 478 2818; x_wconf 82' lang='lat' dir='ltr'>magnis</span> <span class='ocrx_word' id='word_1_228' title='bbox 490 2737 573 2798; x_wconf 82' lang='lat' dir='ltr'>festis</span> <span class='ocrx_word' id='word_1_229' title='bbox 585 2736 701 2799; x_wconf 86' lang='lat' dir='ltr'>solebat</span> <span class='ocrx_word' id='word_1_230' title='bbox 712 2740 746 2798; x_wconf 90' lang='lat' dir='ltr'>in</span> <span class='ocrx_word' id='word_1_231' title='bbox 760 2736 849 2799; x_wconf 87' lang='lat' dir='ltr'>altari</span> <span class='ocrx_word' id='word_1_232' title='bbox 862 2738 1014 2820; x_wconf 90' lang='lat' dir='ltr'>deponere</span> <span class='ocrx_word' id='word_1_233' title='bbox 1024 2762 1033 2816; x_wconf 70' lang='grc' dir='ltr'><strong>ς</strong></span> <span class='ocrx_word' id='word_1_234' title='bbox 1055 2739 1202 2801; x_wconf 85' lang='lat' dir='ltr'>induebat</span> <span class='ocrx_word' id='word_1_235' title='bbox 1214 2750 1244 2800; x_wconf 90' lang='lat' dir='ltr'>et</span> <span class='ocrx_word' id='word_1_236' title='bbox 1256 2742 1382 2802; x_wconf 88' lang='lat' dir='ltr'>exuebat</span> <span class='ocrx_word' id='word_1_237' title='bbox 1394 2744 1456 2825; x_wconf 86' lang='lat' dir='ltr'>ipsi</span> 
     </span>
     <span class='ocr_line' id='line_1_29' title="bbox 360 2817 1459 2907; baseline 0.008 -28"><span class='ocrx_word' id='word_1_238' title='bbox 360 2817 510 2895; x_wconf 79' lang='lat' dir='ltr'>labilem,</span> <span class='ocrx_word' id='word_1_239' title='bbox 531 2840 634 2900; x_wconf 88' lang='lat' dir='ltr'>prore</span> <span class='ocrx_word' id='word_1_240' title='bbox 647 2823 802 2902; x_wconf 84' lang='lat' dir='ltr'>exigente,</span> <span class='ocrx_word' id='word_1_241' title='bbox 825 2820 917 2881; x_wconf 89' lang='lat' dir='ltr'>dabat</span> <span class='ocrx_word' id='word_1_242' title='bbox 938 2818 1100 2883; x_wconf 86' lang='lat' dir='ltr'>adnutum</span> <span class='ocrx_word' id='word_1_243' title='bbox 1120 2822 1315 2903; x_wconf 87' lang='lat' dir='ltr'>imperatoris</span> <span class='ocrx_word' id='word_1_244' title='bbox 1335 2826 1459 2907; x_wconf 84' lang='lat' dir='ltr'>signum</span> 
     </span>
     <span class='ocr_line' id='line_1_30' title="bbox 361 2901 1459 2987; baseline 0.009 -27"><span class='ocrx_word' id='word_1_245' title='bbox 361 2901 608 2979; x_wconf 86' lang='lat' dir='ltr'>Ceremoniario,</span> <span class='ocrx_word' id='word_1_246' title='bbox 629 2903 752 2983; x_wconf 88' lang='lat' dir='ltr'>quando</span> <span class='ocrx_word' id='word_1_247' title='bbox 766 2902 817 2963; x_wconf 91' lang='lat' dir='ltr'>ille</span> <span class='ocrx_word' id='word_1_248' title='bbox 828 2902 979 2965; x_wconf 83' lang='lat' dir='ltr'>celeusma</span> <span class='ocrx_word' id='word_1_249' title='bbox 993 2903 1088 2984; x_wconf 88' lang='lat' dir='ltr'>dare,</span> <span class='ocrx_word' id='word_1_250' title='bbox 1109 2904 1200 2965; x_wconf 86' lang='lat' dir='ltr'>idest</span> <span class='ocrx_word' id='word_1_251' title='bbox 1220 2927 1359 2987; x_wconf 88' lang='lat' dir='ltr'>proceres</span> <span class='ocrx_word' id='word_1_252' title='bbox 1379 2928 1459 2969; x_wconf 91' lang='lat' dir='ltr'>con-</span> 
     </span>
     <span class='ocr_line' id='line_1_31' title="bbox 360 2976 1458 3073; baseline 0.009 -30"><span class='ocrx_word' id='word_1_253' title='bbox 360 2992 501 3065; x_wconf 78' lang='lat' dir='ltr'>gregatos</span> <span class='ocrx_word' id='word_1_254' title='bbox 511 2982 551 3043; x_wconf 89' lang='lat' dir='ltr'>ad</span> <span class='ocrx_word' id='word_1_255' title='bbox 567 2984 795 3065; x_wconf 89' lang='lat' dir='ltr'>procedendum</span> <span class='ocrx_word' id='word_1_256' title='bbox 807 2984 924 3047; x_wconf 84' lang='lat' dir='ltr'>hortari</span> <span class='ocrx_word' id='word_1_257' title='bbox 945 2985 1089 3065; x_wconf 80' lang='lat' dir='ltr'>deberet3</span> <span class='ocrx_word' id='word_1_258' title='bbox 1108 2976 1275 3067; x_wconf 80' lang='lat' dir='ltr'>iecipiebat</span> <span class='ocrx_word' id='word_1_259' title='bbox 1294 2990 1333 3051; x_wconf 86' lang='lat' dir='ltr'>ab</span> <span class='ocrx_word' id='word_1_260' title='bbox 1354 2992 1458 3073; x_wconf 90' lang='lat' dir='ltr'>lmpe-</span> 
     </span>
     <span class='ocr_line' id='line_1_32' title="bbox 360 3066 1460 3150; baseline 0.009 -25"><span class='ocrx_word' id='word_1_261' title='bbox 360 3075 463 3127; x_wconf 87' lang='lat' dir='ltr'>ratore</span> <span class='ocrx_word' id='word_1_262' title='bbox 474 3066 603 3126; x_wconf 86' lang='lat' dir='ltr'>traditos</span> <span class='ocrx_word' id='word_1_263' title='bbox 613 3066 658 3126; x_wconf 91' lang='lat' dir='ltr'>illi</span> <span class='ocrx_word' id='word_1_264' title='bbox 670 3066 790 3129; x_wconf 89' lang='lat' dir='ltr'>libellos</span> <span class='ocrx_word' id='word_1_265' title='bbox 804 3069 1015 3150; x_wconf 78' lang='lat' dir='ltr'>gramlatorios</span> <span class='ocrx_word' id='word_1_266' title='bbox 1037 3069 1224 3150; x_wconf 88' lang='lat' dir='ltr'>factionum,</span> <span class='ocrx_word' id='word_1_267' title='bbox 1246 3073 1460 3141; x_wconf 79' lang='lat' dir='ltr'>inuoducebat</span> 
     </span>
     <span class='ocr_line' id='line_1_33' title="bbox 361 3146 1461 3234; baseline 0.01 -25"><span class='ocrx_word' id='word_1_268' title='bbox 361 3146 574 3211; x_wconf 88' lang='lat' dir='ltr'>Patriarcham</span> <span class='ocrx_word' id='word_1_269' title='bbox 586 3148 625 3209; x_wconf 86' lang='lat' dir='ltr'>ad</span> <span class='ocrx_word' id='word_1_270' title='bbox 639 3149 859 3229; x_wconf 87' lang='lat' dir='ltr'>imperatorem</span> <span class='ocrx_word' id='word_1_271' title='bbox 876 3162 946 3234; x_wconf 93' lang='lat' dir='ltr'>post</span> <span class='ocrx_word' id='word_1_272' title='bbox 965 3152 1085 3213; x_wconf 86' lang='lat' dir='ltr'>finitum</span> <span class='ocrx_word' id='word_1_273' title='bbox 1107 3174 1228 3215; x_wconf 82' lang='lat' dir='ltr'>sacrum</span> <span class='ocrx_word' id='word_1_274' title='bbox 1250 3154 1402 3233; x_wconf 88' lang='lat' dir='ltr'>officium,</span> <span class='ocrx_word' id='word_1_275' title='bbox 1427 3170 1461 3220; x_wconf 91' lang='lat' dir='ltr'>et</span> 
     </span>
     <span class='ocr_line' id='line_1_34' title="bbox 274 3230 1458 3317; baseline 0.009 -25"><span class='ocrx_word' id='word_1_276' title='bbox 274 3270 278 3278; x_wconf 62' lang='lat'><em>=</em></span> <span class='ocrx_word' id='word_1_277' title='bbox 361 3230 648 3311; x_wconf 80' lang='lat' dir='ltr'>mususeducebat3</span> <span class='ocrx_word' id='word_1_278' title='bbox 669 3230 822 3314; x_wconf 84' lang='lat' dir='ltr'>eulogias,</span> <span class='ocrx_word' id='word_1_279' title='bbox 843 3256 896 3295; x_wconf 88' lang='lat' dir='ltr'>seu</span> <span class='ocrx_word' id='word_1_280' title='bbox 917 3256 1012 3317; x_wconf 87' lang='lat' dir='ltr'>panes</span> <span class='ocrx_word' id='word_1_281' title='bbox 1030 3234 1225 3315; x_wconf 86' lang='lat' dir='ltr'>benedictos,</span> <span class='ocrx_word' id='word_1_282' title='bbox 1246 3259 1266 3300; x_wconf 93' lang='lat' dir='ltr'>a</span> <span class='ocrx_word' id='word_1_283' title='bbox 1278 3240 1458 3303; x_wconf 86' lang='lat' dir='ltr'>Patriarcha</span> 
     </span>
     <span class='ocr_line' id='line_1_35' title="bbox 362 3314 1458 3401; baseline 0.01 -27"><span class='ocrx_word' id='word_1_284' title='bbox 362 3314 545 3396; x_wconf 83' lang='lat' dir='ltr'>imperatori</span> <span class='ocrx_word' id='word_1_285' title='bbox 557 3315 664 3393; x_wconf 91' lang='lat' dir='ltr'>datos,</span> <span class='ocrx_word' id='word_1_286' title='bbox 684 3336 788 3376; x_wconf 88' lang='lat' dir='ltr'>secum</span> <span class='ocrx_word' id='word_1_287' title='bbox 799 3337 834 3376; x_wconf 86' lang='lat' dir='ltr'>cx</span> <span class='ocrx_word' id='word_1_288' title='bbox 847 3316 971 3379; x_wconf 89' lang='lat' dir='ltr'>ecclesia</span> <span class='ocrx_word' id='word_1_289' title='bbox 983 3320 1017 3379; x_wconf 90' lang='lat' dir='ltr'>in</span> <span class='ocrx_word' id='word_1_290' title='bbox 1029 3316 1176 3401; x_wconf 85' lang='lat' dir='ltr'>palatium</span> <span class='ocrx_word' id='word_1_291' title='bbox 1189 3318 1354 3383; x_wconf 81' lang='lat' dir='ltr'>deferebat.</span> <span class='ocrx_word' id='word_1_292' title='bbox 1385 3325 1458 3386; x_wconf 89' lang='lat' dir='ltr'>Mit-</span> 
     </span>
     <span class='ocr_line' id='line_1_36' title="bbox 361 3397 1457 3489; baseline 0.011 -32"><span class='ocrx_word' id='word_1_293' title='bbox 361 3404 397 3457; x_wconf 91' lang='lat' dir='ltr'>to</span> <span class='ocrx_word' id='word_1_294' title='bbox 415 3397 487 3459; x_wconf 83' lang='lat' dir='ltr'>alia.</span> <span class='ocrx_word' id='word_1_295' title='bbox 528 3398 578 3459; x_wconf 90' lang='lat' dir='ltr'>De</span> <span class='ocrx_word' id='word_1_296' title='bbox 594 3400 772 3480; x_wconf 85' lang='lat' dir='ltr'>praepositis</span> <span class='ocrx_word' id='word_1_297' title='bbox 790 3399 921 3461; x_wconf 78' lang='lat' dir='ltr'>conserti</span> <span class='ocrx_word' id='word_1_298' title='bbox 943 3411 1070 3484; x_wconf 89' lang='lat' dir='ltr'>possunt</span> <span class='ocrx_word' id='word_1_299' title='bbox 1082 3402 1134 3461; x_wconf 90' lang='lat' dir='ltr'>Du</span> <span class='ocrx_word' id='word_1_300' title='bbox 1147 3402 1250 3487; x_wconf 84' lang='lat' dir='ltr'>Gange</span> <span class='ocrx_word' id='word_1_301' title='bbox 1272 3406 1306 3466; x_wconf 88' lang='lat' dir='ltr'>in</span> <span class='ocrx_word' id='word_1_302' title='bbox 1326 3416 1457 3489; x_wconf 77' lang='lat' dir='ltr'>utroque</span> 
     </span>
     <span class='ocr_line' id='line_1_37' title="bbox 363 3476 1456 3565; baseline 0.015 -28"><span class='ocrx_word' id='word_1_303' title='bbox 363 3478 520 3541; x_wconf 86' lang='lat' dir='ltr'>Glossario</span> <span class='ocrx_word' id='word_1_304' title='bbox 533 3480 568 3539; x_wconf 91' lang='lat' dir='ltr'>b.</span> <span class='ocrx_word' id='word_1_305' title='bbox 581 3500 614 3540; x_wconf 88' lang='lat' dir='ltr'>v.</span> <span class='ocrx_word' id='word_1_306' title='bbox 627 3480 794 3543; x_wconf 87' lang='lat' dir='ltr'>Fabrottus</span> <span class='ocrx_word' id='word_1_307' title='bbox 806 3484 839 3542; x_wconf 92' lang='lat' dir='ltr'>in</span> <span class='ocrx_word' id='word_1_308' title='bbox 853 3482 1007 3547; x_wconf 87' lang='lat' dir='ltr'>Glossario</span> <span class='ocrx_word' id='word_1_309' title='bbox 1019 3484 1058 3544; x_wconf 86' lang='lat' dir='ltr'>ad</span> <span class='ocrx_word' id='word_1_310' title='bbox 1072 3476 1264 3565; x_wconf 77' lang='lat' dir='ltr'>Ge&#39;drenum,</span> <span class='ocrx_word' id='word_1_311' title='bbox 1287 3488 1456 3553; x_wconf 83' lang='lat' dir='ltr'>Bacchinus</span> 
     </span>
    </p>
   </div>
   <div class='ocr_carea' id='block_1_3' title="bbox 239 3558 1457 3654">
    <p class='ocr_par' dir='ltr' id='par_1_3' title="bbox 239 3558 1457 3654">
     <span class='ocr_line' id='line_1_38' title="bbox 239 3558 1457 3654; baseline 0.011 -35"><span class='ocrx_word' id='word_1_312' title='bbox 239 3620 242 3626; x_wconf 83' lang='grc'><em>,</em></span> <span class='ocrx_word' id='word_1_313' title='bbox 364 3558 406 3621; x_wconf 86' lang='lat' dir='ltr'>ad</span> <span class='ocrx_word' id='word_1_314' title='bbox 416 3560 582 3644; x_wconf 84' lang='lat' dir='ltr'>Agnellum</span> <span class='ocrx_word' id='word_1_315' title='bbox 594 3584 628 3643; x_wconf 92' lang='lat' dir='ltr'>p.</span> <span class='ocrx_word' id='word_1_316' title='bbox 641 3584 708 3642; x_wconf 78' lang='lat'><strong>⁷⁰·‚</strong></span> <span class='ocrx_word' id='word_1_317' title='bbox 721 3564 776 3625; x_wconf 90' lang='lat' dir='ltr'>ubi</span> <span class='ocrx_word' id='word_1_318' title='bbox 788 3585 851 3625; x_wconf 93' lang='lat' dir='ltr'>non</span> <span class='ocrx_word' id='word_1_319' title='bbox 863 3566 1104 3649; x_wconf 85' lang='lat' dir='ltr'>improbabiliter</span> <span class='ocrx_word' id='word_1_320' title='bbox 1115 3570 1278 3646; x_wconf 85' lang='lat' dir='ltr'>existimat,</span> <span class='ocrx_word' id='word_1_321' title='bbox 1299 3575 1457 3654; x_wconf 88' lang='lat' dir='ltr'>praeposi-</span> 
     </span>
    </p>
   </div>
   <div class='ocr_carea' id='block_1_4' title="bbox 363 3644 1458 4327">
    <p class='ocr_par' dir='ltr' id='par_1_4' title="bbox 363 3644 1457 3869">
     <span class='ocr_line' id='line_1_39' title="bbox 363 3644 1456 3735; baseline 0.014 -31"><span class='ocrx_word' id='word_1_322' title='bbox 363 3651 433 3704; x_wconf 87' lang='lat' dir='ltr'>tum</span> <span class='ocrx_word' id='word_1_323' title='bbox 443 3646 522 3705; x_wconf 88' lang='lat' dir='ltr'>sacri</span> <span class='ocrx_word' id='word_1_324' title='bbox 533 3644 666 3705; x_wconf 85' lang='lat' dir='ltr'>cubiculi</span> <span class='ocrx_word' id='word_1_325' title='bbox 678 3645 718 3708; x_wconf 90' lang='lat' dir='ltr'>ab</span> <span class='ocrx_word' id='word_1_326' title='bbox 729 3646 860 3730; x_wconf 86' lang='lat' dir='ltr'>Agnello</span> <span class='ocrx_word' id='word_1_327' title='bbox 873 3652 1020 3713; x_wconf 89' lang='lat' dir='ltr'>maiorem</span> <span class='ocrx_word' id='word_1_328' title='bbox 1039 3650 1171 3712; x_wconf 92' lang='lat' dir='ltr'>cubiculi</span> <span class='ocrx_word' id='word_1_329' title='bbox 1183 3654 1368 3735; x_wconf 86' lang='lat' dir='ltr'>appellatum</span> <span class='ocrx_word' id='word_1_330' title='bbox 1380 3656 1456 3719; x_wconf 81' lang='lat' dir='ltr'>fuis·</span> 
     </span>
     <span class='ocr_line' id='line_1_40' title="bbox 363 3728 1457 3869; baseline 0.015 -84"><span class='ocrx_word' id='word_1_331' title='bbox 363 3744 462 3869; x_wconf 54' lang='lat' dir='ltr'>&#39;tilam</span> <span class='ocrx_word' id='word_1_332' title='bbox 451 3728 523 3869; x_wconf 83' lang='lat' dir='ltr'>DeM</span> <span class='ocrx_word' id='word_1_333' title='bbox 517 3747 573 3807; x_wconf 84' lang='lat' dir='ltr'>pra</span> <span class='ocrx_word' id='word_1_334' title='bbox 631 3729 696 3789; x_wconf 86' lang='lat' dir='ltr'>sitis</span> <span class='ocrx_word' id='word_1_335' title='bbox 718 3730 912 3814; x_wconf 89' lang='lat' dir='ltr'>cohortium,</span> <span class='ocrx_word' id='word_1_336' title='bbox 933 3744 986 3796; x_wconf 85' lang='lat' dir='ltr'>aut</span> <span class='ocrx_word' id='word_1_337' title='bbox 1009 3732 1191 3797; x_wconf 84' lang='lat' dir='ltr'>militaribus</span> <span class='ocrx_word' id='word_1_338' title='bbox 1208 3734 1274 3798; x_wconf 85' lang='lat' dir='ltr'>vid.</span> <span class='ocrx_word' id='word_1_339' title='bbox 1296 3736 1396 3800; x_wconf 82' lang='lat' dir='ltr'>Voles.</span> <span class='ocrx_word' id='word_1_340' title='bbox 1415 3740 1457 3801; x_wconf 89' lang='lat' dir='ltr'>ad</span> 
     </span>
    </p>

    <p class='ocr_par' dir='ltr' id='par_1_5' title="bbox 365 3809 1458 4327">
     <span class='ocr_line' id='line_1_41' title="bbox 449 3809 1458 3991; baseline 0.014 -40"><span class='ocrx_word' id='word_1_341' title='bbox 449 3830 591 3991; x_wconf 35' lang='grc' dir='ltr'>ᾗῇ,</span> <span class='ocrx_word' id='word_1_342' title='bbox 606 3809 786 3977; x_wconf 49' lang='grc' dir='ltr'>ιὸἦὲὄνοῖᾥ</span> <span class='ocrx_word' id='word_1_343' title='bbox 797 3898 1057 3983; x_wconf 76' lang='grc' dir='ltr'><strong><em>χρυσοτρικλίνῳ.</em></strong></span> <span class='ocrx_word' id='word_1_344' title='bbox 1075 3898 1195 3959; x_wconf 91' lang='lat' dir='ltr'>Dicitur</span> <span class='ocrx_word' id='word_1_345' title='bbox 1208 3899 1257 3961; x_wconf 92' lang='lat' dir='ltr'>bic</span> <span class='ocrx_word' id='word_1_346' title='bbox 1270 3905 1458 3984; x_wconf 87' lang='lat' dir='ltr'>praepositus</span> 
     </span>
     <span class='ocr_line' id='line_1_42' title="bbox 365 3974 1455 4063; baseline 0.013 -29"><span class='ocrx_word' id='word_1_347' title='bbox 365 3982 485 4053; x_wconf 65' lang='lat' dir='ltr'>mate,</span> <span class='ocrx_word' id='word_1_348' title='bbox 506 3974 540 4036; x_wconf 81' lang='lat' dir='ltr'>td</span> <span class='ocrx_word' id='word_1_349' title='bbox 559 3985 605 4036; x_wconf 80' lang='lat' dir='ltr'>est</span> <span class='ocrx_word' id='word_1_350' title='bbox 616 3980 744 4037; x_wconf 69' lang='lat' dir='ltr'>coeunte</span> <span class='ocrx_word' id='word_1_351' title='bbox 756 3980 788 4037; x_wconf 91' lang='lat' dir='ltr'>iu</span> <span class='ocrx_word' id='word_1_352' title='bbox 802 3982 979 4043; x_wconf 86' lang='lat' dir='ltr'>consistorio</span> <span class='ocrx_word' id='word_1_353' title='bbox 992 3983 1182 4063; x_wconf 88' lang='lat' dir='ltr'>processione</span> <span class='ocrx_word' id='word_1_354' title='bbox 1240 3985 1384 4062; x_wconf 86' lang='lat' dir='ltr'>otidiana,</span> <span class='ocrx_word' id='word_1_355' title='bbox 1404 3988 1455 4049; x_wconf 89' lang='lat' dir='ltr'>vel</span> 
     </span>
     <span class='ocr_line' id='line_1_43' title="bbox 366 4004 1458 4165; baseline 0.015 -50"><span class='ocrx_word' id='word_1_356' title='bbox 366 4068 692 4157; x_wconf 76' lang='lat' dir='ltr'>corpore&#39;procemm‚</span> <span class='ocrx_word' id='word_1_357' title='bbox 714 4062 767 4160; x_wconf 77' lang='lat' dir='ltr'>qpi</span> <span class='ocrx_word' id='word_1_358' title='bbox 790 4084 824 4123; x_wconf 83' lang='lat' dir='ltr'>ex</span> <span class='ocrx_word' id='word_1_359' title='bbox 846 4062 945 4163; x_wconf 80' lang='lat' dir='ltr'>officio</span> <span class='ocrx_word' id='word_1_360' title='bbox 958 4064 1094 4163; x_wconf 67' lang='lat' dir='ltr'>quotidie</span> <span class='ocrx_word' id='word_1_361' title='bbox 1117 4066 1150 4125; x_wconf 87' lang='lat' dir='ltr'>ia</span> <span class='ocrx_word' id='word_1_362' title='bbox 1173 4004 1275 4165; x_wconf 49' lang='lat' dir='ltr'>atillam</span> <span class='ocrx_word' id='word_1_363' title='bbox 1296 4072 1458 4131; x_wconf 87' lang='lat' dir='ltr'>convenire</span> 
     </span>
     <span class='ocr_line' id='line_1_44' title="bbox 368 4136 1457 4239; baseline 0.01 -38"><span class='ocrx_word' id='word_1_364' title='bbox 368 4136 540 4239; x_wconf 78' lang='lat' dir='ltr'>debebant,</span> <span class='ocrx_word' id='word_1_365' title='bbox 561 4164 711 4225; x_wconf 82' lang='lat' dir='ltr'>mgressus</span> <span class='ocrx_word' id='word_1_366' title='bbox 729 4167 763 4206; x_wconf 83' lang='lat' dir='ltr'>ut</span> <span class='ocrx_word' id='word_1_367' title='bbox 782 4144 1056 4229; x_wconf 82' lang='lat' dir='ltr'>Chrysotrrclrnum</span> <span class='ocrx_word' id='word_1_368' title='bbox 1076 4148 1271 4211; x_wconf 81' lang='lat' dir='ltr'>admonuisse</span> <span class='ocrx_word' id='word_1_369' title='bbox 1292 4150 1457 4233; x_wconf 86' lang='lat' dir='ltr'>Imperato-</span> 
     </span>
     <span class='ocr_line' id='line_1_45' title="bbox 368 4222 1454 4327; baseline 0.009 -40"><span class='ocrx_word' id='word_1_370' title='bbox 368 4240 434 4287; x_wconf 78' lang='lat' dir='ltr'>rem</span> <span class='ocrx_word' id='word_1_371' title='bbox 445 4222 486 4327; x_wconf 75' lang='lat' dir='ltr'>de</span> <span class='ocrx_word' id='word_1_372' title='bbox 496 4234 630 4292; x_wconf 78' lang='lat' dir='ltr'>restante</span> <span class='ocrx_word' id='word_1_373' title='bbox 641 4227 729 4291; x_wconf 80' lang='lat' dir='ltr'>sesto.</span> <span class='ocrx_word' id='word_1_374' title='bbox 772 4229 875 4310; x_wconf 81' lang='lat' dir='ltr'>Quare</span> <span class='ocrx_word' id='word_1_375' title='bbox 887 4242 989 4296; x_wconf 86' lang='lat' dir='ltr'>autem</span> <span class='ocrx_word' id='word_1_376' title='bbox 1001 4233 1033 4295; x_wconf 93' lang='lat' dir='ltr'>in</span> <span class='ocrx_word' id='word_1_377' title='bbox 1056 4230 1350 4316; x_wconf 83' lang='lat' dir='ltr'>Chrysotriclinum?</span> <span class='ocrx_word' id='word_1_378' title='bbox 1389 4236 1454 4297; x_wconf 90' lang='lat' dir='ltr'>Sci·</span> 
     </span>
    </p>
   </div>
   <div class='ocr_carea' id='block_1_5' title="bbox 0 0 1505 4892">
    <p class='ocr_par' dir='ltr' id='par_1_6' title="bbox 0 0 1505 4892">
     <span class='ocr_line' id='line_1_46' title="bbox 0 0 1505 4892; baseline 0 0"><span class='ocrx_word' id='word_1_379' title='bbox 0 0 1505 4892; x_wconf 95' lang='lat' dir='ltr'> </span> 
     </span>
    </p>
   </div>
  </div>
 </body>
</html>
