2975 4892
267 321 326 390 au
357 318 624 394 scrumosu-
640 325 717 394 us.
745 331 773 394 ι.
806 331 863 394 ns
890 329 1087 399 csmuou
1145 307 1232 422 493

149 499 260 556 ruere,
277 481 341 544 lato
360 481 491 566 quodam
511 505 566 548 suo
585 495 617 548 et
638 485 753 549 insania
773 487 993 551 monachorum
1013 489 1235 579 praetulerunt,

145 567 194 650 ¹sic
218 567 309 626 etiam
337 577 473 629 veterum
502 589 611 630 nomen
638 571 852 652 repudiarunt,
875 593 907 634 se
927 573 1080 637 Romanos
1102 577 1235 660 appella·

150 659 225 710 rum
245 659 276 709 et
295 649 353 712 diei
383 649 564 730 voluerunt,
586 645 695 734 Ἕλλην
715 665 815 715 autern
836 677 892 737 pro
910 660 1083 738 turpissimo
1102 661 1236 720 consitio

148 742 341 814 reputarunt.
380 727 491 814 Ἕλλην
513 733 570 798 illis
590 746 635 796 est
655 737 735 798 idern
757 749 849 821 atque
867 761 1029 824 paganus,
1049 741 1233 818 idololatra,

149 825 183 876 et
208 809 383 896 Ἑλληνικὸς
404 815 484 876 idern
505 827 597 900 atque
616 819 746 900 gentilis.

237 899 274 960 Β.
289 898 319 959 5.
343 897 510 1044 [ippqlrr]
532 897 774 982 oiorrxeirapor.
815 903 993 981 Frnrhrorrle,
1017 905 1149 983 uberum,
1164 926 1235 968 enm

150 1001 217 1042 non
237 983 371 1044 nimioo
411 986 416 998 ‘
442 982 466 1042 is
494 994 584 1066 atque
603 983 767 1068 elegantiae
794 987 905 1050 studio.
948 989 1028 1050 ilinc
1048 999 1157 1073 putant
1177 990 1235 1050 ali·

149 1066 206 1146 qui
229 1064 343 1126 dictum
366 1067 549 1146 Platonem,
568 1069 650 1150 quod
684 1069 748 1130 eius
767 1072 864 1131 oratio
887 1069 1051 1132 luxuriaret
1078 1083 1108 1132 et
1128 1071 1235 1134 falcem

150 1159 326 1230 pateretur,
347 1150 430 1232 quod
452 1169 529 1232 quae
549 1151 691 1212 brevibus
718 1153 779 1212 diei
797 1156 981 1236 potuissent,
1014 1175 1069 1237 per
1094 1155 1235 1238 ambages

150 1234 326 1293 enuntiaret
352 1242 383 1294 et
421 1233 544 1294 iteraret
576 1237 704 1316 saepius.
731 1235 805 1296 vid.
840 1237 968 1320 Diogen.
988 1239 1087 1298 mere
1107 1259 1139 1320 p.
1167 1225 1237 1300 itio.

149 1325 181 1374 et
203 1335 236 1394 p.
260 1314 330 1396 267.
356 1335 403 1376 ra.
421 1360 431 1393 ,
451 1314 504 1375 ubi
524 1317 613 1378 Timo
629 1316 834 1400 sillographos
856 1322 912 1402 ipsi
933 1314 991 1399 τὴν
1010 1311 1236 1402 πλατυῤῥημο-

149 1389 252 1476 erispa
273 1397 403 1460 obiectat
420 1408 450 1458 et
472 1399 571 1480 ipsum
581 1389 747 1462 dedituros
768 1401 908 1484 appellat,
930 1399 1034 1485 qrmles
1056 1413 1126 1466 sunt
1139 1423 1236 1486 aquae

150 1482 302 1540 πλατεῖαι
320 1481 400 1562 npud
422 1480 608 1544 Herodotum
630 1493 659 1544 et
683 1484 918 1566 Hippocratem,
940 1505 1076 1557 crassae,
1157 1507 1236 1547 esa-

151 1559 190 1622 lis
208 1573 241 1622 et
263 1563 379 1624 roboris
407 1585 515 1647 parum
550 1566 641 1648 idque
661 1564 750 1628 valde
769 1567 898 1629 dilutum
920 1567 1033 1630 habent
1051 1579 1082 1630 et
1114 1573 1237 1652 inguam

149 1666 263 1726 pamm
284 1645 428 1708 alliciunt.
472 1647 562 1708 Conf.
584 1649 636 1708 Du
649 1647 751 1732 Gange
770 1671 802 1710 v.
815 1645 951 1721 flia'roc·

239 1727 278 1788 C.
295 1750 323 1794 a.
345 1729 431 1814 [457,
460 1729 525 1814 ¹9¹]
546 1729 602 1792 rori
623 1727 829 1814 φιλοχρίστου
858 1726 1017 1795 δεσπότου.
1055 1731 1158 1794 Etiam
1177 1731 1237 1794 hoe

150 1809 361 1892 praedicatum
384 1814 415 1874 in
439 1813 535 1874 titulis
545 1815 643 1896 lmpp.
663 1813 857 1875 CPtanorum
871 1815 960 1876 valde
977 1815 1130 1898 frequens,
1149 1837 1237 1897 prae-

148 1897 257 1956 sertim
297 1895 460 1970 Micha‘ele,
499 1895 660 1978 Theophili
685 1908 715 1958 et
735 1898 915 1960 Theodorae
934 1897 1015 1971 filio,
1038 1899 1237 1982 posteriorum

149 1980 315 2052 omniurn,
337 1981 391 2060 qui
411 1978 533 2040 titulum
554 1979 635 2040 hunc
656 1980 694 2040 de
714 2001 799 2040 more
813 1991 843 2042 et
862 1982 928 2042 iure
947 1981 991 2042 sie
1012 1992 1183 2064 gessemnt,
1202 1992 1239 2042 ut
1340 2045 1343 2051 ,

151 2082 240 2143 reges
268 2061 414 2124 Francius
452 2061 575 2123 titulum
612 2063 854 2124 Chrr'stiaurisimr'
889 2075 920 2125 et
962 2083 1047 2146 reges
1076 2064 1238 2145 Hispaniae

153 2145 305 2204 Catholici
322 2147 410 2227 regri.
457 2145 533 2206 Nam
561 2156 630 2206 ante
649 2145 735 2206 illum
753 2146 932 2208 Michaiilem
959 2146 1082 2207 hrenum
1103 2147 1238 2228 lmpcrs·

151 2237 257 2287 torum
269 2226 374 2301 multi,
395 2231 448 2311 qui
470 2249 517 2302 eo,
541 2227 622 2310 quod
638 2230 678 2288 im
719 2231 780 2290 ines
799 2241 972 2292 sanctorum
992 2241 1022 2292 et
1042 2229 1155 2290 Christi
1174 2250 1237 2291 non

109 2309 111 2318 '
150 2321 375 2374 venerarentur
421 2321 453 2372 et
478 2321 622 2393 tanquam
648 2312 701 2372 ido
711 2311 836 2374 olatriae
871 2313 1023 2374 luculenta
1059 2324 1236 2394 argrrrnenta

151 2395 324 2476 statuisque
351 2394 510 2454 numinum
531 2394 687 2476 gentilium
708 2395 806 2456 hilum
825 2417 888 2457 non
907 2397 1087 2471 unctiores,
1107 2417 1170 2456 non
1190 2396 1240 2456 di·

151 2497 279 2552 verses,
300 2487 465 2538 mammatae
485 2477 558 2538 orbe
589 2477 760 2538 Christiano
780 2478 906 2557 vellent,
926 2489 1102 2539 meruerunt
1121 2478 1179 2540 hoc
1199 2477 1239 2538 ti·

150 2560 222 2621 tulo
242 2558 284 2619 ab
304 2558 425 2622 insulsis
454 2559 609 2620 monachis
639 2563 775 2642 privari,
804 2561 916 2643 quibua
942 2560 1038 2642 logica
1057 2581 1113 2622 sua
1131 2560 1241 2621 suade·

150 2641 229 2719 bat,
250 2643 403 2704 neminem
423 2663 510 2726 posse
531 2643 686 2703 Christum
706 2663 827 2721 amare,
849 2645 902 2726 qui
921 2646 1036 2724 pictum
1055 2642 1172 2724 lignum
1186 2653 1241 2704 aut

150 2725 294 2786 dolatum
323 2725 354 2785 in
384 2725 515 2787 cruciiixi
545 2725 673 2807 figuram
692 2725 804 2787 divinis
822 2726 990 2787 honoribus
1008 2745 1071 2786 uon
1091 2725 1238 2800 haberer,

152 2819 208 2870 ant
229 2807 390 2870 concidere
410 2809 459 2871 vel
479 2809 656 2870 comburere
682 2807 818 2868 auderet.
844 2809 1012 2892 Postquam
1044 2817 1161 2882 autern,
1190 2828 1242 2868 re·

151 2903 271 2974 gnante
299 2890 430 2952 foemina
458 2894 682 2974 superstitiosa,
704 2891 786 2952 clero
803 2911 865 2952 non
885 2894 979 2974 magis
999 2911 1073 2952 sano
1092 2891 1240 2972 obnoxia,

150 2977 279 3036 vicisset
295 2975 418 3034 tandem
437 2973 568 3036 deterior
587 2996 656 3057 pars
685 2959 896 3057 adcitumque
915 2976 946 3035 in
967 2973 1094 3036 concilio
1114 2974 1240 3052 fuisset,

151 3077 229 3118 eum
250 3077 307 3138 pm
328 3059 421 3139 impio
434 3057 629 3136 habendum,
650 3057 725 3119 diris
743 3059 884 3120 omnibus
902 3055 1113 3120 devoventium
1132 3067 1164 3118 et
1183 3053 1241 3117 bo-

130 3139 285 3213 ¹nuribus
313 3140 452 3202 omuibus
474 3141 663 3222 spoliandum
684 3161 771 3218 esse,
845 3141 995 3223 iputidss
1015 3141 1158 3223 imagines
1178 3158 1242 3199 non

151 3243 277 3286 summo
298 3223 331 3284 in
352 3221 419 3284 loco
439 3233 469 3284 et
488 3224 583 3284 oculis
603 3229 664 3286 suis
693 3227 791 3286 carius
836 3224 962 3286 aberet:
987 3243 1084 3305 eoque
1102 3223 1240 3298 factum,

150 3318 188 3368 ut
210 3303 263 3368 vel
292 3305 444 3366 fortissimi
472 3305 668 3388 Imperatores
696 3307 880 3368 camarinam
902 3307 981 3368 hanc
1002 3325 1125 3366 movere
1144 3315 1175 3364 et
1194 3303 1242 3363 iu-

150 3399 263 3451 mento
283 3409 338 3449 suo
358 3387 415 3450 sibi
436 3389 549 3450 malum
583 3411 732 3452 arcessere
751 3411 813 3450 non
834 3389 1002 3452 auderent:
1026 3389 1136 3448 mansit
1156 3385 1242 3448 deiu-

151 3493 230 3554 ceps
253 3470 443 3554 philochristi
475 3483 505 3534 et
531 3471 693 3535 orthodoxi
728 3472 835 3534 titulus
856 3470 1091 3553 lmperatoribus
1110 3469 1242 3530 illibatus

152 3567 185 3618 et
206 3552 353 3616 omnibus
373 3556 552 3618 communis.
592 3557 686 3617 Leoni
707 3566 807 3615 autem
829 3555 953 3627 lsauro,
975 3551 1241 3614 Constantino&-

149 3657 332 3722 pronymo,
353 3638 448 3700 Leoni
469 3638 629 3717 Armeno,
651 3637 792 3698 michaeli
814 3637 909 3698 Balbo
930 3647 961 3696 et
981 3639 1046 3697 eius
1065 3633 1127 3696 lilio
1140 3634 1243 3695 Theo-

151 3721 244 3804 philo
277 3741 435 3801 nunquam
469 3721 571 3784 videas
612 3743 682 3782 eum
717 3721 836 3794 tribui,
871 3720 1011 3802 quamvis
1037 3715 1157 3781 saeculo
1184 3717 1242 3778 lv.

151 3807 217 3866 iam
239 3801 271 3862 in
293 3824 352 3864 usu
372 3813 474 3881 essct',
496 3815 531 3865 ut
552 3814 668 3866 constat
696 3823 731 3864 ex
751 3801 901 3901 Apologia
922 3802 1081 3862 Athanasii
1101 3800 1141 3862 ad
1161 3800 1243 3895 Coq-

152 3888 324 3950 stantium:
346 3881 363 3944 ὃ
398 3883 473 3960 λαός
494 3881 576 3946 πάνυ
593 3881 692 3960 natale
714 3881 767 3948 roi
783 3904 931 3957 τοσοντος
951 3876 1013 3966 ἦν,
1037 3877 1110 3946 ὅσον
1128 3875 1169 3942 ἄν
1188 3901 1244 3942 sv-

154 3971 264 4046 ξαινιο
286 3962 364 4030 sard
398 3961 490 4030 πόλιν
507 3967 630 4112 pquavis
659 3973 691 4031 in
715 3967 806 4052 urbe]
828 3959 909 4030 alvos
929 3965 1129 4049 Χριστιανῶν
1150 3958 1244 4044 φιλό-

152 4070 285 4132 χριστοι
304 4051 455 4129 βασιλεῖς.
523 4074 543 4112 ιι
565 4052 702 4114 Concilio
736 4052 795 4112 Vl.
829 4050 997 4133 appellatur
1029 4047 1244 4112 Constantinus

154 4135 334 4216 Pogonatua
362 4127 379 4194 ὅ
401 4130 625 4210 εὐσεβέστατος
652 4129 708 4194 sal
726 4131 928 4216 φιλόχριστος
955 4132 1053 4212 μέγας
1081 4121 1243 4207 βασιλεύς.

154 4215 278 4280 Verum
298 4237 361 4278 uon
381 4215 453 4278 solis
472 4217 706 4302 Imperatorihua
726 4218 884 4300 proprium
917 4227 982 4278 erat
1002 4213 1207 4296 praedicatum
1225 4203 1243 4270 ὅ
