2975 4892
198 321 254 389 ro
285 317 509 389 cous-run.
539 321 688 390 mern.
717 323 773 388 on
805 322 943 392 cmm.
973 327 1050 394 tn.
1078 335 1105 395 ι.
1133 305 1215 408 46ι

199 582 202 591 ¹
386 479 515 615 sos*
538 470 652 584 h,tui
666 485 749 566 33
763 489 812 550 u
834 483 910 556 su
933 483 977 554 oi

223 608 351 780 ...0
369 577 540 778 {⁴¹⁴⁴
559 569 833 778 aas
855 585 956 777 st.
976 712 1119 761 i..
1139 721 1220 762 ..s

244 791 375 920 WJ,
394 777 731 922 disffl'tlffl
756 779 884 874 summ
899 801 1073 880 “W‘’
1095 783 1217 866 “W‘’

259 881 361 1003 illa
375 873 726 1006 ffimiiinni}
748 864 1009 943 msm
1026 879 1146 950 ‘'W‘’
1166 889 1222 930 ω’

134 1039 189 1102 ubi
223 1039 404 1102 scholiastes
435 1025 537 1120 dlyffll
562 1027 695 1142 &elffii
721 1044 836 1106 Verum
866 1054 898 1106 et
926 1065 985 1106 ror
1016 1043 1070 1108 illa
1099 1049 1220 1130 position

136 1136 180 1185 est
208 1134 240 1184 ct
269 1123 310 1184 ab
329 1143 388 1185 usn
417 1125 536 1208 vulgari
564 1137 702 1202 remota,
719 1137 749 1186 et
777 1137 975 1210 syrmatosarn
995 1125 1087 1190 titisse
1105 1142 1221 1194 restem

135 1208 481 1352 mittut?
503 1208 1219 1375 euthichianistae

134 1375 249 1453 pariter
270 1373 418 1434 vocabulo
437 1375 610 1446 sombdh,
630 1393 690 1456 pro
706 1396 768 1456 quo
788 1377 878 1436 etiam
896 1377 1041 1438 muham
1060 1376 1216 1442 dicebant.

134 1457 213 1516 Bet
235 1477 289 1534 ιη,
323 1457 436 1518 itemn
463 1459 529 1518 etl
564 1459 748 1542 permutari,
774 1469 881 1518 notum
906 1469 962 1522 est.
1003 1459 1071 1520 Hoc
1098 1465 1216 1542 posito,

132 1559 333 1610 ammarum,
357 1545 582 1602 soramnrmr'um
601 1539 692 1602 luerit
713 1541 798 1601 initio
817 1540 933 1602 dictum
959 1563 1017 1624 pro
1035 1545 1214 1616 mrum,

133 1620 243 1684 deinde
260 1625 510 1704 scammmqrhm,
539 1643 635 1705 quum
654 1622 763 1684 Graeci
790 1632 822 1684 et
841 1625 941 1685 Latini
970 1625 1122 1704 gemimus
1137 1647 1160 1688 n
1181 1639 1218 1690 ut

131 1725 171 1786 ng
188 1703 240 1764 vel
271 1725 312 1784 gn
332 1708 364 1766 in
393 1725 469 1766 voce
492 1707 658 1788 Bremgroe,
690 1727 805 1788 gagrrer
830 1725 859 1766 e.
887 1725 937 1781 c.,
971 1711 1213 1789 pronuntiarent.

131 1787 190 1849 Sed
211 1798 243 1848 et
261 1785 333 1847 huic
352 1789 486 1872 opinioni
506 1801 626 1870 praeter
647 1787 707 1848 alia
729 1788 761 1847 id
781 1787 932 1865 obstaret,
964 1789 1047 1872 quod
1067 1791 1217 1854 saraballa

132 1869 221 1932 horit
242 1869 388 1952 amplum,
409 1882 506 1932 totum
520 1871 674 1934 bominem
695 1869 870 1942 involvens,
893 1881 924 1933 et
944 1874 972 1932 ci
1035 1871 1065 1933 lo
1086 1876 1119 1933 in
1133 1871 1215 1934 lum-

130 1951 177 2014 bis
210 1953 359 2036 adstringi
388 1953 530 2032 solitum,
559 1955 641 2037 quod
671 1973 707 2014 ex
734 1953 789 2014 illo
818 1952 954 2016 Chaliiae
1018 1958 1024 1971 “
1067 1959 1112 2016 'us
1132 1957 1216 2040 apud

129 2035 315 2098 Abulfedurn
348 2037 430 2099 dicto
459 2047 560 2120 patet,
595 2036 773 2098 affirmantis
793 2057 865 2118 erga
884 2036 1036 2098 Cadbium
1056 2039 1216 2101 mirantem

130 2135 285 2196 adstantes
304 2136 433 2222 principi
455 2137 603 2220 speciosos
623 2138 747 2197 iuvenes
766 2133 953 2217 spatharios,
973 2123 1034 2195 Η
1056 2125 1164 2198 aaa&
1189 2127 1216 2191 b

128 2223 207 2290 ubl
240 2227 295 2306 dit
325 2225 438 2320 &pisa
485 2248 573 2320 super
593 2226 742 2295 'nemrirem
764 2255 864 2294 comm
888 2257 918 2295 se
936 2237 1214 2320 qurrcsnsnmbol-

127 2319 188 2378 Iam
207 2339 293 2379 sunm
308 2320 445 2394 solvisse,
468 2317 501 2378 id
521 2329 565 2378 est
586 2337 741 2400 nunquam
753 2337 859 2376 eorum
876 2318 1051 2400 pudicitiam
1073 2321 1214 2401 improbe

128 2411 269 2464 tentasse.
290 2399 384 2483 Atqui
399 2401 457 2462 boc
471 2401 503 2471 in
516 2403 702 2482 superiorein
711 2410 844 2460 nostram
856 2403 1051 2482 scaramangii
1061 2401 1213 2484 descripti·

127 2505 217 2546 ouem
238 2505 299 2544 non
317 2487 466 2566 congruit.
487 2483 560 2544 Fuit
574 2503 699 2564 quoque
711 2503 806 2564 quum
817 2485 900 2542 vocis
911 2479 1118 2562 nnyopdmor
1132 2490 1215 2567 (qno-

126 2569 218 2629 modo
242 2566 459 2650 chlamydem,
481 2576 555 2628 teste
575 2563 788 2646 Etymologico
810 2566 871 2641 M,
893 2565 1081 2648 sequioribus
1095 2577 1213 2650 tempo-

126 2651 212 2714 ribus
243 2649 435 2732 appellabant
444 2655 466 2729 ‚l
487 2647 545 2710 sub
565 2667 640 2708 voce
659 2658 763 2708 nostra
783 2645 875 2708 latere
896 2647 1096 2730 corruptelam
1116 2653 1213 2734 suspi-

125 2755 223 2796 carer.
263 2733 401 2797 Tandem
431 2737 464 2794 iu
485 2752 522 2792 eo
540 2729 687 2792 hactenus
709 2732 886 2812 acquiesco,
908 2739 944 2790 ut
963 2731 1084 2790 credam
1106 2753 1214 2794 vocem

124 2815 204 2878 hanc
223 2816 404 2893 Gothicam,
425 2816 459 2877 id
478 2825 523 2875 est
536 2810 713 2874 Saxonicum
735 2823 788 2872 aut
806 2813 1031 2890 Germanicam,
1052 2833 1126 2874 esse.
1149 2817 1213 2876 Go-
1296 2845 1303 2860 ι

124 2899 195 2960 thos
214 2899 308 2960 luisse
327 2901 442 2959 vicima
474 2895 590 2957 accolas
610 2892 777 2968 Thraciae,
800 2917 835 2956 ex
859 2897 983 2976 antiqua
1003 2895 1128 2957 historia
1149 2898 1213 2960 Va-

122 2981 214 3042 lentis
237 2983 312 3063 lurp.
333 2993 419 3042 etex
440 3001 476 3042 eo
497 2989 633 3054 constat,
661 2979 743 3062 quod
767 2977 869 3038 adbuc
886 2976 977 3040 bodie
1002 2980 1082 3060 apud
1100 2979 1213 3044 incolas

123 3064 305 3126 Chersonesi
327 3063 494 3124 Cimbricae
514 3083 682 3123 sermonem
703 3065 735 3126 in
759 3081 817 3122 usu
838 3082 901 3122 esse
937 3064 1022 3122 aiunt
1050 3073 1103 3122 aut
1122 3083 1213 3146 pror-

122 3169 173 3208 sus
192 3147 359 3209 Gothicum
380 3148 557 3228 antiquum,
587 3155 640 3205 aut
661 3147 724 3206 eius
746 3155 827 3205 certe
846 3143 1000 3228 reliquias.
1041 3145 1212 3228 specimina

121 3229 260 3311 profecto
281 3231 362 3292 illius
382 3231 546 3304 sermonis,
567 3249 645 3310 quae
664 3226 831 3288 Rusbelius
850 3225 987 3310 Epistola
1008 3227 1063 3287 lv.
1086 3249 1119 3310 p.
1136 3227 1208 3308 244.

121 3313 227 3388 dedit,
264 3312 417 3374 luculenta
451 3311 584 3396 produnt
612 3313 738 3393 vestigia
768 3311 950 3372 Germanici.
1004 3308 1120 3370 Gothos
1139 3310 1213 3372 olim

121 3398 204 3457 droa
223 3393 443 3479 Borysthenem
464 3394 642 3477 habitasse,⁸
655 3391 833 3456 llorentibus
851 3394 941 3454 rebus
962 3393 1084 3451 Graecis
1103 3401 1134 3452 et
1150 3393 1213 3453 Ro-

120 3481 243 3557 mauis,
262 3478 387 3558 deinde,
418 3477 645 3562 indulgentibus
675 3475 913 3560 Imperatoribus
933 3473 1132 3536 Constantino
1163 3477 1209 3537 M.

118 3561 215 3643 paulo
249 3561 472 3644 antiquioribus
501 3573 531 3622 et
550 3557 732 3637 iunioribus,
759 3561 884 3641 propius
906 3555 947 3617 ad
972 3555 1077 3617 orbem
1098 3558 1212 3619 Roma-

119 3665 197 3706 num
216 3647 344 3706 miecto
368 3643 513 3705 Danubio
548 3643 743 3720 concessisse,
772 3641 909 3722 loquitur
928 3651 1015 3701 vetus
1035 3639 1160 3702 historia
1179 3653 1210 3704 et

119 3727 270 3790 Saronico
300 3726 403 3810 lingua
438 3728 469 3788 in
489 3725 712 3788 Traussilvauia
739 3733 900 3806 superstes.
958 3721 1094 3784 Credunt
1114 3723 1209 3803 vulgo

120 3809 267 3871 Carolum
288 3811 334 3870 Μ.
362 3809 511 3873 coloniam
540 3809 690 3871 Saxonum
720 3809 753 3868 iu
774 3807 899 3868 Daciam
920 3805 1086 3868 deduxisse.
1129 3807 1209 3868 Mihi

119 3913 193 3954 vero
214 3893 247 3953 id
268 3891 402 3954 fabulam
423 3893 551 3955 redolet.
594 3891 733 3972 Denique
755 3887 847 3950 Gothi
867 3887 955 3949 multi
973 3901 1060 3951 erant
1081 3892 1113 3950 in
1134 3889 1209 3951 mili

119 3977 162 4036 tia
180 3975 343 4058 palatina,
376 3975 474 4039 saltim
504 3973 624 4036 sacculo
644 3975 751 4057 quinto
771 3983 802 4033 et
822 3983 925 4048 sexto3
947 3992 966 4035 a
988 3972 1101 4055 quibus
1116 3992 1209 4033 roca-

120 4055 228 4120 bulum
249 4061 489 4140 scaramagniurn
523 4079 594 4118 cum
623 4077 655 4117 re
675 4067 706 4116 ct
725 4058 893 4116 immisamn
914 4059 947 4116 in
968 4055 1074 4117 orbem
1093 4055 1208 4116 Roma·

119 4160 194 4200 num
216 4153 247 4202 et
268 4141 307 4202 ad
339 4153 473 4222 posteros
493 4141 703 4200 transmissum
723 4139 815 4201 {sisae
837 4139 934 4200 videri
955 4150 1072 4220 queat,
1092 4147 1128 4196 ut
1148 4135 1208 4197 fuit

121 4222 303 4286 vocabulum
325 4225 500 4286 Chosdaitae
519 4245 547 4284 e.
570 4245 599 4283 c.
641 4221 673 4284 Si
695 4223 787 4305 igitur
806 4221 953 4284 aGotbio
968 4221 1018 4285 vel
1038 4217 1207 4282 Senonibus
