2975 4892
173 293 230 359 no
257 295 479 363 cossam.
503 291 652 359 ronan
686 297 741 359 ua
770 293 904 360 canu.
935 297 1008 362 ua.
1038 297 1078 360 11.
1114 269 1189 383 781
1213 379 1217 390 ¹

114 451 374 533 fiootlonloipwo.
417 453 453 514 ln
479 453 525 513 tt.
566 461 612 515 est
633 452 828 533 βασιλοιιλο).
869 451 1085 536 Apograpbum
1105 453 1197 518 dede·
1293 519 1299 538 ,

115 547 168 598 rat
184 537 413 616 βασιλικοπλη.

204 617 241 678 C.
260 617 294 698 4.
315 617 401 700 [aaa
420 615 484 700 att]
506 609 655 695 καράβια.
697 617 775 679 Sunt
803 619 921 701 navigia
952 620 1091 694 minora,
1163 639 1198 682 ae

20 752 21 755 ,
118 700 286 764 maioribus
316 701 494 762 inserviunt.
545 699 619 762 Tale
651 703 806 783 navigium
830 701 964 784 designat
990 703 1095 764 vora
1153 705 1199 764 ica

120 784 209 886 agli,
229 800 312 871 upde
331 799 405 860 haec
418 799 511 878 orta3‘
525 822 558 860 v.
569 801 621 860 Du
633 800 735 882 Cange
755 821 788 860 v.
804 799 942 864 Carabua
981 800 1051 862 Non
1071 801 1200 863 conlim-

121 899 221 960 denda
240 901 353 982 speciae
370 900 443 960 haec
462 919 532 962 cum
553 899 647 960 altera
667 901 792 959 navium
823 901 920 982 speeie
950 896 1051 984 ψῑῤ,
1098 899 1200 960 Go'rcb

121 1003 178 1043 seu
210 1003 316 1044 corvus
343 981 446 1061 dicta,
467 983 548 1044 unde
568 983 668 1043 Latini
689 1003 743 1043 sua
761 982 878 1064 golabia
897 985 1113 1059 nominarunt3
1136 983 1198 1044 vid.
1261 1031 1268 1042 .

20 1148 22 1153 ‚
120 1065 233 1126 Caffari
256 1063 389 1126 Annales
407 1068 580 1126 Ganuenses
606 1067 645 1126 T.
675 1065 730 1125 Vl.
754 1065 820 1126 Ser.
845 1065 916 1126 Rer.
939 1063 1007 1126 ltal.
1031 1065 1144 1126 Murat.
1169 1085 1201 1149 p.

20 1174 21 1180 ¹
125 1149 199 1210 261.
222 1160 253 1208 et
271 1148 322 1208 Du
337 1148 438 1231 Gange
459 1169 491 1208 v.
515 1149 649 1218 Golafri.

20 1233 24 1266 ’·
204 1231 239 1332 C:
257 1228 407 1374 plotio,
421 1229 489 1334 ²9⁶]
514 1229 748 1330 {aperturum
785 1231 934 1330 Videntur·
958 1229 1049 1330 iidem
1071 1247 1134 1290 esse
1154 1240 1200 1291 at·

149 1335 186 1411 ·‘·²
205 1314 597 1458 ⁰t.“ttt.'¹t⁹‘².'''tl‘t
615 1313 1200 1475 iiiiffitq‘idlimlllilK‘P*

156 1409 249 1538 tlml).
269 1499 301 1539 a.
322 1477 406 1562 [aaa
421 1442 466 1560 bl]
492 1440 719 1539 Mooooolrvol.
756 1418 996 1540 ‘Videntur’esse
1015 1478 1131 1540 Arabes
1149 1487 1202 1538 aut

20 1596 28 1607 ·
84 1619 90 1632 ,
120 1563 236 1706 {tullii
244 1561 459 1704 extiprovincia
491 1559 656 1622 Musuleusi
674 1581 727 1622 seu
751 1581 768 1621 e
789 1555 1003 1644 Mesopotamia
1023 1559 1102 1624 bello
1122 1559 1202 1642 eapti

20 1670 21 1688 2
237 1665 274 1704 uc
302 1687 311 1704 .

211 1728 251 1794 D.
271 1727 299 1789 3.
331 1725 417 1810 1661,
433 1724 478 1808 4.]
510 1725 655 1804 Τοῦρκοι.
696 1725 776 1788 Sunt
802 1729 856 1810 qui
879 1725 970 1787 hodie
992 1724 1129 1808 Hungari
1156 1723 1202 1786 di·

20 1830 24 1860 2
121 1821 245 1872 cuntur.
297 1809 370 1872 Nam
394 1805 540 1870 hodierna
559 1809 715 1894 Hungaria
731 1809 804 1870 olim
822 1808 934 1870 Turcia
955 1809 1105 1870 audiebat.

206 1894 248 1953 D.
270 1892 301 1971 d.
324 1893 413 1977 [661,
429 1891 478 1978 5.]
504 1893 627 1972 βουλῆς.
671 1893 741 1953 Non
762 1891 889 1970 dubito,
911 1903 1059 1952 mareote
1081 1911 1204 1972 expres·

124 1977 198 2042 stae
217 1974 428 2060 compendium
447 1976 632 2058 scripturae,
655 1975 737 2057 quod
757 1977 788 2036 ln
809 1975 990 2036 membranis
1007 1987 1071 2036 erat
1083 2020 1092 2050 ,
1105 1975 1205 2056 llovlp

20 2078 27 2115 ἵ
123 2075 187 2135 Nos
212 2075 288 2137 tales
316 2076 497 2137 volutante
541 2072 743 2159 appellamus,
777 2073 894 2136 Arabes
921 2058 1063 2156 &pb-⁹2¹,
1100 2072 1204 2136 Muta-

20 2254 21 2259 ’
123 2159 313 2325 ²1¹ngss
326 2239 412 2326 [661,
429 2240 477 2325 7.]
495 2187 673 2321 Herulr‘up
719 2239 910 2303 Vocabulum
931 2241 1034 2303 ltaliae
1055 2241 1204 2302 strictiore

19 2336 26 2370 1
124 2343 215 2386 senata
242 2323 292 2384 bre
327 2325 506 2386 sumendum
535 2335 610 2408 ast„
628 2345 689 2407 quo
717 2345 825 2408 nempe
852 2328 929 2386 sumi
945 2346 987 2388 eo
1017 2323 1134 2386 saeculo
1154 2345 1203 2386 so·

124 2402 221 2468 lebat.
261 2407 379 2469 ltaliam
401 2408 482 2468 enim
511 2407 610 2468 medio
636 2427 711 2468 aevo
733 2407 924 2490 appellabant
944 2408 996 2485 id,
1011 2409 1093 2490 quod
1113 2408 1204 2469 bodie

20 2507 23 2539 f
125 2489 343 2552 lombardiam
363 2490 503 2568 dicimus,
524 2489 598 2551 olim
620 2487 752 2550 Galliam
771 2490 954 2574 Cisalpinam
966 2489 1115 2552 dicebant.
1157 2491 1205 2551 De

20 2592 25 2624 2
124 2570 184 2634 illo
216 2572 356 2634 vocabuli
390 2574 556 2656 significatu
593 2573 654 2654 egit
682 2574 867 2634 Muratorius
896 2573 1022 2657 praelat.
1052 2574 1091 2634 ad
1126 2571 1205 2634 Acta

20 2846 22 2877 ι
123 2820 284 2902 audiebat,
319 2823 445 2884 bodier
482 2843 555 2883 num
575 2819 804 2903 Neapolitanum
833 2821 953 2884 dicitur.

124 2655 347 2718 Translationis
366 2657 397 2718 S.
419 2656 589 2718 Geminiani
610 2655 651 2715 Τ.
672 2653 728 2714 Vl.
749 2655 814 2716 Ser.
836 2656 950 2718 Rerum
970 2653 1099 2716 italicar.
1141 2655 1205 2716 Va·

125 2749 208 2800 terea
236 2750 341 2800 uonna
368 2740 486 2801 ltaliam
511 2735 721 2822 appellabant,
755 2759 832 2820 quae
858 2739 931 2800 alias
951 2758 1058 2880 magna
1079 2737 1205 2798 Graecia
1238 2727 1242 2739 '
1313 2785 1317 2791 .

1026 2817 1206 2882 rtemidorus

125 2905 237 3049 Rati.
269 2903 324 2966 lin.
348 2905 418 2983 aa,
445 2909 499 2966 ui
527 2904 644 2982 Pialia,
682 2903 769 2964 ludos
802 2903 841 2965 ab
869 2906 947 3006 Imp.
977 2905 1023 2964 ll.
1050 2903 1205 2964 Antonino

160 2989 188 3049 'o
206 2989 237 3049 in
260 2985 407 3068 bonorem
426 2990 555 3050 Adriani
575 2986 653 3070 lmp.
674 2987 821 3048 celebrata
843 2991 886 3048 ait
911 3007 944 3050 ev
961 2982 1059 3050 'Irulr'
1085 3029 1095 3062 ,
1126 2985 1205 3046 desi·

126 3093 227 3154 gnane
246 3069 400 3134 Puteolos.
425 3071 571 3154 Polybius
593 3091 627 3166 P'.
649 3069 700 3131 50.
717 3070 790 3132 ‘line
818 3069 865 3132 ed.
888 3069 984 3130 Grou.
1005 3009 1129 3129 Italiam
1148 3089 1206 3150 pro

124 3154 261 3238 Iapygia
279 3157 438 3232 nominat,
473 3166 503 3215 et
527 3155 568 3214 sic
589 3153 640 3214 alti
660 3154 790 3236 saepius.
841 3153 902 3214 Rex
929 3150 980 3213 ille
1010 3151 1131 3227 ltaliae,
1166 3149 1206 3211 ad

20 3251 21 3254 ’
126 3257 221 3320 quem
241 3239 394 3300 Romanus
414 3236 590 3320 legationem
611 3238 714 3314 misit,
741 3235 801 3297 luit
820 3235 929 3320 Hugo,
1005 3234 1147 3316 ilegatos
1166 3231 1207 3296 ad

20 3337 21 3341 ’
124 3321 301 3382 Romanum
330 3324 468 3393 miserat,
499 3320 700 3402 auxiliumque
720 3321 759 3378 ab
780 3339 815 3379 eo
838 3330 943 3380 contra
982 3339 1124 3378 aracenos
1144 3317 1206 3376 lta·

123 3402 205 3464 liam
230 3413 382 3464 vastantes
412 3415 579 3486 rogaverat.
619 3402 759 3462 Mittebat
785 3405 841 3483 ipsi
861 3403 1013 3462 Romanus
1034 3401 1206 3482 suppetias,

127 3487 185 3548 sed
205 3507 239 3547 ee
259 3487 449 3564 conditione,
471 3497 505 3546 ut
525 3483 644 3566 regulos
663 3485 843 3565 Campaniae
865 3482 1096 3566 Langobardos,
1127 3483 1207 3542 Lan·

127 3568 282 3650 dulpbum
311 3582 341 3631 et
367 3568 598 3650 Adenulphum,
634 3565 754 3648 Capuae
785 3579 814 3627 et
844 3565 1005 3627 Beneventi
1038 3567 1206 3648 principes,

127 3655 205 3714 item
226 3653 413 3714 Gaimarium
434 3663 464 3712 et
485 3651 652 3711 Gailerium
673 3655 785 3728 (nostro
798 3649 946 3710 hodierno
960 3647 1109 3710 scribendi
1125 3669 1207 3708 more

131 3732 285 3796 Wot'mar·
303 3747 333 3796 et
357 3735 500 3814 Warstr,
531 3745 602 3810 aut,
621 3733 702 3816 quod
722 3734 803 3792 idern
823 3743 887 3808 est,
913 3731 964 3791 W
961 3732 1069 3806 allel),
1091 3731 1207 3792 Salerni

126 3818 289 3896 dominos,
309 3822 342 3879 ia
361 3819 498 3879 ordinem
518 3827 655 3898 cogeret,
675 3825 705 3876 et
725 3815 763 3876 ad
778 3815 993 3897 agnoscendam
1009 3815 1124 3875 CPtani
1146 3814 1208 3873 lm-

125 3905 276 3985 peratoris
306 3904 490 3963 maiestatem
517 3901 658 3980 adigeret.
702 3899 736 3957 ln
758 3898 913 3959 historiam
933 3909 963 3958 et
982 3896 1208 3979 chronologiam

124 3983 255 4046 illorum
285 3985 453 4065 principum
482 3982 644 4044 admodum
677 3983 846 4041 intricatam
874 4003 922 4042 me
960 4003 1021 4042 non
1054 3981 1207 4055 immitto,
1318 3981 1321 3988 '

126 4065 184 4129 sed
212 4067 347 4129 conferre
374 4065 464 4127 iubeo
484 4062 603 4126 Camilli
625 4065 780 4144 Peregrini
808 4065 912 4126 histor.
936 4065 1104 4146 principum
1125 4066 1208 4123 Lon·

124 4150 349 4294 f⁰b³ld⁰m¹l¹’
379 4171 469 4232 quam
490 4149 673 4245 Muratorius
692 4149 736 4244 T..
756 4149 797 4208 ll.
818 4149 1004 4230 Scriptorum
1024 4167 1124 4206 rerum
1148 4145 1207 4202 lta-

139 4251 188 4294 1ae
207 4244 343 4295 inseruit.
383 4235 430 4294 De
450 4232 595 4315 legatione
616 4231 753 4315 Hugonrs
774 4231 811 4293 ad
833 4231 1021 4308 Romanum,
1049 4247 1139 4308 quam
1151 4247 1207 4308 pa-
