2975 4892
112 307 162 372 io
191 306 411 375 consulor.
444 307 592 376 ronna.
622 312 676 374 on
701 307 838 376 cumn.
863 315 938 378 na
966 318 1007 381 u.
1038 285 1125 389 645

66 481 158 558 reum,
171 455 282 560 dpo'poc
301 463 462 566 χρυσοῦς,
484 461 692 560 perpalpans,
722 459 806 544 ἔχων
824 460 1030 565 τραγιλάφοον
1048 486 1126 549 κρο-

65 563 148 620 ιομος
165 543 335 621 intonsae,
369 545 403 620 ἐξ
424 567 467 608 ιον
488 568 618 627 ηρτηντο
647 543 750 628 κρίκοι
768 557 897 629 χρυσοῖ.
960 547 1126 632 Aliquanto

64 637 120 706 post
135 627 233 688 addite
255 622 342 702 nopai
363 621 419 706 τήν
439 625 484 700 εἰς
503 623 559 709 τὴν
579 624 725 707 καμάραν
736 625 859 692 εἴσοδον
877 627 1020 710 ὑπῆρχον
1039 633 1127 692 λέον-

63 729 103 780 τες
117 715 234 788 χρυσοῖ,
256 705 436 792 δεδορκότες
455 705 535 790 πρὸς
552 707 626 783 τούς
645 711 932 794 εἰσπορευομένους.
975 715 1126 796 Tandem,

65 791 117 850 soii
143 789 168 850 δ’
194 781 330 870 οἷξόνοιν,
359 797 418 868 ait,
451 791 491 854 τὰ
526 793 699 892 προέχορτρ
733 796 842 874 χρυσᾶ
863 791 1124 891 κατεσκεύαστο,

64 868 1126 1022 iiiuttur“naretulolenitudinis

65 1039 121 1096 oevi
138 980 296 1102 mediipT.
312 1041 351 1100 ll.
382 1045 530 1104 sustineat
560 1039 678 1124 aquilae
697 983 776 1120 duel,
819 1007 924 1104 sellam
943 1043 1075 1105 consulis
1092 1047 1126 1106 in

65 1119 190 1204 diptycho
209 1122 285 1184 ibid.
310 1125 349 1184 T.
368 1123 393 1184 l.
415 1127 507 1188 rictus
530 1123 663 1186 leonum.

111 1221 181 1304 329.
196 1221 238 1283 A.
255 1243 286 1283 a.
308 1221 392 1306 [569,
414 1221 480 1308 ιι.]
513 1213 700 1304 ἀποκινῆσαι
721 1219 867 1296 ἐξελθεῖν.
907 1225 1012 1286 Vides-i
1032 1229 1126 1306 possit

64 1305 192 1380 posterius
217 1303 355 1366 scholion
383 1328 447 1367 esse
468 1307 578 1390 prioris
598 1303 696 1365 verbi.
737 1305 797 1364 Sed
818 1329 879 1368 non
900 1329 976 1388 opus
996 1328 1031 1368 ea
1053 1331 1124 1390 sup-

65 1387 202 1463 positione.
245 1389 411 1450 Commode
433 1391 514 1450 enim
534 1385 769 1469 subintelligitur
796 1381 896 1450 dore:
920 1389 955 1450 ἐν
983 1390 1027 1474 τῷ
1045 1388 1125 1454 dno·

64 1467 167 1545 κινῆσαι
201 1465 319 1544 αὐτὸν,
341 1473 412 1532 dum
430 1473 596 1556 procedite
617 1472 682 1532 loeo
707 1489 778 1545 ouo,
800 1463 882 1534 οἵοτο
909 1469 1069 1552 derideto,
1086 1493 1125 1534 ea

65 1564 157 1626 οιιιιιο,
180 1567 212 1614 ut
230 1553 351 1637 palatio
370 1569 470 1616 exeat.

130 1647 168 1709 A.
187 1671 233 1712 ia.
262 1651 348 1736 1569,
365 1650 424 1737 19.]
459 1641 529 1713 ὅσοι
550 1641 590 1713 ἂν
612 1649 730 1713 θέλωσι
777 1650 851 1713 ator.
892 1650 956 1712 Aut
978 1655 1124 1716 excidite

64 1730 232 1812 membranis,
256 1745 309 1794 aut
327 1737 417 1796 tacite
437 1757 472 1796 su
493 1734 638 1816 plendum
658 1743 703 1796 est
732 1670 834 1796 εἶναιι
876 1725 945 1794 ὅσοι
964 1725 1005 1795 ὃν
1022 1737 1123 1796 θέλω-

64 1830 104 1870 οιι
129 1814 168 1914 pd
200 1828 246 1878 est
265 1814 435 1901 μέλλωσιν]
457 1757 539 1880 sliat
560 1818 657 1900 pilot.
699 1818 749 1877 De
767 1839 824 1878 usu
844 1816 930 1880 verbi
950 1816 1124 1895 βούλεσθαι

66 1903 89 1954 et
104 1895 204 2040 lllm·
217 1921 275 1982 pro
306 1901 433 2043 χὲλλΛειν
460 1902 521 1962 dixi
542 1901 582 1961 ad
612 1921 646 1982 p.
673 1899 740 1982 173.
766 1900 802 1960 C.
815 1897 848 1961 6.
868 1909 899 1961 et
920 1900 959 1960 de
978 1921 1011 1960 v.
1036 1897 1125 1982 φιλοι

65 1995 108 2055 pto
158 1997 243 2065 opiter
261 2005 292 2066 p.
330 2005 358 2043 2.
402 2003 470 2050 .ιο.

130 2077 161 2139 C.
181 2079 210 2159 4.
234 2081 321 2166 [57⁰³
342 2082 404 2162 in]
433 2074 487 2142 snt
515 2079 756 2144 Κωνσταντίνου
777 2090 836 2142 etc.
882 2081 986 2159 Quum
1006 2080 1125 2141 dicatur

64 2153 153 2221 borum
171 2184 203 2223 ex
224 2163 295 2224 aula
316 2163 483 2246 Bagdadica
502 2163 668 2246 legatorum
688 2165 821 2244 receptio
841 2164 1001 2246 contigisse
1023 2185 1125 2224 mense

64 2239 129 2302 Maio
156 2245 330 2308 Indictionis
359 2247 438 2325 lV.,
473 2247 666 2329 regnantibus
694 2245 783 2306 simul
809 2246 1008 2308 Constantino
1039 2258 1124 2328 patre

65 2333 88 2381 et
109 2327 236 2391 Romano
266 2330 345 2402 filio,
375 2329 690 2412 Porphyrogennetis,
712 2327 860 2407 efficitur,
892 2329 924 2388 id
967 2331 1125 2412 contigisse

65 2403 98 2466 A.
112 2409 144 2473 C.
162 2411 256 2494 946„
290 2413 425 2494 adeoque
444 2417 504 2473 iam
532 2423 599 2471 tum
620 2422 799 2472 coronatum
821 2411 909 2471 fuisse
930 2412 1125 2489 Romanum,

64 2507 137 2568 quein
154 2495 203 2554 Du
225 2497 329 2576 Gange
350 2495 472 2556 demum
501 2515 581 2554 anno
601 2493 674 2578 948.
699 2494 844 2575 collegam
863 2495 980 2575 imperii
1002 2517 1020 2553 a
1040 2507 1126 2576 patre

64 2571 138 2634 fuisse
151 2579 354 2639 renuntiatum
367 2577 505 2660 perhibet
524 2579 557 2637 in
568 2575 704 2637 Familiis
717 2576 900 2658 Byzantinis.
917 2577 1051 2652 Chalifa,
1073 2577 1127 2660 qui

63 2678 123 2733 tnnc
137 2679 278 2760 temporis
299 2677 380 2760 apud
391 2674 709 2760 Bagdadurusedebat,
731 2685 796 2736 erat
815 2657 937 2763 ginali,
948 2675 1125 2736 Almotliius.

63 2765 133 2836 Sedl
186 2780 227 2837 tio
258 2777 315 2838 sub
336 2776 376 2837 Al
394 2776 550 2838 Mostacfio
570 2759 717 2861 &stell
749 2772 891 2854 Bagdado
942 2784 1125 2851 excesserat3

63 2853 83 2910 si
99 2875 125 2914 m
161 2879 180 2919 ο
208 2881 343 2941 unquam
363 2859 505 2942 Bagdado
531 2870 560 2919 et
580 2879 642 2919 non
663 2859 763 2940 potius
782 2859 880 2918 Tarso
900 2869 982 2918 recta
995 2878 1128 2916 excesse-

63 2935 103 2994 ῐῑῑ.
142 2939 189 3002 Ad
222 2963 314 3026 quem
342 2954 441 3004 autem
473 2941 627 3024 spectabat
657 2951 730 3001 tunc
758 2941 901 3022 temporis
929 2940 1042 3000 Tarsus
1072 2961 1127 3000 seu

64 3017 175 3085 Cilicia?
222 3024 478 3108 Quandoquidem
506 3025 666 3086 Tarsenses
696 3023 727 3084 hi
760 3023 851 3105 legati
876 3043 938 3084 non
970 3045 989 3081 a
1010 3023 1127 3082 minore

63 3103 177 3180 qtrodam
204 3107 334 3182 Amice,
366 3107 419 3170 sed
454 3109 576 3168 nornine
595 3105 707 3168 ‘Amiril
728 3108 903 3167 Miunenine
923 3104 971 3165 vel
992 3103 1127 3166 Clralifae

63 3183 128 3244 missi
149 3186 307 3272 leguntur,
329 3211 448 3252 necesse
469 3201 513 3251 est
533 3189 664 3250 Tarsum
684 3199 758 3250 tunc
785 3191 927 3269 temporis
945 3187 984 3246 ad
1006 3187 1126 3247 Buiidas

63 3271 215 3349 etquidem
234 3273 275 3334 ad
302 3272 584 3351 Moezzoddaulam,
609 3271 776 3341 Chaliiatus
801 3269 961 3353 Bagdadici
981 3291 1127 3352 procura·

63 3356 143 3412 torem
162 3356 208 3416 vel
222 3357 514 3429 Amiralomaraum‚
539 3357 728 3437 pertinuisse.
768 3353 893 3436 Absque
913 3351 1060 3413 hocloco
1080 3373 1128 3412 es·

63 3441 114 3511 oet,
132 3439 322 3500 credidissem
355 3437 426 3500 alias
439 3439 569 3498 Tarsum
587 3448 661 3498 tunc
674 3439 818 3516 temporis
849 3435 1043 3520 subditione
1074 3444 1128 3494 aut

64 3511 306 3584 llamdanidarum
325 3532 379 3582 aut
398 3519 581 3597 Achscbidi,
603 3519 699 3602 reguli
723 3519 878 3600 Aegypti,
899 3516 1001 3576 fnisse.

130 3617 228 3683 C.1o.
263 3619 346 3705 [570.
367 3617 430 3703 14]
463 3613 538 3700 περὶ
569 3613 730 3696 detnato.
779 3614 999 3697 Negotiandae,
1029 3614 1128 3676 idest

63 3697 248 3765 conciliandae
268 3715 299 3766 et
312 3701 483 3766 efficiendae
503 3721 592 3762 causa
602 3700 831 3783 permutationis
851 3697 1038 3793 captivorum
1049 3699 1126 3758 utri-

63 3795 301 3951 illblfflliie
324 3786 450 3951 itit?
492 3795 564 3927 ..ili
582 3779 1128 3944 „statuerentur

64 3941 309 4014 Constantinianus
339 3975 369 4034 p.
393 3949 463 4034 275.
481 3950 535 4024 D.‚
558 3948 681 4020 dicens,
704 3947 956 4022 Constantinum,
984 3946 1128 4006 exstincto

64 4021 184 4094 Romano
212 4035 368 4118 Lecapeno
397 4045 427 4094 et
453 4035 561 4094 amotis
594 4030 844 4112 usurpatoribus,
882 4028 980 4089 solum
1001 4030 1128 4110 imperio

65 4111 226 4184 gaudentem
258 4119 401 4200 cogitasse
428 4115 466 4176 de
504 4111 686 4177 redimendis
716 4111 894 4173 Christianis
921 4131 957 4172 ex
976 4112 1128 4171 aerumnis

64 4192 239 4262 vucutomm
259 4199 340 4288 apud
360 4199 535 4262 Saracenos.
574 4197 740 4280 Propterea
761 4195 905 4261 loannem
926 4195 1077 4256 Ciuooani
1097 4202 1128 4254 et
