2975 4892
275 227 283 257 ’
321 259 406 378 768
550 287 605 356 ro.
637 289 1201 364 rac.nn1suucouunumarr

318 463 353 504 ex
367 460 416 521 eo,
429 437 514 524 qued
529 438 691 519 librarius,
712 447 765 526 qui
787 445 858 507 istos
881 447 1029 532 catalogos
1048 461 1102 511 aut
1121 451 1215 532 potius
1226 448 1364 532 coniugum

318 528 469 599 exaravit,
504 526 656 588 inveniret
677 529 707 588 iu
726 531 905 612 primigenio
931 534 1089 614 emplari
1117 535 1305 596 confusionem
1326 535 1366 592 iiie

318 608 395 683 loci,
429 609 517 668 euius
544 611 668 692 vestigia
697 613 727 670 in
756 616 866 678 nostris
897 616 1078 678 membranis
1106 629 1268 698 supersunt.
1312 615 1367 676 Pus

317 693 446 753 Faintae
469 711 580 752 nomen
601 693 682 752 enim
702 692 842 776 leguntur
863 699 976 762 inserta
994 699 1088 760 haec:
1110 701 1144 762 ἐν
1163 690 1192 784 ᾧ
1211 693 1365 768 armatior,

320 796 399 856 quae
420 770 531 833 delevi.

403 855 485 915 (1.3.
510 851 674 939 [64419]
697 855 1293 940 Κωυστσντΐνος-υἱόςΚωνπαντινσυ.
1313 861 1368 926 tiu

320 960 374 1000 um
390 938 578 1003 Constantini
591 937 740 1020 Pogonati
757 943 835 1023 patri
847 948 1055 1028 cognominem
1069 948 1184 1008 nullum
1210 950 1288 1009 novi.
1316 945 1370 1005 Filii

321 1021 365 1083 illi
386 1032 472 1081 erant
493 1021 677 1084 lastinianus
698 1023 909 1092 Rhinotmetus
936 1042 965 1092 et
992 1029 1158 1090 Heraclius.
1208 1032 1293 1092 Posui
1317 1049 1372 1108 opu

321 1103 352 1164 in
374 1104 489 1164 Latinis
503 1117 596 1185 pmer
613 1101 682 1166 loeo
702 1105 794 1169 huius
813 1113 904 1175 vocis.
949 1113 1038 1174 Certe
1061 1113 1206 1194 Pogonati
1228 1111 1372 1194 paterCun

320 1188 467 1248 stantinus
487 1183 544 1244 fuit
566 1185 596 1242 in
617 1193 815 1252 coronatione
835 1193 950 1271 dictus,
974 1200 1112 1276 Quintis
1140 1195 1230 1279 vulgo
1253 1197 1374 1256 consue

320 1267 442 1341 audiat3
475 1287 508 1326 v.
531 1266 583 1326 Du
599 1267 702 1349 Gange
720 1271 742 1332 l.
758 1295 785 1333 c.
812 1297 843 1356 p.
865 1296 934 1338 iao.
975 1278 1083 1360 Neque
1101 1277 1200 1340 ohsmt
1219 1278 1295 1362 quod
1309 1279 1372 1336 Cun-

320 1361 401 1415 mna
438 1346 488 1408 ille
521 1350 552 1409 in
585 1351 686 1414 Sicilia
715 1357 893 1418 interemtus
923 1361 952 1418 in
982 1359 1090 1422 balneo
1118 1363 1251 1442 perierit.
1300 1359 1373 1421 llio

319 1433 400 1493 enim
429 1432 494 1491 eius
521 1435 644 1494 exuvias
665 1435 946 1524 Constantinopolin
968 1448 1134 1523 reportavit
1154 1457 1186 1504 et
1206 1447 1237 1504 in
1256 1443 1321 1504 aede
1336 1439 1374 1500 SS.

320 1513 539 1609 Apostolorum
559 1537 649 1596 penes
668 1532 783 1600 patrem
806 1527 870 1585 eius
894 1524 1070 1588 Heraclium
1090 1527 1315 1588 Constantinum
1334 1523 1374 1582 de·

319 1599 704 1763 lillitstffiiffii‘ff
721 1626 756 1746 lt·
768 1604 847 1748 lii·
861 1607 1374 1772 Cinsslliuil¹tifu¹i⁰ii¹ulili

319 1761 426 1840 habet,
447 1783 540 1844 qum
553 1766 621 1824 DC.
636 1773 801 1846 posteriore
817 1771 884 1832 loen
899 1773 989 1834 resert
1004 1795 1013 1850 3
1035 1775 1104 1836 Dc.
1128 1785 1230 1837 autem
1244 1773 1326 1834 habet
1336 1771 1375 1830 hut

322 1845 420 1906 duos:
443 1841 537 1924 ἑτέρα
558 1843 679 1925 λάρναξ
697 1849 888 1934 Σαγγαρικὴ,
909 1854 943 1915 ἐν
962 1844 983 1938 ᾖ
999 1852 1161 1918 durissime
1174 1853 1373 1924 Kamiros,

320 1919 337 1988 ii
357 1921 429 2000 υἱός
444 1925 684 1989 Κωνστανιινυυ
703 1927 776 1994 υἱοῦ
791 1930 991 2014 Ἡρακλείου.
1032 1931 1123 2018 ἑτέρα
1142 1934 1261 2017 λάρναξ
1277 1933 1373 1998 ἔκαιον·

320 2002 473 2086 τάλιδος,
494 2000 569 2092 όνῇ
598 2005 766 2075 ἀπόκειται
791 2015 982 2098 Κώνστσνς,
1019 2015 1038 2080 ὅ
1068 2015 1139 2092 υἱός
1165 2015 1375 2084 nomentio

320 2087 395 2153 υὶσῦ
409 2089 610 2172 Ἡρακλεώυ.

404 2175 442 2232 C.
459 2174 489 2236 5.
512 2173 597 2255 [644
615 2174 684 2258 au]
717 2171 970 2256 ἔκστυντυέλιθυς.
1031 2185 1110 2266 Puto
1157 2207 1176 2246 a
1212 2182 1376 2249 multitudine

322 2254 457 2317 solorum
479 2258 650 2329 variorum,
673 2261 727 2340 qui
747 2270 890 2349 marmori
912 2270 1050 2342 inerant,
1083 2269 1126 2328 sie
1153 2261 1268 2330 dictum
1293 2267 1376 2336 fuisset

321 2359 383 2398 non
403 2336 486 2418 quod
509 2343 647 2419 praecise
676 2353 738 2416 tot,
776 2349 828 2408 sed
860 2350 936 2410 forte
962 2351 1130 2430 pauciores,
1157 2372 1276 2432 semper
1298 2361 1376 2409 unu

321 2419 430 2492 multi,
457 2419 523 2480 slve
542 2443 577 2481 ea
597 2425 737 2491 naturale
757 2431 953 2510 productum,
986 2433 1050 2492 sive
1077 2437 1149 2496 artis
1169 2434 1328 2495 tesselarim
1344 2425 1377 2488 rel

321 2504 456 2563 musivus
475 2523 553 2584 opus
579 2504 692 2583 fuerit3
720 2511 784 2573 viil.
807 2513 930 2579 Salmas.
954 2513 995 2576 ad
1013 2515 1110 2576 Solio.
1132 2537 1163 2597 p.
1179 2517 1253 2599 295.

403 2586 445 2645 D.
466 2605 495 2646 ι.
520 2585 606 2669 [645,
631 2587 681 2672 4.]
702 2591 920 2673 ,Κσβυλλῖνορ
970 2595 1057 2659 Alias
1084 2599 1301 2681 Copmnymus·
1344 2593 1380 2650 lle

322 2667 332 2727 i
369 2668 416 2728 'us
435 2669 468 2745 ip
488 2667 563 2730 aede
593 2668 652 2734 88.
672 2673 890 2753 Apostolorum
914 2679 1069 2761 sepulture
1098 2680 1190 2742 habet
1215 2681 1332 2741 Credtn·
1355 2693 1378 2754 p·

342 2750 397 2812 66.
411 2749 463 2826 Β.,
484 2752 523 2812 de
543 2773 639 2814 urnae
662 2767 766 2818 autem
786 2771 816 2822 et
846 2766 959 2822 ossium
990 2762 1156 2825 insuituuio
1187 2765 1268 2824 idem
1293 2759 1378 2820 uiden

320 2843 484 2993 pppmppat,
506 2845 537 2895 et
556 2836 620 2940 ¹:⁰⁰·
640 2836 811 2902 Grammat.
833 2865 864 2924 p.
890 2843 962 2928 467.
987 2846 1029 2904 D.
1059 2857 1090 2907 et
1117 2847 1229 2929 Symeo
1258 2847 1329 2925 Mag.
1353 2859 1378 2920 P·

278 3019 283 3032 ·
362 2936 444 3056 91).
460 2994 491 3055 5.
515 2994 607 3080 [645,
621 2998 667 3083 5.]
695 2996 729 3063 τὸ
755 2998 913 3086 δύστηνον.
961 3009 1047 3070 Verti
1076 3014 1220 3095 impurus.
1270 3007 1310 3067 Ne
1329 3001 1379 3085 qul!

320 3079 601 3239 mir3ett31mcv‘iideat
620 3103 698 3165 qaue
718 3085 758 3146 de
776 3089 991 3170 significatione
1010 3092 1101 3156 huius
1136 3095 1219 3156 vocis
1249 3092 1335 3152 dinan
1351 3081 1380 3144 ad

389 3181 489 3306 7D05.
511 3243 667 3332 [645,7.]
688 3249 745 3309 τοῦ
773 3245 896 3330 Φάρου.
941 3255 1067 3318 Secutus
1088 3277 1154 3318 sum
1183 3245 1379 3338 interpretando

319 3320 481 3386 lectionem
503 3329 665 3390 amborum
691 3333 915 3416 catalogorum,
949 3339 1001 3421 qui
1036 3359 1093 3421 pro
1121 3335 1217 3423 puiprp
1235 3335 1379 3420 'posteriore

321 3405 464 3468 exhibent
485 3405 601 3492 φόρου.
653 3415 732 3474 Nam
763 3438 818 3496 pro
846 3422 946 3498 primo
969 3415 1075 3502 φόρου
1105 3421 1220 3482 habent
1238 3414 1377 3480 συλυτίσν·

320 3483 417 3548 Iidem
438 3511 493 3573 pro
513 3490 708 3570 συστεμάτια
729 3497 842 3560 habent
873 3501 1003 3580 στήθεα.
1058 3505 1124 3564 Hae
1153 3515 1227 3564 sunt
1250 3501 1379 3562 column?te

319 3586 445 3646 saxeae,
473 3572 512 3633 ad
533 3579 663 3656 pectoris
681 3579 809 3641 humaui
830 3583 1021 3646 altitudinem
1033 3606 1194 3667 procerae,
1224 3577 1379 3659 συστήματα

320 3659 422 3710 autem
430 3667 501 3715 sunt
513 3678 671 3740 compages
686 3673 717 3721 et
730 3665 821 3724 series
835 3665 969 3745 plurium
983 3669 1194 3728 columnarum
1207 3665 1292 3749 (quod
1306 3677 1380 3742 paene

320 3729 427 3791 σοάειυ
455 3738 556 3816 redit).
613 3742 734 3804 Placuit
764 3757 864 3806 tamen
899 3753 993 3831 magis
1021 3754 1054 3811 in
1083 3752 1198 3811 Latinis
1231 3749 1378 3814 leonensis,

279 3880 286 3907 Ι
318 3830 410 3890 quam
425 3814 475 3874 elii
492 3841 614 3902 quoque
635 3839 810 3908 suggerunt,
833 3826 1072 3908 συστρεμμάτια
1161 3835 1181 3891 ”.
1223 3831 1296 3892 Sunt
1312 3841 1379 3885 nem·

317 3910 356 3970 pe
366 3897 594 3992 συστρέμματα
606 3917 637 3967 et
651 3907 888 3987 συστρεμμάτια
902 3915 1004 3976 omnia
1017 3854 1170 3997 repagulllll,
1184 3930 1318 3983 caroffi»
1330 3908 1380 3964 W

318 3992 413 4051 ⁸³¹⁰,
445 3999 510 4040 sive
528 3983 611 4047 ferro
632 4002 686 4059 aut
711 4014 798 4065 aere,
823 3995 973 4076 quidquid
994 3997 1183 4077 συστρέφει,
1197 4004 1313 4075 ,esemel
1329 3997 1380 4046 tur·

317 4051 408 4127 hm,
431 4080 529 4142 neque
550 4069 623 4149 sinit
643 4070 738 4133 libere
756 4078 887 4158 evagari.
929 4067 1085 4154 Ἀββάκια
1106 4090 1207 4141 autem
1231 4084 1295 4137 sunt
1319 4070 1381 4129 latae

318 4133 458 4224 tabulae,
483 4165 563 4225 quae
582 4163 636 4228 aut
654 4159 944 4240 superimponuutur
960 4161 1073 4222 talibus
1093 4158 1293 4244 systematihus
1310 4149 1378 4212 cotu-
