2975 4892
143 317 201 387 tn
230 317 455 388 causeam.
478 319 626 386 ronna.
656 321 711 384 nn
741 317 879 386 ceam
905 321 981 388 un
1009 326 1052 388 ιι.
1083 295 1168 412 703

90 475 275 560 pellabantur
285 498 296 580 q
325 479 441 562 primus
469 471 517 554 n',
539 475 688 547 secundos
706 469 735 556 ll
750 519 766 574 ,Ι
793 481 901 575 terpus
919 474 946 558 γ’
966 489 999 540 et
1016 481 1059 542 sic
1074 499 1170 563 pono

88 583 183 721 lttfi
199 562 339 705 imi...
356 559 970 726 llt.lt.t{t⁰‚‘³.l‘l⁰tlt⁸¹lt.¹tltt
983 561 1169 710 halal

88 727 163 800 fiiit,
188 725 446 801 etAlexandi-um,
468 727 533 787 eius
552 725 696 800 fratrem,
719 735 750 786 et
764 727 867 802 zoen,
889 728 999 790 Leonis
1019 751 1166 809 uxorem,

86 795 236 870 brumalid
258 813 369 892 egisse,
394 807 444 870 die
464 831 615 892 quemque
644 829 712 884 suo,
733 807 785 890 ἐφ’
804 801 937 871 tudano
957 805 1082 892 κλήσει,
1104 835 1168 876 uuo

85 891 1006 1057 tlt?.‘¹⁰ttl.2.t{?³ll,t.tlttltllt.tltt12⁰3th
1020 916 1167 1060 {htx}

85 1057 159 1120 Zeis
178 1061 211 1118 in
232 1061 404 1140 septimum,
426 1060 535 1119 Leonis
549 1059 581 1118 in
598 1059 811 1120 duodecimum
823 1057 1008 1121 brumalium
1022 1061 1102 1122 diem
1118 1065 1166 1124 iu-

84 1141 199 1203 eidisse.
238 1143 376 1218 Pariter,
398 1142 519 1223 quarmo
536 1142 633 1222 capite
659 1152 766 1202 nostm
785 1143 928 1202 dicuntur
948 1143 1166 1208 Constantinus

83 1235 168 1306 pater
190 1235 221 1284 et
243 1225 399 1286 Romanus
419 1225 498 1285 lilius
528 1235 558 1285 et
570 1225 704 1306 Auguste
726 1223 842 1285 Helena
865 1225 1016 1286 bmmalia
1035 1230 1166 1311 quisque

83 1328 134 1368 sua
157 1310 262 1390 egisse,
284 1310 344 1390 egit
354 1309 570 1369 Constantinus
591 1329 678 1368 suum
700 1307 750 1368 die
778 1307 818 1367 ab
857 1308 944 1369 initio
979 1309 1165 1374 brumalium

82 1390 260 1468 undecimo,
292 1391 408 1452 Helena
430 1391 552 1473 quinto,
586 1383 748 1454 Romanus'
759 1400 867 1451 octavo
886 1402 917 1452 et
936 1391 1064 1456 decimo.
1107 1395 1165 1456 His

82 1473 189 1534 diebus
210 1475 376 1555 Imperator
395 1478 493 1552 maior
522 1485 553 1536 et
573 1477 673 1534 minor
693 1483 724 1532 et
744 1471 881 1555 Augusta
900 1496 1037 1556 proceres
1058 1480 1164 1540 convi-

82 1557 136 1617 viis
156 1566 189 1617 et
214 1557 302 1617 donis
330 1555 527 1638 excipiebant.
583 1555 667 1616 Num
706 1554 818 1616 minori
846 1577 966 1639 quoque
983 1560 1162 1642 Augustae,

79 1635 322 1721 Theophanoni,
344 1641 472 1700 Romani
493 1639 598 1713 uxori,
619 1649 650 1698 et
672 1636 791 1698 filiabus
809 1638 953 1721 Augusti,
973 1662 1051 1722 quae
1071 1645 1164 1705 οἱίοοι

80 1721 286 1804 Augustarum
317 1743 427 1782 nomen
457 1723 624 1805 gerebant,
657 1720 777 1782 licuerit
795 1721 946 1782 brumalia
965 1744 1020 1783 suo
1039 1726 1163 1786 nomine

80 1805 190 1879 edere,
213 1805 362 1864 indubio
393 1807 525 1887 positum
546 1803 739 1887 relinquam,
771 1825 868 1886 quum
883 1805 1034 1866 editorum
1065 1806 1106 1867 ab
1127 1809 1165 1870 iis

79 1887 261 1948 brumalium
282 1890 396 1948 mentio
419 1909 568 1970 nusquam
585 1887 650 1948 liat.
691 1887 826 1948 Caeteris
847 1887 1031 1950 brumalium
1056 1889 1164 1953 diebus

79 1991 240 2052 procerum
260 1973 383 2030 maximi
404 1975 518 2053 quique
538 1971 755 2052 Imperatorem
780 1979 812 2031 et
840 1970 984 2032 familiam
1004 1983 1164 2054 augustani

78 2073 168 2134 penes
188 2075 220 2115 se
245 2055 388 2115 convivio
406 2054 592 2136 excipiebant
606 2073 641 2114 ex
658 2053 765 2114 ordine
776 2052 956 2129 litterarum,
970 2075 1049 2137 quae
1061 2060 1162 2118 cuius-

76 2157 132 2217 que
151 2138 270 2198 nomini
290 2147 390 2197 essent
408 2136 548 2198 initiales.
587 2137 628 2196 E.
650 2157 677 2197 c.
695 2136 719 2197 sl
741 2157 880 2218 proceres
899 2139 978 2198 inter
997 2149 1094 2200 essent
1102 2140 1163 2201 lla·

78 2219 157 2298 allii,
182 2221 341 2304 Gregorii,
369 2219 542 2294 Theodori,
573 2219 723 2294 loannes,
755 2221 860 2298 Petri,
881 2220 1062 2304 symeones,
1084 2223 1163 2282 Pbi-

76 2299 169 2364 lotbei
191 2315 263 2382 ete.,
284 2302 434 2365 vocabant
455 2302 499 2363 illi
520 2313 676 2384 augustam
699 2313 819 2384 gentem
838 2303 878 2363 ad
897 2325 929 2364 se
948 2305 1054 2366 diebus
1075 2303 1162 2384 illis,

76 2469 209 2530 secundo
228 2469 357 2530 Basilius
377 2468 511 2552 aliquis,
531 2471 621 2529 tertio
643 2471 834 2551 Gregorius,
857 2491 939 2531 nono
957 2471 1160 2552 Theodorus,

76 2551 192 2614 decimo
213 2554 361 2628 loannes,
385 2556 513 2635 septimo
533 2563 564 2612 et
596 2551 713 2612 decimo
733 2551 869 2629 Petrus,
889 2575 971 2614 nono
993 2565 1023 2614 et
1042 2555 1162 2616 decimo

76 2634 198 2716 Symeo,
219 2638 365 2720 vigesimo
385 2633 728 2710 secundoPhilotheus,
741 2646 772 2694 et
791 2635 833 2697 sie
841 2634 880 2695 de
899 2639 1034 2697 caeteris.
1057 2637 1103 2697 Er
1122 2658 1160 2698 eo

75 2728 129 2800 est,
151 2719 236 2802 quod
256 2719 426 2780 December
446 2719 477 2778 in
491 2717 675 2799 Anthologia
696 2717 766 2778 libri
786 2719 877 2800 primi
897 2719 957 2779 fine
978 2719 1017 2779 de
1040 2741 1073 2780 se
1092 2721 1158 2781 ait:

186 2819 298 2881 ’Δοῖτα
321 2819 409 2902 φέρω
424 2816 599 2898 χαρίεσσαν
617 2815 651 2890 ἐς
672 2805 792 2893 οὔνομα
806 2812 911 2893 φωτὸς
929 2810 1075 2880 ἑκάστου.

196 2903 317 2985 ΕροΙαο
338 2905 416 2982 sero
437 2901 578 2962 semdae
600 2903 632 2960 in
655 2921 763 2960 nomen
783 2901 911 2960 οοηιίιιὶο
929 2903 1075 2986 erriusqroe.

73 2997 156 3061 Inter
176 3001 310 3083 plebeios
330 3001 410 3060 idem
434 3021 499 3060 mos
532 2999 759 3060 observabatur.
799 2999 932 3060 Ditioies
952 3000 1043 3060 adse
1065 3023 1159 3064 voca·
1258 3013 1262 3020 ’

72 3079 145 3144 bant
167 3087 281 3145 amicos
300 3083 475 3144 humiliores
496 3081 549 3143 illo
569 3083 640 3160 die,
661 3086 748 3144 cuius
769 3079 870 3142 littera
890 3084 1086 3167 responderet
1105 3085 1158 3146 lit-

71 3174 152 3228 terae
172 3167 282 3227 initiali
315 3169 362 3227 sui
394 3167 548 3244 nominis,
582 3177 657 3240 aut,
680 3165 763 3249 quod
782 3165 862 3225 idem
883 3177 947 3245 est,
969 3167 1022 3228 illo
1046 3169 1157 3242 die,a

71 3269 130 3330 quo
151 3249 193 3310 ad
213 3251 293 3310 diem
322 3249 506 3309 brumalium
534 3250 666 3330 primum
694 3249 939 3330 retrogradiendo
960 3260 1006 3310 tot
1025 3249 1156 3312 effluxis-

70 3344 134 3392 sent
155 3333 245 3409 dies,
284 3343 337 3392 uot
357 3341 454 3393 essent
475 3332 592 3392 litterae
611 3331 762 3413 alphabeti
791 3342 861 3390 ante
880 3330 1012 3393 litteram
1033 3335 1080 3394 sui
1100 3355 1156 3394 no-

70 3417 159 3476 minis
182 3355 336 3478 initialem.
391 3414 502 3474 lisdem
521 3435 642 3496 quoque
669 3413 859 3474 brumalibus
879 3415 992 3475 natales
1021 3413 1157 3477 celebra·

68 3495 142 3558 bant
162 3501 301 3559 virorum
324 3520 358 3558 ex
394 3497 501 3558 ultima
530 3498 721 3578 antiquitate¹
739 3495 922 3571 celebrium,
945 3509 981 3557 ut
1003 3497 1153 3578 Homeri,

69 3579 262 3660 Archilochi,
288 3579 436 3656 aliorum,
458 3581 591 3662 quiquo
613 3581 744 3640 dienati
769 3589 823 3638 aut
842 3580 905 3638 vita
925 3579 1059 3641 defimcti
1081 3582 1155 3642 suis·

67 3675 144 3744 sent,
167 3685 259 3725 nemo
277 3665 352 3725 scire
372 3673 502 3746 poterat.
543 3665 588 3724 lta
608 3665 662 3745 qui
683 3663 808 3722 Homeri
832 3661 963 3723 natalem
982 3685 1070 3746 agere
1090 3663 1154 3724 vel-

68 3743 129 3822 let,
151 3747 258 3828 epulas
279 3749 342 3807 eius
360 3749 393 3806 iu
415 3745 562 3806 honorem
583 3747 631 3806 die
650 3744 834 3806 brumalium
848 3756 901 3804 aut
914 3746 1000 3808 xlv.
1014 3757 1067 3806 aut
1081 3747 1155 3808 XV.

67 3829 255 3890 instituebat.
279 3831 344 3890 Non
366 3831 446 3888 enim
460 3839 540 3890 certe
563 3838 690 3902 constat,
715 3830 835 3909 signnm
858 3822 896 3904 ς’,
919 3829 1002 3910 quod
1022 3851 1077 3890 sex
1096 3852 1154 3890 no·

64 3921 126 3985 tat,
150 3913 232 3973 inter
253 3913 365 3973 litteras
387 3915 627 3994 computaverint
646 3913 676 3970 in
698 3911 765 3990 'hoc
786 3909 969 3971 brumalium
989 3923 1152 3996 compute,

66 4012 121 4054 nee
142 4016 196 4058 ne.
239 3996 391 4078 lntelligas
411 3995 481 4055 hinc
503 3993 578 4056 illud
599 3992 801 4076 Anthologiae
820 4013 851 4076 p.
875 3993 964 4077 ¹7³*

190 4089 333 4174 Σήμερον
351 4081 552 4176 Ἀρχιλόχοιο
580 4089 636 4155 καί
654 4079 785 4176 ἄρσενος
804 4079 891 4176 ἧμορ
910 4083 1049 4177 Ὁμήρου

192 4175 372 4256 σπένδομεν.
