2975 4892
288 289 366 377 158
478 317 541 385 io.
569 317 653 407 im
681 318 829 383 aanrn
857 310 1142 383 contamina
1170 400 1173 405 ¹

284 473 474 541 curatoribua
500 496 577 559 opus
607 472 731 538 habent.
776 472 818 534 At
835 470 922 557 quid,
951 472 1119 533 slcwutor
1137 490 1260 553 magam
1291 484 1369 539 m

283 558 431 643 generalis
456 571 592 641 receptor
613 559 709 635 aeris,
743 556 826 647 qnod
848 576 865 617 e
886 556 1044 637 portoriis,
1074 553 1228 637 pedagiis,
1257 570 1368 637 ponta-

283 644 371 723 ticis,
396 643 586 727 plateaticis‚
609 642 746 701 casaticis
758 651 816 699 etc.
836 638 966 716 redibat,
1011 636 1372 703 Generosi-'Accis-Es'n-

284 727 429 788 nelnner?
457 726 568 786 Curata
585 724 666 785 enim
687 721 815 805 vectigal
830 721 988 787 dicebatur
1007 718 1107 781 medio
1123 740 1216 793 aevo,
1237 732 1269 783 et
1284 744 1372 785 cura·

283 809 363 869 toria
391 809 443 869 dte
470 808 590 869 Steuen-
612 806 677 867 aad
692 806 954 878 ΑοοιζιείιιιιαΙιιιιε,
988 804 1053 864 vid.
1072 803 1124 863 Du
1146 804 1249 888 Gange
1266 804 1369 869 Gloss.

285 892 355 953 Lat.
370 891 405 953 h.
426 912 458 952 v.
479 902 509 951 et
523 893 672 951 Murator.
689 886 731 949 A.
752 886 779 949 l.
802 888 842 947 T.
863 886 904 947 ll.
920 906 955 987 p.
976 884 1029 948 28.

367 976 408 1034 D.
422 994 452 1034 a.
472 968 542 1060 [on
555 968 624 1054 an]
655 968 709 1033 τὸν
734 988 949 1051 τοποτηρητηιι
972 967 1035 1029 coin
1066 966 1199 1047 σχολῶν.
1238 968 1374 1033 Videtirr

285 1057 436 1135 vicarius,
458 1054 559 1117 locum
575 1066 703 1129 tenens,
734 1052 899 1115 Domestici
920 1049 1092 1117 scholarum
1111 1050 1212 1115 fuisse.
1256 1054 1297 1115 V.
1315 1054 1371 1116 Du

278 1140 388 1221 'Gange
403 1159 435 1199 v.
450 1139 667 1199 Lanternator.
983 1188 986 1199 .,
1227 1130 1230 1141 “
1422 1186 1426 1191 ,

368 1223 409 1281 D.
423 1222 455 1282 3.
487 1220 541 1301 61,
556 1217 626 1303 nm]
663 1216 882 1297 ὃνσυπᾶτοιις,
913 1214 1113 1297 centuplam
1132 1210 1374 1299 συγκλητικοΰς.

284 1304 331 1367 Μ.
349 1303 400 1365 bic
416 1326 458 1365 nu
555 1303 778 1365 distinctionem
793 1302 980 1385 agnoscunt.'
1014 1300 1085 1362 Non
1110 1301 1255 1380 dixerim,
1276 1322 1374 1383 quana

284 1387 363 1448 bene
380 1386 508 1466 maleae.
552 1386 663 1449 Putem
680 1398 802 1465 tamen,
832 1385 1014 1447 membranis
1038 1386 1138 1467 potius
1157 1383 1374 1465 obtemperan-

284 1466 361 1530 du'm
378 1481 455 1533 etex
472 1468 531 1531 illis
552 1468 728 1531 discendum
747 1488 829 1545 esse,
852 1462 969 1531 inaula
986 1467 1109 1529 CPtana
1121 1466 1211 1529 fnisse
1223 1466 1374 1549 Disbypad

285 1563 334 1615 tos
353 1552 529 1635 spatharios
554 1552 682 1635 duplicis
696 1552 834 1634 generis,
857 1572 934 1613 unos
949 1550 1091 1613 Basilicos
1110 1570 1162 1625 seu
1180 1550 1370 1632 imperiales,

287 1632 399 1697 alteros
413 1634 616 1719 Syncletioos,
644 1656 697 1697 seu
713 1634 908 1711 senatorios,
932 1653 1008 1718 qnos
1025 1634 1058 1693 in
1073 1636 1239 1711 comitatu,
1269 1633 1374 1715 dispo-

285 1719 394 1779 sitione
408 1717 626 1801 stipendiisque
637 1719 699 1781 suis
715 1716 865 1778 haberent
878 1718 1056 1796 Senatores,
1081 1717 1120 1776 ad
1137 1714 1272 1777 curanda
1286 1727 1375 1779 tuen·

286 1800 387 1884 daque
400 1803 658 1877 diversasecren,
681 1821 734 1862 seu
748 1798 922 1861 tribunalia.
966 1796 1201 1881 EP·¹i¹5·B·l·
1217 1809 1297 1861 certe
1316 1820 1380 1881 par-2

281 1881 350 1959 tet,
373 1889 539 1947 senatorios
555 1896 586 1945 et
599 1882 768 1965 imperiales
787 1884 921 1945 diversos
941 1881 1043 1945 fnisse·
1087 1882 1152 1943 Aut
1168 1893 1291 1965 possent
1310 1882 1375 1945 dici

283 1965 322 2028 lii
339 1967 501 2051 Dishypati
517 1966 669 2049 Spatbarii
687 1964 842 2063 syncletici
857 1964 932 2027 tales
948 1966 1057 2041 fuisse,
1080 1968 1133 2047 qui
1148 1965 1286 2048 quamvis
1301 1984 1377 2049 spa-

286 2050 380 2111 tharii
393 2061 505 2125 essent,
527 2062 630 2110 tamen
645 2048 841 2110 nihilominus
856 2048 895 2109 ad
911 2042 968 2127 τὴν
988 2047 1158 2129 σύγκλητον
1173 2048 1375 2131 pertinerent.

284 2132 368 2193 Nam
386 2154 476 2193 sensu
491 2132 639 2193 strictiore
661 2128 682 2212 ἧ
702 2127 873 2213 σύγκλητος
892 2142 964 2192 sunt
983 2142 1101 2191 tantum
1116 2130 1257 2192 officiales
1273 2132 1377 2193 civili-

286 2212 346 2275 bus
366 2216 458 2277 rebus
484 2214 680 2297 expediundis
704 2212 796 2295 lecti,
823 2235 899 2297 qnos
927 2216 1027 2274 Latini
1048 2227 1159 2295 togatos
1178 2226 1310 2294 vocant3
1336 2226 1378 2277 ut

286 2308 371 2379 patet
387 2319 404 2357 e
421 2300 520 2359 Nostri
535 2319 567 2379 p.
591 2296 659 2376 rin.
679 2297 714 2359 Β.
734 2296 784 2375 5.,
808 2298 863 2357 ubi
883 2298 1026 2379 patricius
1045 2296 1224 2379 syncleticus
1242 2298 1377 2379 patricio

287 2380 377 2441 alicui
402 2382 446 2466 τῷ
465 2375 529 2443 oind
554 2378 717 2457 enatato,
737 2390 858 2461 sagam,
884 2380 1027 2457 militari,
1058 2380 1379 2463 contradistinguitun

286 2462 404 2547 Hypati
428 2476 459 2525 et
475 2463 636 2546 Dishypati
661 2484 698 2523 ea
720 2473 819 2523 aetate
840 2462 879 2523 de
896 2464 1007 2524 infimis
1032 2474 1119 2523 erant
1134 2462 1373 2547 magistratibus.

286 2544 467 2630 *[Ducibus
482 2548 608 2609 Venetis
622 2557 800 2607 ornamenta
819 2556 850 2606 et
863 2544 987 2607 titulum
1004 2544 1118 2629 Hypati
1136 2546 1250 2609 dabant
1265 2548 1378 2609 Graeci

287 2628 512 2712 Imperatores3
540 2629 622 2690 unde
645 2632 737 2689 etiam
759 2630 897 2690 vestitus.
940 2630 1052 2690 Giann.
1077 2630 1116 2691 T.
1144 2629 1185 2690 11.
1204 2652 1237 2711 p.
1257 2628 1377 2713 3694*

286 2712 392 2775 Simile
413 2714 486 2775 huic
513 2712 611 2775 videri
636 2722 757 2794 posset,
786 2711 869 2796 quod
896 2712 1070 2795 sigebertus
1084 2712 1239 2773 Geinblac.
1267 2712 1375 2789 refert,

282 2796 472 2857 Clodovenm
490 2794 530 2855 ab
550 2796 710 2857 Anastasio
733 2794 919 2879 Imperatore
946 2796 1098 2893 codioillac
1116 2796 1155 2857 de
1174 2796 1324 2893 conndatu
1345 2810 1381 2858 ee

285 2878 1378 3043 ttt'tfflttttfftltgtitfflllitmtt

278 3041 344 3127 ⁴lios
366 3040 505 3127 Hypatos
526 3062 562 3103 ea
579 3063 642 3103 non
657 3044 822 3124 pertinent.
866 3044 999 3105 Multum
1015 3042 1188 3105 deiecerant
1203 3044 1306 3105 Nostri
1322 3066 1378 3107 ae-

285 3134 350 3186 tate
367 3125 513 3189 Consules
532 3122 574 3186 ab
590 3124 716 3207 antiqno
736 3123 907 3208 splendore.
950 3126 1039 3187 Conl.
1060 3148 1138 3209 quae
1156 3126 1266 3191 dixtin
1289 3126 1379 3189 Actis

285 3206 446 3271 Eruditor.
465 3208 550 3269 Anni
573 3228 586 3269 ι
611 3206 662 3269 51.
685 3209 718 3267 in
739 3210 915 3272 recensione
935 3208 1073 3271 Eduardi
1089 3210 1207 3270 Corsini
1228 3210 1378 3272 Notarum

341 3314 482 3368 ananim,
505 3291 559 3353 ubi
605 3292 700 3375 ypati
717 3302 747 3352 et
767 3290 925 3376 Spotlima'i
942 3295 1056 3353 mentio
1074 3291 1109 3353 lit
1126 3294 1156 3355 in
1175 3290 1260 3353 bulla
1278 3291 1378 3375 plum·

347 3420 357 3438 .
401 3376 473 3439 vid.
490 3376 543 3436 Du
559 3374 663 3458 Gange
679 3372 779 3435 Gloss.
800 3376 901 3437 Latin.
923 3396 955 3437 v.
968 3376 1148 3459 vDissipatis
1168 3385 1198 3436 et
1220 3374 1376 3460 Hypanis.

270 3458 326 3518 ·ln
347 3462 524 3521 universnm
542 3456 617 3517 baec
634 3457 672 3519 de
691 3457 887 3540 dignitatibus
909 3457 997 3519 aulae
1012 3460 1195 3541 Byzantinos
1209 3470 1240 3518 et
1254 3460 1379 3541 provin·

287 3541 415 3603 cialibus
428 3562 468 3602 eo
484 3553 622 3622 tempore
636 3542 862 3622 magistratibus
878 3542 1015 3603 doctrina
1034 3541 1219 3625 perobscura
1238 3552 1295 3603 est.

369 3626 410 3684 D.
425 3647 455 3708 7.
474 3622 542 3706 [6⁹¹³
564 3620 610 3705 1.]
630 3616 706 3694 roric
726 3618 790 3684 nino*
809 3614 967 3704 ἐπίίρχων.
988 3624 1198 3709 Expraffecti.
1240 3624 1310 3685 Non
1323 3623 1379 3687 hic

271 3704 327 3765 ·de
342 3705 402 3767 illis
414 3705 630 3789 cogitandum,
654 3706 709 3787 qui
731 3707 921 3788 praefectura
940 3706 1025 3769 urbis
1043 3718 1187 3790 augustae
1202 3706 1300 3769 functi
1318 3707 1380 3769 ali-

286 3790 410 3869 quando
426 3799 544 3862 essent,
575 3788 630 3849 aed
646 3788 772 3850 metunt
793 3789 826 3851 bi
843 3791 1050 3874 Erpmel'eoti,
1076 3792 1129 3874 qui
1145 3790 1219 3851 olim
1241 3790 1379 3873 Eparcbi

286 3871 486 3952 provinciales
505 3872 646 3950 fumant,
667 3871 773 3953 quales
795 3873 898 3954 paullo
915 3886 986 3935 ante
1003 3872 1040 3935 C.
1067 3894 1114 3934 so.
1138 3894 1208 3933 cum
1230 3869 1379 3935 amad.

285 3974 352 4026 τοις
374 3955 438 4015 τῶν
459 3951 609 4031 θεμάτων
621 3956 780 4016 memorati
793 3956 928 4019 filerunt.
971 3956 1183 4039 Unaquaeque
1199 3960 1279 4018 enim
1290 3976 1379 4037 epart·

285 4036 356 4097 obia
384 4038 507 4098 ridetur
531 4058 622 4099 mum
638 4038 804 4118 oparchum
822 4040 974 4101 habuisse.
1019 4038 1158 4101 laetare
1177 4040 1379 4101 confirmatur

284 4138 318 4202 p.
330 4120 401 4199 4¹⁰·
411 4122 445 4182 B.
455 4118 526 4194 ule,
547 4116 827 4221 ubiotparploim
842 4117 1377 4205 lnlvdepnitoaafstmtelatneiitpm-

273 4206 609 4269 -nina‘r's’oomtitatti‘ct
632 4221 664 4269 οι
689 4194 753 4270 dod
786 4198 935 4291 ἐπάρχων
960 4226 1018 4291 pro
1038 4205 1145 4271 iisdem
1169 4194 1374 4290 accipientem.

598 4375 611 4436 l
