2975 4892
338 317 425 434 370
572 345 628 412 ro.
658 345 738 412 rac.
768 347 915 411 suurn
940 309 1222 414 counauulau

339 505 491 566 maiorum
512 503 692 586 dignitatum
721 502 834 575 fuerit,
858 524 945 586 ‘quac
970 525 1024 585 per
1044 527 1144 567 sacras
1164 501 1295 588 epistolas
1313 504 1395 586 impe·

339 597 508 664 narentur,
533 586 608 648 illud
629 588 793 664 minorum,
809 607 886 668 quae
906 608 960 668 per
975 589 1178 669 probatorium
1196 590 1398 663 obtinerentur,

341 671 510 732 examinent
533 669 596 730 alii.
638 670 715 730 Mihi
745 670 867 750 quidem
888 672 1009 731 videtur
1028 671 1087 734 boc
1105 685 1240 734 nostrum
1258 681 1341 752 caput
1357 669 1395 729 illi

340 753 461 830 favere,
490 755 522 814 in
551 775 612 834 quo
640 753 885 834 interpretando,
913 757 938 814 si
964 757 1063 834 patiar
1085 758 1131 835 it,
1149 757 1228 838 quod
1254 775 1350 815 vereor
1366 772 1400 812 ne

339 837 416 896 mihi
437 839 611 918 contingat,
641 857 749 896 vereor
781 847 883 896 autem
904 858 941 897 ne
962 859 1068 918 parum
1098 840 1266 907 satisfecero
1284 836 1403 897 eruditae

340 919 595 1002 lurisprudentiae
626 919 784 994 studiosis,
822 920 1015 980 meminerint
1047 920 1140 982 velim
1167 942 1185 982 a
1212 921 1312 982 studiis
1339 920 1401 976 iuris

339 1003 423 1062 omni
454 1005 517 1062 vita
550 1023 598 1062 me
619 999 751 1062 alienum
779 1001 891 1074 luisse,
926 1004 1049 1064 ethaeo
1074 1026 1160 1066 sacra
1189 1026 1250 1066 non
1271 1005 1324 1062 nisi
1341 1021 1403 1060 coa·

339 1096 441 1165 ctum,
464 1085 580 1146 serente
598 1085 639 1145 sic
660 1083 730 1145 libri
763 1083 853 1144 buius
873 1087 950 1146 serie
969 1098 1000 1147 et
1021 1099 1226 1170 argumento,
1249 1089 1402 1166 attingere,

338 1188 401 1228 non
425 1170 488 1228 sine
509 1179 592 1228 metu
614 1177 643 1228 et
664 1170 920 1249 tergiversatione.

421 1251 463 1311 D.
479 1249 535 1312 ult.
558 1247 648 1333 [589,
670 1251 716 1333 7.]
739 1242 838 1334 αὐτῷ.
888 1251 963 1313 Esse
982 1273 1038 1334 pro
1059 1245 1140 1322 adri
1170 1275 1205 1316 ex
1225 1248 1408 1318 more‘libra-

338 1333 376 1394 rii
398 1352 414 1392 ο
435 1345 466 1394 et
486 1355 511 1394 ω
533 1335 703 1416 promiscue
722 1333 878 1410 habendi,
900 1336 949 1396 vix
970 1335 1095 1417 dignum
1116 1340 1310 1398 annotatione
1328 1333 1406 1394 duco.

338 1417 382 1479 Et
401 1415 528 1478 sufficiat
563 1413 656 1478 semel
686 1428 739 1477 aut
768 1417 879 1498 oppido
905 1439 975 1479 ratu
996 1417 1068 1480 talia
1098 1423 1273 1496 monuisse,
1294 1433 1410 1500 quorum

339 1499 510 1562 emendatio
531 1498 580 1562 vel
601 1513 637 1561 ex
658 1499 768 1562 Latina
786 1501 1031 1582 interpretatione
1060 1504 1134 1564 satis
1153 1502 1254 1585 colligi

402 1582 530 1668 nopd.
550 1605 575 1644 r.
601 1581 755 1666 [589,7.]
784 1579 841 1643 καί
871 1577 963 1644 τοῦτό
993 1583 1064 1647 ἐστι
1095 1581 1116 1666 ἧ
1149 1605 1298 1664 στρατεια
1317 1575 1415 1643 aaut.

339 1663 385 1730 Et
398 1664 471 1727 baec
496 1679 539 1728 est
559 1667 668 1727 nu'litia
689 1670 766 1741 ebes,
808 1688 860 1728 seu
880 1666 1001 1728 traditio
1020 1670 1258 1751 virgae-aureae
1277 1687 1312 1726 ex
1332 1681 1413 1724 manu

340 1745 535 1832 imperatoris
554 1751 587 1810 in
606 1771 704 1830 suam,
727 1761 773 1812 est
791 1750 970 1812 investitura
989 1752 1073 1827 eius,
1093 1764 1141 1818 est
1161 1749 1345 1836 symbolum,
1364 1763 1417 1827 quo

339 1835 405 1915 ipso
427 1834 597 1894 declaratur
622 1845 652 1895 et
680 1835 872 1894 constituitur
903 1833 1012 1915 aliquis
1032 1833 1238 1896 silentiarius.
1282 1831 1413 1894 Solebant

340 1915 414 1978 olim
439 1917 615 2000 dignitates.
633 1928 687 1978 aut
718 1909 773 1976 dmi
805 1911 917 1995 λόγου,
937 1917 1066 1998 simplici
1093 1919 1194 1979 verbo
1215 1929 1247 1978 et
1269 1918 1348 1977 iussu
1363 1913 1418 1971 lm·

338 2003 500 2081 peratoris,
522 2011 575 2062 ant
595 2021 649 2082 per
670 1998 843 2077 codicillos,
864 2009 918 2058 aut
941 1993 995 2060 dui
1009 1998 1185 2080 βραβείων,
1206 2001 1324 2060 traditis
1334 1997 1420 2057 bono-

338 2104 407 2144 rum
434 2085 539 2164 signis,
570 2081 711 2143 conferri.
764 2083 834 2160 Qua
861 2081 952 2143 dere
972 2083 1051 2144 insta
1080 2082 1175 2145 latius
1211 2083 1369 2144 disseretur
1387 2075 1422 2136 ad

339 2165 584 2246 Cletorologium.
630 2165 689 2224 Hic
710 2175 830 2227 tantum
850 2164 1027 2245 annotabo,
1049 2165 1136 2228 baud
1159 2188 1234 2228 raro
1254 2162 1422 2248 sigusina,

338 2249 449 2330 quibus
469 2252 535 2329 quis
563 2249 759 2308 investiretur
789 2259 821 2308 et
847 2269 926 2309 novo
947 2253 1066 2310 muneri
1093 2251 1339 2331 praeficeretur,
1357 2264 1422 2326 pro·
1473 2268 1474 2271 ’

338 2331 404 2412 pria
438 2340 468 2390 et
501 2331 726 2392 accommodata
759 2330 803 2391 illi
833 2332 951 2392 muneri
979 2332 1087 2413 fuisse.
1137 2332 1382 2396 Silentiarionrm
1398 2335 1425 2385 et

338 2414 547 2490 ostiariorum,
568 2435 732 2494 quoscum
752 2413 943 2478 Marscballis
961 2413 1152 2478 nostratibus
1176 2435 1346 2498 compares,
1366 2418 1424 2472 crat

339 2497 370 2556 in
392 2497 545 2558 structione
563 2499 610 2558 sui
631 2499 781 2573 muneris,
802 2497 924 2580 quando
955 2499 1191 2561 introducerent
1212 2499 1329 2583 legatos
1347 2495 1427 2557 alios·

326 2579 376 2641 've
395 2592 449 2641 aut
477 2581 688 2660 praecederent
724 2583 963 2663 processionem,
1005 2584 1128 2664 virgam
1152 2605 1310 2661 auream,
1340 2579 1372 2641 id
1390 2585 1429 2636 est

338 2680 429 2723 aurea
457 2662 578 2724 bractea
599 2665 768 2743 inductam,
794 2675 920 2746 gestare.
941 2665 1079 2726 Traditio
1110 2688 1191 2750 ergo
1210 2667 1284 2729 talis
1309 2667 1427 2746 virgae,

339 2767 432 2828 quam
453 2745 593 2828 deinceps
613 2749 645 2808 in
673 2748 827 2809 funcdone
846 2748 893 2807 sui
915 2751 1049 2811 muueris
1068 2763 1240 2831 gererent,
1266 2759 1333 2812 erat
1359 2745 1429 2826 opti-

337 2849 422 2890 mum
444 2840 474 2889 et
499 2831 627 2890 maxime
642 2831 903 2892 accommodatum
925 2833 1046 2913 signum
1067 2835 1291 2896 investiturae.
1340 2832 1384 2891 lto
1401 2828 1430 2885 iu

338 2910 535 2973 ecclesiastico
562 2914 668 2974 ordine
699 2914 926 2997 hypodiaconus
965 2915 1135 2977 traditione
1164 2918 1227 2978 τοῦ
1262 2909 1433 2998 lapurdo&

338 3013 415 3057 otoo
437 3015 490 3056 seu
527 2995 663 3056 malluvii
695 2997 932 3074 investiebatur,
968 3019 1023 3059 seu
1055 3000 1300 3079 ordinabatur,
1322 2995 1431 3059 etdia·

337 3096 432 3136 conus
461 3077 623 3139 traditione
651 3080 708 3139 τοῦ
740 3077 900 3160 ριπιδιόυ,
935 3101 989 3141 sen
1012 3079 1153 3157 llabelli,
1190 3086 1342 3166 quoniam
1363 3078 1434 3140 illius

339 3170 403 3220 erat
424 3181 534 3241 aquam
555 3162 701 3222 sacerdoti
731 3162 846 3223 lavanti
868 3162 1023 3224 affirndere
1056 3178 1095 3226 et*
1127 3169 1254 3249 pelvim
1275 3168 1434 3232 sustineret

337 3239 427 3303 huius
448 3264 567 3304 muscas
587 3243 706 3306 flabello
726 3268 746 3306 a
766 3248 876 3306 sanctis
896 3247 984 3308 donis
997 3247 1139 3330 abigere.
1186 3253 1265 3312 Pari
1287 3248 1377 3312 modo
1394 3245 1436 3304 ἢ·

337 3323 617 3408 ἀειιῑυνιριῆιιοίρεε
638 3328 799 3390 orientales
821 3331 999 3391 investiissc.
1042 3332 1091 3391 De
1115 3332 1308 3395 Alaoddino
1331 3332 1435 3392 ctore-

337 3407 530 3488 zimscliab0,
565 3414 774 3491 potentissimo
809 3422 875 3472 tum
905 3425 937 3473 et
970 3415 1290 3496 magnificentissimo
1320 3412 1435 3477 orientis

336 3495 492 3574 principe,
529 3505 632 3554 narrat
664 3494 817 3555 Abulscda
849 3495 887 3554 ad
916 3496 957 3556 A.
988 3496 1026 3556 F.
1049 3499 1129 3561 628.
1155 3523 1214 3561 seu
1239 3503 1318 3564 Chr.
1347 3499 1436 3566 2231«,

298 3646 301 3656 .
336 3593 397 3651 quo
418 3577 475 3635 ista
497 3575 633 3657 dynastia
655 3577 901 3639 aGeulischano
919 3600 1025 3640 eversa
1045 3582 1155 3658 desiit,
1182 3587 1256 3646 cius
1276 3583 1437 3645 auicomn

337 3661 538 3737 quamquain
560 3659 674 3720 vexillis
695 3664 757 3721 suis
777 3673 882 3722 notam
906 3683 962 3724 suo
981 3667 1104 3725 muneri
1128 3673 1375 3731 convenientem
1394 3681 1441 3743 ge-

335 3747 438 3832 stasse.
482 3738 522 3799 In
549 3745 673 3802 uexillis
701 3748 761 3806 suis
781 3767 882 3804 eonon
908 3748 1029 3831 qrrisqroe
1051 3751 1219 3828 gestabat,
1256 3755 1326 3829 ait,
1347 3760 1439 3808 notam

335 3838 478 3897 nigram,
501 3843 589 3905 equa
616 3827 842 3907 dr'gaascereutr.
886 3827 938 3888 Sic
961 3832 1075 3910 sigium
1109 3832 1330 3907 Dawadnri,
1352 3831 1444 3916 [atra-

335 3902 484 3962 mentario
517 3905 564 3964 vel
600 3909 740 3970 Canicleo
763 3911 924 3992 praefecti,
954 3913 1133 3974 cancellarii
1151 3916 1178 3999 ,]
1203 3935 1277 3979 errat
1299 3933 1441 3978 atravaten-

334 3984 453 4078 tarium·
494 3986 790 4066 Sunamsetictast,
819 3993 884 4076 [seu
904 3996 969 4055 eius
991 3996 1044 4076 qui
1066 4018 1166 4061 arma
1187 4003 1342 4085 principis
1362 3996 1442 4082 gerit,

335 4064 490 4145 scutiferi,
519 4069 579 4130 τοῦ
605 4068 853 4152 ὑπερασπιστοῦ,
897 4078 1089 4162 protectoris]
1127 4101 1206 4145 emt
1225 4109 1318 4146 anns
1350 4084 1398 4168 [nt
1417 4081 1442 4136 in

334 4144 404 4206 aula
422 4150 563 4246 principis
583 4155 713 4236 Scythici
736 4180 790 4239 par
806 4158 899 4242 erat}
944 4161 1150 4226 Tesclrtedari
1169 4165 1249 4252 [seu
1272 4157 1443 4251 pincernae]

331 4241 399 4304 crat
411 4230 538 4294 metet
560 4235 696 4320 [videtur
716 4239 821 4323 lagena
841 4254 982 4326 argentea
1003 4267 1080 4326 csse,
1104 4263 1168 4312 aut
1194 4253 1364 4335 poculum5
1392 4265 1444 4310 non
