2975 4892
102 289 158 358 ιιι
194 267 1008 358 coumsrr.ronrn.nn'cmm.tm112
1040 263 1124 380 725

51 451 220 512 memoriam
247 457 278 510 et
307 444 502 510 simulacrum
537 447 680 509 victoriae
706 445 746 510 de
775 446 936 522 Udalrico,
995 448 1129 514 trimelm

51 532 252 614 Aquileiensi,
281 541 406 612 partae,
433 551 493 612 qua
513 532 576 612 ipse
594 539 699 613 captus
719 531 777 593 fuit
796 551 867 592 cum
886 531 929 592 du
969 533 1047 594 ecim
1066 537 1129 598 m'n

51 616 198 676 canonicis
231 623 262 674 et
290 612 429 695 deinceps
462 612 601 674 dimissus
632 633 668 674 ee
687 611 785 696 lege,
815 625 852 675 ut
870 613 1005 696 singulos
1025 625 1129 678 letum

52 709 79 758 et
97 697 251 758 duodenos
280 715 388 776 porcos
414 698 576 778 quotannis
609 695 753 757 Venetiae
780 697 935 770 mitteret,
964 698 997 758 in
1017 698 1129 781 quiem

50 781 214 862 exemplum
234 788 415 840 statueretur
434 797 559 859 poenae,
583 799 676 862 quam
700 778 871 861 patriarcha
890 799 963 841 eum
983 783 1046 842 stris
1063 801 1129 842 me·

51 865 164 924 runem.
203 863 326 922 Taurus
355 863 436 922 enim
470 861 671 943 patriarcham
706 861 836 924 debebat
856 861 1020 938 simulcra,
1042 867 1128 946 porei

50 946 209 1090 tffi't't
226 943 1129 1108 ,ffls‘i‘t‘lsstt‘tffllltmlttltffitt

51 1110 133 1172 lanus
154 1109 266 1172 ibidem
286 1131 319 1191 p.
334 1108 410 1173 852.
443 1108 481 1169 de
501 1108 707 1183 Florentinis,
740 1111 794 1194 qui
819 1111 949 1172 victores
969 1113 1129 1176 moenibus

50 1194 204 1255 Arretinae
225 1191 396 1270 instabant,
425 1203 547 1254 narrat:
563 1195 706 1273 secionvi
727 1214 844 1254 comte
867 1194 997 1292 ilpnlio
1011 1216 1072 1280 per
1095 1197 1129 1256 la

38 1279 117 1354 fieta
143 1276 180 1336 di
206 1275 271 1336 San
304 1275 476 1348 oronaim,
512 1298 530 1336 e
558 1277 732 1338 rizzamnvt'
754 1278 812 1360 pin
828 1275 933 1357 difidz,
956 1299 974 1338 e
1001 1299 1129 1360 manga·

49 1360 157 1502 pontii
182 1360 264 1420 ason
288 1378 344 1420 con
366 1357 400 1420 lc
426 1361 516 1420 nana
548 1360 581 1420 in
609 1377 684 1443 capo
710 1377 772 1443 per
795 1361 971 1445 roupi-oncri>
989 1360 1042 1422 det
1062 1361 1129 1424 lom

79 1461 236 1585 emill-oio.
253 1521 415 1599 [dimam]
433 1517 474 1583 roi
493 1515 615 1584 τούτων
636 1515 759 1602 δόρατα
776 1518 855 1602 md
879 1521 944 1584 τῶν
963 1525 1130 1607 pinarell-

51 1607 108 1666 λον
119 1605 151 1680 ἐξ
164 1601 378 1688 ἀντιστρόφου
391 1605 548 1667 τιθέασιν.
570 1605 706 1666 inversio
717 1627 872 1667 armorum
883 1617 914 1666 et
925 1603 1130 1670 ilamullorum

50 1709 96 1748 seu
105 1686 301 1764 ilabellorum,
317 1688 349 1747 id
362 1700 406 1748 est
417 1690 583 1770 signorum,
598 1689 785 1770 significabat
793 1691 905 1771 partim
915 1687 1130 1771 professionem

51 1783 79 1830 et
97 1773 279 1853 agnitionem
292 1773 455 1853 superioris
471 1773 543 1832 novi
560 1771 687 1850 domini,
709 1775 759 1833 cui
772 1772 868 1833 veluti
881 1774 915 1832 in
926 1771 1129 1833 obedientiam
1225 1809 1228 1813 <

51 1851 336 1929 illainclinabsntur,
346 1855 455 1936 purtim
466 1853 708 1936 degradationem
723 1857 833 1916 veteris
848 1853 964 1916 domini
979 1866 1011 1916 et
1023 1856 1130 1916 reseis-

52 1935 156 1997 sionem
169 1937 349 1998 sacrementi
363 1938 417 2020 ipsi
438 1936 511 1998 olim
522 1940 668 2018 praestiti.
696 1937 743 1998 lta
756 1938 829 1998 olim
848 1948 916 2019 post
927 1947 1058 1998 mortem
1068 1939 1131 1998 Au·

50 2021 121 2100 gusti
135 2023 167 2080 in
185 2023 259 2079 novi
276 2019 504 2102 inauguratione
523 2021 753 2082 invertebantur
766 2031 797 2082 et
813 2019 1027 2082 sternebantur
1043 2019 1131 2082 humi

52 2102 127 2182 signa
137 2115 166 2163 et
177 2102 293 2174 hastae,
309 2103 405 2163 donec
417 2123 498 2164 novo
507 2107 680 2165 renuntiato
694 2125 799 2164 rursus
810 2106 1009 2186 erigerentur.
1031 2103 1132 2166 toves

52 2185 126 2245 sione
137 2184 190 2246 illa
205 2182 422 2266 profitebantur
435 2184 556 2260 milites,
572 2188 788 2269 lmperstorem
799 2207 833 2248 se
843 2207 906 2247 non
914 2185 1048 2248 liaberet
1071 2207 1132 2247 ere·

50 2268 139 2328 ctione
153 2279 257 2329 eutem
271 2269 459 2329 testabantur
470 2289 574 2329 recens
583 2269 679 2331 eleeto
694 2280 915 2331 sacramentum
927 2289 960 2330 se
972 2268 1073 2330 dicere
1083 2269 1133 2329 de-

51 2347 178 2432 bitosque
193 2351 325 2411 honores
342 2350 491 2412 exhibere.
510 2352 628 2414 Pariter
638 2355 671 2414 in
682 2373 715 2412 rc
725 2355 876 2434 prne'eenti
884 2353 1132 2413 Snmcenioorum

52 2431 196 2512 signorum
218 2443 249 2493 et
268 2431 425 2494 hastarum
445 2436 616 2498 inversione
645 2434 889 2518 significabatur,
908 2435 1074 2496 Saracenos
1091 2435 1132 2496 ab

52 2511 125 2578 illius
146 2515 282 2577 dominio
302 2517 415 2578 solutos
436 2537 517 2594 esse,
539 2521 588 2578 cui
608 2517 681 2580 olim
702 2519 741 2578 nd
764 2522 821 2579 iste
839 2518 925 2599 sigua
945 2518 1036 2578 iidem
1056 2537 1131 2578 con-
1157 2551 1165 2562 ·

52 2595 189 2660 dixerint:
215 2601 364 2660 erectione
385 2610 488 2660 autem
508 2619 559 2660 eos
577 2600 618 2661 ad
639 2601 748 2660 Graeci
768 2601 978 2682 imperatoris,
1006 2602 1131 2662 victoris
1238 2627 1251 2648 ·

52 2683 111 2753 sui,
132 2681 303 2744 dominium
335 2683 463 2744 transire
494 2685 581 2765 eique
602 2693 824 2746 sacramentum
851 2682 952 2742 dicere
974 2693 1005 2743 et
1025 2700 1132 2764 parere

52 2762 132 2824 velle.
176 2766 204 2826 A
230 2765 272 2825 ud
293 2766 416 2828 Latinos
438 2785 558 2848 quoque
579 2765 679 2828 medio
691 2787 767 2827 sero
784 2768 818 2826 in
838 2763 1053 2847 degradatione
1073 2785 1131 2825 no-

51 2841 149 2907 bilium
179 2848 196 2908 f
220 2850 308 2908 oniae
341 2849 554 2910 damnatorum
598 2869 661 2910 non
697 2859 818 2910 tantm
844 2847 926 2908 bona
953 2859 985 2908 et
1009 2847 1132 2910 libertas

52 2927 116 3007 ipsis
136 2929 301 3012 liberisque
320 2929 547 3009 sumebantur,
577 2931 630 2994 sed
654 2931 747 2992 etiam
767 2935 801 2992 in
829 2933 894 2991 eius
914 2933 960 2991 rei
980 2930 1133 3013 significe-

51 3011 154 3074 tionem
177 3034 262 3074 arma
294 3014 483 3096 proditorum
503 3013 625 3096 publice
657 3017 886 3077 invertebantur
913 3034 967 3075 seu
995 3033 1131 3077 metae·

50 3090 170 3175 hantur3
191 3117 225 3157 v.
245 3097 296 3156 Du
316 3097 416 3180 Gange
438 3120 469 3159 v.
491 3097 589 3158 Arma
605 3113 767 3160 reversata.
1085 3121 1089 3131 ·

123 3177 160 3239 Β.
177 3197 208 3240 2.
233 3177 386 3263 [611,6.]
419 3174 587 3260 κράζοντος
606 3181 665 3241 τοῦ
683 3181 765 3242 λαοῦ
792 3175 836 3259 μ’.
884 3177 1052 3261 Battologia
1079 3176 1133 3238 illa

51 3263 157 3342 saepius
178 3262 306 3322 eandem
327 3263 488 3323 formulam
508 3265 540 3322 in
561 3264 640 3324 votis
661 3265 804 3325 arideum
824 3262 956 3322 iterandi
976 3261 1016 3322 ab
1035 3261 1133 3322 eccle·

50 3341 88 3400 sia
107 3345 221 3404 Graece
241 3355 272 3404 et
292 3345 400 3416 Latina
421 3345 460 3406 ad
482 3343 754 3407 Muhammedanos
770 3347 915 3406 manavit.
956 3345 1029 3422 Qun
1049 3343 1087 3403 de
1100 3364 1133 3403 re

51 3423 117 3486 alins
136 3427 245 3510 agendi
266 3427 350 3489 locus
371 3431 440 3490 erit.
482 3429 584 3490 Simile
605 3439 708 3490 nostro
736 3429 805 3490 loeo
825 3427 903 3489 illud
923 3429 1021 3486 estin
1043 3425 1134 3486 Ritu-

51 3504 86 3565 ali
116 3509 256 3570 Romano
286 3511 473 3573 Cassinensi.
496 3511 577 3594 apud
600 3511 826 3572 Mabillonum:
865 3529 886 3569 ο
911 3509 1011 3570 meme
1042 3511 1135 3570 nodis

51 3605 230 3653 concurrente
241 3594 354 3677 populo
374 3607 483 3656 exeunt
494 3616 560 3655 eam
577 3597 689 3656 letania
712 3595 758 3654 ud
776 3593 810 3653 S.
826 3592 961 3652 Marium
974 3594 1132 3664 mimenni,

51 3674 191 3736 mundatis
204 3697 264 3759 per
284 3678 367 3737 niam
380 3677 489 3762 plateis
512 3691 540 3738 et
555 3680 698 3763 unpensic
718 3696 779 3760 per
801 3675 906 3736 domos
924 3675 1050 3736 licernes
1077 3675 1135 3734 iht-

50 3773 100 3834 que
120 3757 154 3818 in
173 3759 315 3840 gradibus
339 3758 371 3818 S.
395 3759 514 3822 Mariae
538 3761 672 3846 deposita
702 3761 789 3820 icona
812 3760 909 3818 omnir
925 3759 1033 3818 citerus
1051 3760 1136 3818 οἰνο-

52 3855 111 3895 rum
143 3861 179 3900 nc
194 3843 354 3902 mulierum
376 3875 417 3892 ·-
442 3865 503 3903 rara
531 3866 603 3909 vere
628 3865 687 3926 per
717 3861 871 3904 timuerim
897 3839 1001 3902 clinmt
1031 3846 1137 3901 centres

53 3915 141 3994 Kyrie
156 3923 286 4000 dolon,
309 3928 413 3984 centies
443 3925 555 3986 Clut'ste
577 3929 708 4003 eleuet,
732 3927 802 3984 item
828 3926 933 3999 caries
946 3921 1043 4002 Kyrie
1064 3924 1122 3993 a'lei
1134 3964 1137 3971 -

54 4019 112 4060 son.
155 4003 271 4066 Concil.
294 4005 427 4068 Vasense
447 4008 510 4069 An.
526 4007 599 4092 5²9·
614 4008 710 4091 (apud
722 4009 774 4068 Du
785 4007 935 4087 Congium
948 4005 1049 4070 Gloss.
1066 4004 1134 4064 Lat.

54 4101 80 4140 v.
98 4083 266 4167 Kyrteles)=
301 4093 422 4174 etquid
441 4105 503 4150 tam
523 4093 557 4154 in
578 4091 646 4152 sede
660 4091 835 4176 apostolica,
858 4109 949 4172 pram
966 4091 1057 4150 etiam
1079 4107 1138 4170 per

54 4175 122 4228 lotas
148 4173 305 4238 orientales
324 4188 411 4260 atque
436 4172 546 4238 [rdine
570 4177 748 4260 ριοοὺιειὶιι
771 4171 867 4235 disicit
893 4183 923 4234 et
949 4173 1124 4232 reinuicm'sa
