2975 4892
219 300 277 367 sn
307 301 532 368 conemur.
561 304 711 372 nonen.
739 308 794 372 nu
828 307 966 382 cmm
996 315 1072 380 ua.
1103 317 1128 381 1.
1159 285 1239 376 361

160 457 347 602 praefatione
361 457 442 534 dixi,
463 460 660 543 quamobrem
683 483 797 545 gnarus
813 475 845 526 et
866 465 999 548 prudens
1013 467 1071 530 hac
1093 471 1126 530 in
1146 491 1180 532 re
1203 471 1245 534 li..

186 539 269 602 rario
280 544 401 624 potins,
422 544 475 626 qui
496 544 687 608 membranas·
698 557 815 611 nostras
832 551 988 632 exaravit,
1010 573 1101 636 quam
1120 555 1240 618 saeculo

160 636 267 687 nostro
281 648 397 688 rnorem
415 631 568 710 gesserim.

245 710 280 770 B.
298 706 329 787 4
340 707 434 853 3381,
453 709 515 794 ιι.]
537 709 734 793 πανδουρῶν.
755 715 855 794 Quale
870 719 910 780 sit
925 720 1159 780 instrumentum
1172 740 1241 782 mu·

161 793 259 854 sicum
279 815 339 874 pan
363 815 438 870 ura,
470 815 504 854 ex
516 796 628 857 Nostro
648 796 770 880 quidem
791 821 852 862 non
871 815 1008 883 apparet.
1049 803 1091 862 At
1111 803 1241 864 Chroni-

161 897 222 936 con
240 875 478 938 Alexandrinum
499 880 602 980 prodit
617 879 723 942 tibiam
744 900 824 957 esse,
854 888 939 946 cuius
959 907 987 968 p.
1010 885 1081 946 268.
1098 885 1172 946 hoec
1194 885 1239 948 le-

160 971 299 1044 guntur=
320 956 349 1020 ol
376 949 433 1020 οὖν
451 951 581 1024 ἕκαστον
596 959 740 1042 ἀριθμοῦ
761 961 953 1048 πανδοῧροι,
974 969 1103 1030 soenes
1134 973 1235 1030 uario»

161 1047 298 1130 aulaque
312 1047 436 1106 cohortis
443 1087 457 1116 ,
478 1037 540 1105 utut
562 1037 696 1127 ἑσπέρας
714 1046 850 1146 [vespera
881 1051 939 1112 diei
967 1050 1171 1135 antecedenti]
1195 1049 1240 1124 εἰς

160 1122 237 1198 τούς
258 1121 363 1224 οἴκρυς
382 1119 527 1224 eineder&
547 1126 610 1189 τῶν
630 1129 805 1196 καλουντων
828 1128 884 1206 οὓς
918 1124 1032 1215 ἤθελον
1053 1133 1102 1193 ἐπ’
1123 1131 1245 1220 ἀρίστῳ

161 1208 208 1284 εἰς
224 1204 282 1290 τὴν
299 1210 389 1289 εξῆς,
419 1213 535 1288 nolens
555 1205 635 1292 πρὸς
661 1207 697 1272 τὸ
724 1215 841 1291 γνῶναι
866 1215 975 1288 ἐκεῖσε.
1018 1219 1057 1278 lt.
1080 1219 1143 1278 vita
1163 1228 1243 1278 msto

162 1294 297 1354 Simeon.
313 1293 408 1356 Soli:
427 1288 540 1372 ἔλαβεν
553 1293 587 1356 ἐν
606 1294 666 1376 μιᾷ
684 1292 856 1380 πανδούριν
869 1296 925 1361 καὶ
943 1289 1054 1382 ἤρξατο
1069 1297 1176 1360 αὐλεῖν
1195 1297 1241 1370 εἷς

161 1370 368 1456 στενορύμην.
413 1379 479 1438 Hoc
496 1378 563 1438 ideo
578 1377 762 1440 mouendum
776 1380 866 1456 duxi,
888 1386 959 1465 quia
977 1393 1091 1446 veteres
1109 1382 1242 1443 trichor-

160 1459 237 1520 dum
256 1459 427 1543 pandnram
441 1459 653 1544 appellabant3
666 1463 729 1522 vid.
749 1461 875 1526 Salmas.
899 1465 939 1526 sd
961 1467 1027 1527 Ser.
1053 1465 1131 1526 Hist.
1157 1465 1240 1548 Aug.

159 1543 201 1603 Τ.
215 1544 241 1602 1.
257 1566 288 1626 p.
304 1541 377 1628 ⁰74·
419 1543 633 1606 Panduramne
650 1543 748 1607 voluit
766 1546 965 1627 Anastasius,
984 1552 1016 1608 in
1037 1549 1123 1610 onius
1146 1548 1239 1609 Adri-

159 1648 220 1688 ano
241 1627 265 1689 l.
286 1649 320 1708 p.
350 1649 417 1709 ¹⁰7·
438 1627 512 1688 haec
542 1627 707 1709 legunture
736 1629 865 1692 Direxit
888 1634 921 1691 in
948 1634 1009 1692 eius
1036 1629 1150 1712 [Caroli
1179 1631 1240 1711 Μ.]

160 1731 311 1772 ocucmun
328 1713 478 1773 weversor
493 1709 623 1792 naedz'ces,
641 1713 758 1792 adfire
774 1711 825 1774 50.
847 1716 945 1774 millia
968 1715 1006 1774 ab
1027 1716 1084 1772 bac
1104 1715 1240 1774 Romana

159 1794 250 1868 who,
274 1795 306 1854 in
326 1794 432 1867 loewn,
445 1795 499 1878 qui
513 1793 747 1871 dicionNonos,
773 1795 825 1857 ubi
847 1819 913 1858 eum
936 1817 1001 1857 cum
1022 1795 1157 1856 basidem
1177 1817 1240 1856 sur-

158 1891 308 1962 repenmt.
350 1877 410 1938 Sed
451 1877 537 1938 rocul
553 1875 647 1939 dubio
670 1880 790 1962 scripsit
816 1877 867 1944 ille
891 1901 957 1944 orem
990 1877 1088 1942 bando
1118 1877 1167 1963 [id
1196 1887 1242 1941 est

158 1959 272 2022 vexillo
284 1899 451 2044 imperialiff
463 1983 496 2020 re
512 1977 705 2060 ncoepenort.

248 2044 285 2104 Β.
298 2042 328 2105 5.
344 2042 433 2127 [581,
453 2041 515 2126 ιι.]
537 2063 663 2124 γουνας.
706 2044 808 2108 Vestes
847 2047 1001 2124 cilicem,
1016 2043 1081 2108 vid.
1108 2043 1243 2104 Linden-

241 2170 250 2188 .
268 2127 308 2187 ad
324 2126 428 2188 Amm.
438 2126 575 2189 Marcell.
615 2068 857 2191 .125.B.et1ll1
871 2131 971 2214 Gange
991 2130 1043 2192 Gl.
1061 2137 1191 2210 utroque
1209 2126 1243 2188 h.

244 2212 274 2271 P
348 2225 411 2272 ret
419 2225 561 2292 ςιυυιαεα,
579 2213 586 2226 “
623 2213 798 2295 estpellicea
812 2211 959 2290 Sorom'a,
973 2207 1242 2296 Luitpr.p.154.]*

235 2231 349 2376 ptigit.
364 2293 407 2355 A.
422 2294 494 2355 edit.
504 2295 618 2356 Murat.
633 2296 787 2357 Remansit
800 2317 858 2358 vox
871 2299 901 2358 in
916 2317 1053 2358 sermone
1061 2294 1240 2377 Anglicano‚

156 2378 192 2440 tn
210 2399 272 2459 quo
288 2399 381 2457 gown
406 2388 492 2439 notat
513 2378 662 2461 polluam,
693 2378 806 2442 scilicet
827 2380 927 2441 medio
947 2401 1022 2440 aevo
1043 2379 1155 2464 ubique
1179 2387 1242 2437 ter-

156 2480 264 2522 rarum
280 2481 374 2540 paene
396 2458 492 2542 pelliti
507 2456 687 2522 incedebant
714 2474 746 2522 et
776 2465 902 2524 extimae
917 2463 1103 2524 honestiores
1123 2467 1240 2536 vestes,

158 2545 194 2605 id
209 2555 255 2606 est
268 2541 376 2626 pallia,
397 2541 500 2626 pellita
514 2555 617 2616 esunt,
639 2548 682 2605 sio
700 2556 737 2606 ut
760 2543 876 2606 hirsuta
891 2567 960 2627 pars
977 2547 1104 2605 interius
1121 2562 1241 2625 gerere·

158 2638 223 2691 tur.
264 2627 392 2687 Possent
412 2626 506 2687 Gothi
535 2639 567 2690 et
593 2639 696 2710 gentes
725 2626 971 2710 septentrionales
998 2627 1096 2687 videri
1122 2645 1240 2685 morem

160 2125 184 2188 b

159 2231 195 2272 v·
209 2211 226 2246 S

158 2293 219 2356 Est

158 2709 251 2781 hune
265 2710 421 2771 invexisse.
463 2709 525 2771 Sed
557 2711 686 2772 Romani
715 2712 776 2773 iam
800 2712 956 2794 gestabant
982 2707 1127 2792 penulas,
1148 2707 1181 2768 id
1199 2717 1245 2766 est
1363 2705 1367 2713 '

158 2793 255 2878 pallia
270 2792 395 2876 pellita3
416 2795 555 2878 muniris
577 2815 650 2856 usus
674 2815 780 2858 eornm
804 2805 867 2855 tam
887 2794 1028 2876 frequens
1057 2812 1120 2852 non
1143 2799 1244 2869 esset,

158 2888 253 2960 etque
281 2877 337 2938 snit
360 2897 436 2938 aevo
464 2877 577 2938 medio.
618 2877 712 2938 Unde
729 2881 834 2940 mirari
860 2877 960 2952 subit,
980 2877 1033 2960 qui
1058 2875 1127 2950 fiat,
1149 2883 1185 2934 ut
1210 2873 1244 2933 iu

157 2962 315 3025 mentione
332 2970 378 3021 tot
395 2981 539 3042 generum
554 2962 678 3024 vestitus
705 2972 808 3024 nostor
823 2961 915 3024 codex
939 2969 1041 3020 tomen
1054 2956 1244 3041 pelliciorum

157 3065 258 3128 paene
276 3041 392 3104 nullam
409 3044 522 3118 sociat,
543 3044 634 3131 idque
653 3067 690 3105 eo
705 3046 813 3127 magis,
851 3067 924 3106 uum
943 3043 1050 3104 Graeci
1063 3041 1244 3102 commercia

157 3149 232 3188 oum
257 3127 361 3188 Russis
388 3138 579 3204 exercerent,
611 3150 629 3189 a
656 3129 767 3210 quibus
785 3068 903 3212 pellicia
926 3126 1030 3211 procul
1050 3124 1144 3186 dubio
1165 3121 1246 3184 scei-

183 3211 296 3271 ’ehant.
337 3209 397 3270 Sed
411 3210 469 3271 hac
490 3209 529 3270 de
551 3233 585 3272 re
611 3210 683 3271 alibi
704 3210 791 3290 dico,
813 3211 866 3271 ubi
889 3210 926 3272 de
947 3211 1086 3273 castoreis
1105 3228 1174 3288 ago.
1194 3203 1246 3264 Ad

183 3315 244 3354 ono
263 3292 365 3354 locum
376 3293 477 3355 adhuc
489 3305 582 3372 noto,
600 3292 778 3355 ioculatores
796 3295 851 3355 hos
863 3294 981 3378 pellitos
997 3316 1015 3353 a
1031 3291 1145 3372 Papia,
1166 3287 1245 3347 sorte

158 3398 196 3438 ex
217 3378 346 3438 sevisui
362 3397 464 3455 more,
488 3388 540 3436 aut
561 3389 642 3438 certo
661 3399 695 3438 ex
722 3380 868 3460 scriptore
890 3378 1023 3459 quodam
1048 3373 1139 3434 medii
1158 3372 1246 3448 aevi,

156 3462 297 3543 relegeras
310 3459 466 3542 appellari.
506 3459 636 3541 Setiger,
661 3462 806 3538 inculator
823 3463 919 3521 cilicio
947 3460 983 3544 [f.
1000 3451 1137 3542 pellim'o]
1158 3454 1246 3514 oesti-

156 3557 229 3620 τως
250 3543 307 3603 nisi
324 3545 453 3605 cilicium
466 3545 611 3624 propelle
625 3544 762 3618 hirsuta,
796 3543 957 3625 diphthers
971 3539 1115 3625 posuerit.
1146 3535 1245 3596 Porro

157 3629 202 3688 ait
218 3627 330 3687 Noster
346 3639 475 3710 gestatas
489 3624 556 3686 illas
578 3650 674 3712 guum
688 3629 778 3689 lirisse
804 3624 837 3700 ἐξ
858 3620 1088 3769 ἄντιστὶιόφου,
1108 3622 1245 3698 inverse,

158 3710 203 3771 ita
223 3721 260 3770 ut
282 3732 352 3792 pers
385 3711 521 3782 hirsuta,
545 3733 623 3793 quae
650 3713 804 3772 communi
824 3731 909 3771 more
934 3730 967 3770 so
980 3718 1009 3769 et
1035 3707 1115 3767 intus
1139 3721 1246 3764 versus

160 3793 257 3854 cutim
280 3795 388 3876 gestari
421 3806 451 3856 et
476 3814 532 3874 pro
551 3797 681 3854 maxima
706 3805 792 3876 parte
817 3801 1011 3875 conspectum
1033 3789 1064 3850 l‘u
1087 3791 1127 3862 it,
1161 3798 1246 3846 extro

160 3887 320 3951 vertatur,
342 3876 467 3958 atille,‘
486 3877 603 3958 dequo
623 3877 767 3938 Moschus
788 3879 819 3936 in
837 3879 963 3937 Limone
984 3897 1012 3936 c.
1029 3813 1096 3934 nb.
1120 3880 1244 3956 narrat:

160 3956 197 4020 ἓν
216 3959 278 4043 μιᾷ
298 3961 433 4044 κυριακῇ
455 3956 598 4060 εἶσῖζλθεν
618 3958 663 4032 εἷς
681 3955 739 4040 τήν
766 3955 945 4038 irxlpor'av'
960 3955 1102 4038 neptune
1126 3947 1162 4013 td
1187 3949 1247 4011 sco-l

160 4034 280 4120 μᾶσιον
300 4033 479 4104 celeninae*
506 4053 567 4120 εξω
593 4043 733 4125 φορέσας
758 4033 796 4104 sci
817 4037 928 4104 rosires
952 4037 1081 4118 μαλλία.
1122 4033 1181 4096 Sed
1202 4034 1247 4094 ibi

151 4119 203 4185 τὰ
224 4124 343 4202 pollio
363 4127 421 4188 τοῦ
440 4125 599 4203 καμασίου
618 4137 689 4186 sunt
709 4124 813 4203 flocci,
834 4125 899 4186 villi
910 4124 982 4207 linei
993 4133 1046 4183 aut
1060 4120 1149 4184 lanei.
1170 4117 1249 4176 llam

161 4209 458 4273 onmesinm‘linmm
470 4222 524 4272 aut
534 4203 656 4272 laneum
668 4221 752 4272 erat:
776 4209 813 4272 de
836 4209 898 4291 qdo
912 4209 1020 4291 genbre
1040 4205 1120 4267 infre
1134 4202 1246 4279 dicamj
