2975 4892
155 228 211 292 Α»
239 223 463 294 conamur.
487 228 635 291 roura.
665 228 719 291 un
748 226 883 291 muln.
921 225 994 293 un.
1023 228 1063 292 u.
1097 198 1178 314 783

97 385 179 469 apud
199 388 402 447 Muratorium
419 385 460 444 Τ.
483 384 507 447 l.
528 383 605 445 Aul.
627 382 695 445 Ital.
712 404 743 467 p.
760 382 846 456 181„
868 384 922 445 ubi
942 386 984 447 sic
1003 386 1099 447 iaoetr
1121 384 1175 449 de-

92 472 180 529 claro
199 491 258 551 ego
278 469 485 540 War'marius‚
504 468 643 551 princeps
668 481 698 528 et
716 468 888 550 Imperialis
911 470 1073 551 ραινίεἰιιε,
1125 471 1176 530 uriz

95 574 259 613 conoessum
270 560 314 611 est
326 554 400 611 milri
417 571 438 609 a
457 552 643 611 sarcasmus
661 563 691 610 et
704 550 849 634 piissimis
858 550 1088 633 Imperatorum
1098 492 1173 613 lea

94 654 132 695 ne
140 632 354 697 &Alexandro
359 654 418 717 per
427 634 543 695 herbum
554 627 618 713 (dui
635 628 741 711 λόγου,
753 633 804 693 vid
817 632 856 693 ad
871 654 904 715 p.
916 632 1000 713 408.)
1015 636 1174 711 etfirmis.

12 727 13 730 ’
92 719 200 778 srinum
217 729 408 801 praeceptum
427 715 510 775 bulla
532 736 623 775 merea
641 716 803 796 sigellatum
823 718 969 797 integram
989 730 1094 777 sortem
1114 717 1176 777 Be-

12 806 15 841 l
93 801 255 861 nebentane
268 799 422 884 probr'rrcie
434 832 471 845 -
482 812 516 859 at
534 799 635 859 lr'ceret
652 819 700 858 me
717 798 828 859 eerinde
837 799 946 876 sacrm
966 801 1076 873 omma,
1098 798 1180 883 quod
1199 800 1200 803 ’

12 906 15 925 ¹
93 884 241 960 noluero,
268 885 342 943 sicot
369 894 560 941 antecessores
578 882 638 941 mei
658 900 757 942 omnes
777 883 927 965 principes
943 884 1086 960 facereret
1114 890 1175 946 etc.

94 965 145 1025 De
164 967 298 1047 potentia
317 984 421 1025 eorum
440 962 529 1024 latius
549 961 592 1022 ibi
613 962 746 1046 disputat
766 964 971 1042 Muratorius,
1003 964 1055 1046 qui
1074 974 1176 1025 umen

12 1062 16 1093 ’-
93 1069 147 1108 eos
175 1046 304 1108 vasallos
330 1048 548 1127 Imperatorum
571 1046 756 1107 Graecorum
778 1045 867 1109 luisse
887 1068 948 1109 non
969 1057 1075 1130 negat,
1148 1046 1176 1107 ia

11 1171 12 1178 .
93 1152 203 1211 nempe
223 1131 345 1191 titulum
365 1129 533 1213 Anthypati
551 1142 580 1188 et
597 1130 727 1189 Patricii
748 1141 913 1211 gesserunt.
952 1130 998 1191 De
1027 1150 1098 1191 casu
1140 1149 1177 1190 oc

12 1228 16 1235 ·
93 1224 191 1273 exstat
210 1216 267 1275 insi
289 1215 333 1275 nis
355 1214 509 1295 inscriptio
530 1212 673 1289 Tarenti,
695 1234 713 1272 a
734 1212 902 1278 Muratorio
922 1212 1067 1277 Thesaur.
1087 1212 1128 1277 Τ.
1147 1212 1176 1273 l.

11 1324 16 1348 τ
94 1318 128 1379 p.
150 1294 222 1375 468.
287 1302 344 1369 la,
367 1315 548 1383 quamnam
572 1294 716 1355 hactenus
739 1295 896 1377 disputatis
915 1297 1043 1358 conlcrri
1064 1294 1174 1358 velim:

301 1386 521 1477 formans
532 1408 761 1474 nrcmsrs
780 1407 1002 1473 common

10 1591 11 1600 Ν
220 1509 474 1573 KPATISTOS
490 1510 625 1571 nura
643 1508 1049 1574 Annamacmsrors

10 1673 18 1685 ,
97 1608 205 1673 cors
222 1607 572 1671 AHOSTATIKOTS
599 1608 690 1672 ron
709 1606 817 1671 cors
833 1607 982 1671 arom
1004 1608 1094 1671 rus

94 1709 376 1773 KAAABPIAS
395 1704 663 1771 ΘΟΡΥΒΩΛΗὸ
683 1708 771 1773 Em
798 1706 1157 1771 ATTOKPATOPOS
1269 1804 1274 1810 Ι
1348 1696 1352 1705 ’
1377 1764 1380 1769 ,

10 1846 14 1853 -
217 1806 563 1871 sousraurmos
580 1806 659 1869 cm
680 1802 769 1868 mu
790 1804 1103 1871 cArrAsnunN

10 1921 11 1932 2
137 1906 406 1971 nouaumco
428 1906 552 1971 Neon
572 1904 805 1971 proceros
822 1906 885 1969 nu
906 1906 972 1968 ra
990 1888 1140 1971 nonas

9 2003 10 2009 '
98 2004 311 2070 ΤΑΡΑΝΤΩ
333 2004 396 2067 ΕΚ
417 2003 663 2070 ΘΕΜΕΛΙΩΝ
694 2003 968 2069 ΚΕΚΕΛΕΥΚΕ
996 2002 1181 2067 OIKOAO·

176 2204 215 2270 A.
236 2205 265 2269 5.
297 2203 384 2289 [661,
406 2204 470 2289 ru]
499 2202 737 2286 Aayossapdr'ug.
780 2104 1178 2287 QuandollleEdAv'Lango-

92 2286 218 2349 bardiae
248 2293 404 2348 nominant
428 2291 535 2349 Gracci
565 2289 768 2371 ,intelligunt
791 2310 856 2349 eam
886 2292 970 2369 regni
992 2286 1088 2348 ltalici
1126 2310 1180 2349 seu

94 2370 323 2453 Langobardiae
349 2382 485 2455 partem,
515 2393 594 2453 quae
623 2372 662 2432 ad
690 2376 770 2453 ipsos
795 2372 893 2433 adhuc
919 2384 984 2430 tum
1007 2370 1178 2453 spectabat,

90 2453 166 2513 alias
186 2456 328 2514 minorem
350 2454 592 2537 Larrgobardiam
613 2455 737 2515 dictam.
779 2480 791 2509 ιι
799 2454 871 2514 Fuit
883 2454 1004 2514 Graecis
1025 2456 1057 2513 in
1079 2473 1175 2529 more,

93 2537 221 2596 ducatus
243 2539 444 2597 Beneventani
474 2547 589 2619 partem
610 2559 645 2597 ac
667 2538 826 2619 praecipue
846 2536 987 2621 Apuliam
1008 2536 1180 2617 Langobar-

92 2620 165 2679 diae
185 2623 309 2680 nriuorr's
330 2618 478 2681 vocabulo
498 2621 640 2701 peculiari
663 2620 852 2702 desiguarcat
905 2617 1007 2678 Verba
1034 2630 1105 2679 sunt
1126 2616 1175 2679 Cl.

93 2703 255 2762 Muratorii
282 2704 320 2763 T.
344 2708 373 2767 I.
405 2708 476 2764 Ant.
502 2703 569 2763 ltal.
599 2725 629 2785 p.
660 2701 1178 2787 72.,quemconfer1ivclim,et

93 2784 245 2868 Angelum
267 2786 306 2846 de
326 2787 411 2847 Nuce
432 2786 471 2847 ad
492 2787 634 2847 Chronic.
654 2790 771 2847 Cassia.
796 2787 820 2845 l.
846 2787 919 2868 49„
940 2786 992 2844 ubi
1020 2784 1098 2845 inter
1119 2782 1179 2845 alia

90 2866 167 2929 haec
189 2868 291 2929 habet.
329 2872 387 2931 »ln
413 2868 546 2930 Historia
568 2868 759 2929 llliscellanca
781 2869 805 2928 1.
828 2870 878 2928 25.
900 2868 1028 2928 loannes
1048 2864 1181 2930 Sacellu-

8 3001 9 3008 ,
92 2952 157 3011 rius
183 2962 214 3012 ct
234 2952 401 3034 Logotheta
423 2956 531 3013 missus
552 2951 662 3033 legitur
688 2957 720 3012 in
740 2950 1006 3035 Longobardiam,
1027 2970 1087 3011 una
1108 2970 1179 3011 cum

91 3033 235 3115 Adelgiso
252 3036 364 3096 dudm
383 3038 505 3095 marom's
517 3036 745 3116 longobardiae
757 3058 835 3117 rege.
879 3034 1030 3095 Nimirum
1043 3044 1077 3093 ut
1092 3030 1178 3094 intel·

90 3116 239 3198 ligamus,
274 3117 425 3201 duplicem
444 3118 535 3178 luisse
555 3118 816 3201 Longobardiarn‚
847 3115 991 3191 alteram,
1024 3137 1100 3199 quae
1121 3116 1180 3177 suit

91 3198 364 3283 Langobardorum
383 3222 522 3283 reguum,
545 3202 704 3263 etidcirco
727 3204 843 3277 uanior,
866 3200 1000 3277 alteram,
1017 3218 1095 3283 quae
1108 3197 1180 3261 duni

88 3284 192 3364 paruit
212 3284 452 3348 Beneventano«
498 3284 678 3345 Adscriharn
713 3306 833 3367 quoquc
860 3284 956 3345 verba
992 3283 1108 3345 Carusii
1140 3280 1180 3343 ad

91 3366 242 3448 Excerpta
262 3388 297 3427 ex
317 3368 425 3427 Annae
444 3368 617 3428 Comncnaa
640 3368 782 3429 Alexiade
807 3364 849 3429 T.
874 3368 912 3429 ll.
932 3366 1074 3427 Biblioth.
1092 3364 1180 3425 Sicu-

90 3448 138 3508 lae
158 3471 191 3532 p.
218 3448 305 3511 1156.
335 3450 412 3510 Sunt
432 3461 534 3511 autam
557 3452 642 3511 hacc.
687 3450 938 3533 »Langobardiae
967 3470 1076 3511 nomen
1107 3446 1180 3511 olim

90 3542 155 3593 tam
183 3533 242 3593 late
264 3536 384 3613 patuit,
419 3545 453 3594 ut
473 3535 614 3595 universa
637 3532 722 3593 ltalia
745 3533 803 3593 hoc
824 3532 972 3593 vocabulo
996 3530 1177 3612 intelligere·

88 3624 154 3673 tur.
197 3616 310 3675 Charta
333 3614 433 3675 Caroli
462 3618 507 3677 Μ.
535 3638 590 3697 pm
617 3614 765 3676 divisione
786 3619 926 3697 imperii:
969 3616 1062 3677 ltalia
1082 3636 1175 3691 vero,

84 3720 166 3781 qima
188 3710 217 3758 et
234 3699 447 3781 Lorrgobardio
468 3698 579 3759 dieitur
599 3711 657 3759 etc.
701 3700 901 3760 Postmodum
923 3700 1044 3761 Graecis
1064 3718 1099 3757 ea
1124 3720 1180 3780 po·

87 3782 240 3841 tissimum
269 3802 359 3862 pars,
391 3802 468 3862 quae
495 3784 527 3841 in
554 3782 693 3842 Calabria
721 3794 752 3842 ct
779 3782 892 3865 Apulia
916 3802 1020 3842 eorum
1052 3782 1180 3861 imperio

86 3866 200 3944 paruit.
243 3863 293 3923 Sic
313 3867 346 3923 in
368 3864 510 3923 Themat.
526 3864 681 3925 Constant.
693 3864 846 3948 Porphyr.
870 3867 908 3926 L.
933 3866 973 3927 ll.
994 3886 1022 3925 c.
1048 3864 1177 3925 11.De·

87 3966 175 4006 mum
205 3946 334 4007 Aemilia
361 3958 392 4007 et
420 3948 542 4027 Liguria
572 3946 631 4007 hoc
657 3951 780 4009 nominc
801 3947 969 4031 appellatur
989 3947 1028 4007 ab
1050 3945 1178 4008 Albarto

86 4028 225 4091 Mussato
247 4030 283 4088 L.
304 4030 363 4089 Vl.
386 4029 425 4089 de
443 4032 542 4091 Gestis
563 4032 687 4091 ilenrici
701 4032 772 4091 Vll.
795 4054 822 4091 c.
850 4030 915 4110 ida
957 4031 1104 4091 Videatur
1120 4032 1178 4089 ita·

86 4134 149 4194 que
175 4122 304 4194 utraque
331 4113 514 4175 lombardia
537 4136 555 4174 a
578 4112 756 4176 Lomhardis
786 4136 896 4177 nomen
917 4114 1071 4197 accepisse.
1113 4112 1176 4172 Ve-
