2975 4892
279 343 427 451 ‚1482
534 374 591 440 ιο.
623 375 703 439 ne.
733 375 880 440 aursni
908 369 1194 439 comcmrnnn
1305 388 1309 394 ·

332 525 390 589 καί
408 523 466 608 τὴν
489 527 544 591 εἰιί
567 527 613 614 τῷ
641 520 719 614 dyrlp
747 521 943 606 βαπτίσματι
963 522 1144 610 ιιροσευχῆν
1169 505 1340 602 ποιεῖσθαι.
1363 563 1377 577 ·
1395 561 1418 579 -

333 605 388 671 tat
414 610 515 672 reiro
535 605 683 692 προσήκει
705 604 762 692 τήν
781 605 836 672 ἐπὶ
850 611 890 694 τῇ
914 605 989 695 ἁγία
1012 609 1209 710 προσκομιδῇ
1223 607 1281 672 καὶ
1296 605 1350 682 τὰς
1365 603 1419 672 dil-

332 694 390 765 λας
416 689 596 774 προσευχὰς
624 687 703 771 μετὰ
733 693 843 776 φωνῆς
865 687 954 774 παρὰ
984 693 1048 753 τῶν
1078 687 1262 754 ὅσιωτατοιν
1288 687 1419 754 ἐπισκό-

332 796 401 837 πων
433 797 467 836 τε
498 776 554 837 καὶ
579 774 801 858 πρεσβυτέρων
827 775 1068 858 προσφέρεσθαι
1091 773 1136 861 τῷ
1163 774 1273 858 κυρίῳ.
1313 777 1419 858 Neque

333 859 508 944 scrupulum
525 861 648 921 iniicere
672 857 780 932 debet,
800 858 883 941 quod
907 858 1029 919 additur
1048 847 1117 944 ἤχῳ
1139 852 1180 919 α’.
1220 857 1313 920 Nulla
1333 866 1419 922 enim

332 965 409 1018 vox,
443 946 506 1004 sive
526 965 609 1016 assa,
643 943 706 1002 sive
731 941 887 1002 modulata
904 945 964 1019 sit,
997 953 1097 1025 potest
1114 942 1228 1026 absque
1244 954 1319 1003 tono
1338 965 1419 1025 quo-

331 1027 403 1088 dam
421 1027 562 1108 proferri.
605 1025 647 1086 Et
669 1027 854 1107 significatur
870 1023 921 1084 hie
941 1024 1171 1099 tantummodo,
1201 1025 1305 1100 illam,
1336 1048 1421 1108 quae

333 1111 508 1184 subiicitur,
535 1109 637 1170 rhesin
661 1129 725 1169 esse
746 1106 830 1168 nuda
848 1106 972 1190 quidem
990 1129 1082 1182 voce,
1105 1119 1137 1169 at
1156 1111 1189 1169 in
1212 1107 1317 1169 eodem
1334 1131 1420 1169 sem-

332 1213 387 1275 per
406 1203 478 1252 tono
495 1195 596 1274 primo
620 1191 826 1266 recitandam,
849 1189 932 1273 quod
949 1193 1049 1251 Latini
1069 1195 1222 1274 sequiores
1241 1191 1345 1252 dieunt
1364 1191 1421 1252 di·

333 1289 454 1336 rectam.
499 1275 636 1334 Psalmm
658 1274 860 1350 dr'rectaneus,
883 1275 973 1336 unico
991 1285 1084 1348 tono,
1106 1275 1192 1336 nullo
1211 1273 1309 1354 flexu,
1328 1275 1422 1337 nulla

332 1357 538 1418 modulatione
560 1357 726 1419 absolutus.
768 1358 809 1417 V.
834 1359 885 1418 Du
905 1357 1006 1440 Gange
1027 1380 1059 1418 v.
1082 1357 1240 1432 Directare
1264 1369 1294 1418 et
1316 1352 1421 1440 parri,

331 1441 457 1502 Veteres
480 1461 601 1524 quoque
622 1439 763 1500 dicebant
786 1434 848 1498 ἆιιὸ
872 1441 997 1522 φωνῆς,
1026 1442 1168 1518 oraliter,
1203 1451 1239 1501 ut
1255 1438 1345 1524 vulgo
1367 1441 1426 1502 di-

332 1535 424 1600 eunt,
454 1523 543 1584 alicui
566 1523 680 1606 aliquid
699 1522 843 1584 mandare
864 1523 1103 1584 renunciandum
1127 1524 1232 1598 alteri,
1267 1527 1423 1606 imperare

332 1607 499 1690 agendum,
525 1607 573 1667 vel
595 1618 709 1667 vetare.
754 1607 801 1668 lta
821 1617 925 1667 narrat
947 1605 1103 1688 Appianus
1121 1606 1334 1669 Parthieorum
1356 1609 1420 1667 ini-

332 1694 387 1762 tio,
411 1690 534 1750 Ateium
549 1691 622 1750 trib.
637 1688 733 1772 plebis
759 1691 858 1750 Crassi
876 1689 1054 1771 expeditioni
1074 1692 1309 1752 intercedentem
1329 1691 1420 1769 πρῶ-

332 1792 387 1834 τον
409 1772 468 1850 μὲν
489 1767 550 1832 α’πὸ
575 1772 681 1854 φωνῆς
708 1772 851 1832 κωλῦσαι
878 1770 935 1831 καί
953 1766 1238 1854 διαμαρτύρασθαι
1256 1768 1301 1853 μή
1322 1768 1422 1850 βαδί-

333 1853 397 1932 ζειν
418 1867 490 1936 ete.,
512 1856 597 1916 clara
619 1876 711 1926 voce,
735 1855 886 1935 conceptis
896 1856 1020 1932 verbis,
1041 1857 1261 1939 expeditionem
1280 1859 1418 1917 vendere.

373 1937 663 2022 50.B.1.[49,4.]
688 1934 704 1996 ὁ
728 1931 912 2016 ἀρτοκλίνης
932 1930 973 1997 τοὶ
995 1931 1054 1998 δύο
1074 1936 1166 2018 μέρη.
1207 1942 1239 2002 Si
1258 1950 1337 2000 recte
1360 1937 1423 1998 lra-

333 2019 478 2083 hethaeo
498 2020 587 2081 lectio
616 2021 662 2098 (et
680 2040 768 2102 saepe
789 2021 832 2078 sie
852 2023 948 2079 estin
969 2020 1090 2098 codice)
1119 2021 1208 2082 debet
1228 2025 1423 2082 accusativus

353 2125 388 2164 ro
412 2103 514 2162 dativo
537 2102 585 2162 hic
606 2103 712 2183 accipi.
758 2099 843 2162 Alias
863 2113 963 2186 posset
982 2101 1028 2177 εἰς
1047 2105 1088 2166 ob
1103 2107 1332 2188 praecedentem
1353 2103 1423 2188 syl-

332 2125 433 2247 labam
449 2185 590 2262 excidisse
609 2185 717 2245 videri.
1099 2185 1102 2190 ’

330 2263 333 2270 ’
415 2269 450 2328 Β.
466 2265 497 2347 4
513 2265 580 2350 [49,
596 2265 645 2350 6.]
671 2267 785 2349 ὃειλης.
825 2265 870 2327 Μ.
890 2263 1005 2350 δήλης,
1026 2268 1110 2351 quod
1128 2271 1297 2343 eoindico,
1319 2282 1354 2331 ut
1376 2274 1426 2330 in·

333 2347 486 2434 telligatur
507 2371 572 2410 mos
594 2350 710 2411 librarii
776 2360 806 2410 et
826 2371 856 2409 ει
875 2352 1090 2434 permutandi,
1120 2375 1181 2414 non
1202 2366 1345 2437 tanquam
1370 2376 1425 2413 re-

333 2445 415 2494 ctum
431 2435 479 2494 sit.
517 2426 600 2496 ’Ant
622 2429 698 2507 τούς
727 2427 1042 2516 αγιουςᾶαοστόλοας
1064 2445 1110 2496 est
1134 2433 1303 2500 idiotismus
1321 2458 1428 2498 norae

334 2519 490 2579 Graeciae.

939 2601 962 2649 θ

415 2670 451 2733 Β.
466 2667 661 2754 ro.[49,1a.]
692 2659 800 2750 ἦλθεν.
839 2670 884 2731 Μ.
921 2665 989 2750 rit,
1009 2671 1092 2733 unde
1115 2664 1190 2733 effici
1214 2671 1303 2733 debet
1322 2657 1429 2752 ἦλθες

335 2765 388 2814 ant
413 2744 535 2832 ἥλθειε.
577 2753 660 2813 ldem
683 2773 803 2836 quoque
827 2751 942 2813 dictum
969 2751 1009 2815 ad
1034 2755 1124 2816 huius
1147 2757 1274 2840 pagine
1297 2775 1429 2818 versum

330 2837 476 2895 'ultimum
494 2845 523 2895 et
540 2837 579 2896 ad
600 2857 632 2916 p.
654 2837 704 2896 31.
725 2836 761 2894 C.
782 2835 814 2894 8.
830 2834 936 2897 'velim

419 2916 673 3000 C.1.[49,15.]
703 2910 812 2986 καθώς
841 2916 885 2977 ὲν.
925 2920 970 2979 Μ.
996 2913 1105 2993 καθώς
1126 2917 1183 2982 καί
1201 2919 1244 2984 ἒν.
1284 2917 1359 2981 vid.
1385 2918 1425 3005 p:

334 2999 388 3060 51.
410 2999 449 3059 A.
468 3017 499 3058 a.
521 3011 550 3058 et
571 3001 606 3058 B.
628 2997 674 3077 4.,
689 3001 763 3059 item
782 2999 817 3057 C.
832 2998 863 3059 6.
887 3001 928 3060 D.
954 3024 979 3062 r.
1000 3013 1030 3063 et
1045 3002 1128 3066 alibi.

417 3082 452 3141 C.
469 3081 500 3144 5.
516 3081 585 3165 [49,
606 3079 669 3164 15.]
692 3075 732 3142 τὰ
754 3077 901 3162 δρομικὰ.
942 3085 1073 3165 Videtur
1087 3087 1228 3147 carminis
1249 3087 1432 3148 concitatio·

332 3169 391 3240 ris,
415 3163 573 3248 dactylici,
596 3163 733 3225 celeriter
744 3168 891 3226 currentis
907 3189 992 3240 esse,
1016 3168 1106 3251 quale
1122 3171 1244 3231 abeunti
1259 3172 1431 3251 accinitur3

330 3259 482 3311 'nostrates
504 3247 638 3318 dicerent
657 3249 705 3308 ein
726 3247 858 3308 Manet.
902 3249 991 3312 Conf.
1012 3274 1043 3332 p.
1063 3253 1115 3329 34.
1131 3253 1171 3312 D.
1190 3264 1290 3334 autep.

297 3334 299 3346 '
332 3354 335 3364 ¹
417 3331 582 3415 C.8.[49,
605 3330 669 3416 ¹9¹]
694 3317 770 3390 alta
810 3331 855 3390 lta
873 3329 917 3391 M.
940 3334 1151 3416 utietpaullo
1169 3349 1237 3418 post
1253 3337 1292 3394 D.
1314 3357 1342 3395 1.
1368 3339 1437 3398 καὶ

329 3413 367 3475 ’ἓν
389 3412 486 3498 αὐτῷ.
527 3415 618 3492 Quod
634 3435 763 3488 moneo,
789 3418 930 3495 nequis,
954 3417 1036 3498 quod
1058 3417 1132 3478 mihi
1154 3421 1295 3502 contigit,
1319 3440 1434 3502 suspe-

333 3509 397 3560 ctas
419 3499 530 3558 habeat
547 3498 746 3580 negligentiae
764 3498 997 3580 typographicae
1011 3523 1129 3581 operas.
1223 3517 1226 3525 ’

416 3582 457 3640 D.
474 3577 505 3660 4.
520 3579 589 3662 [5o,
605 3579 655 3726 ὄρ
675 3576 923 3659 σαναγάλ7.εσθε.’
962 3583 1007 3643 Μ.
1027 3579 1255 3662 ἐπαγάλλεσθε.

376 3661 630 3745 51.A.6.[50‚1
660 3662 685 3745 .]
719 3658 866 3742 δρομικὰ.
909 3663 1020 3725 Putem
1054 3661 1212 3746 dpatientia.
1255 3662 1290 3724 ln
1323 3682 1437 3726 mem-

328 3744 438 3805 'branis
456 3747 565 3826 scripta
582 3756 646 3806 crat
664 3765 720 3806 vox
736 3767 790 3826 per
806 3747 1017 3828 compendium
1035 3745 1157 3831 δρομιξ.
1199 3751 1270 3809 Lin.
1293 3768 1342 3809 rr.
1368 3749 1439 3812 ha-

299 3831 305 3838 '
329 3826 408 3887 'bent
428 3829 548 3886 eaedem
567 3816 664 3906 ἤγουν
685 3824 702 3886 ὅ
726 3827 923 3904 ὸόμὲστικος,
959 3898 962 3906 .

417 3909 453 3969 B.
469 3907 500 3969 6.
518 3909 584 3994 451,
606 3907 649 3992 r.]
673 3903 871 3990 ἀρτοπωλῶν.
894 3909 939 3972 Μ.
960 3909 1175 3997 α’ρτοαουλοῖν,
1198 3925 1344 3974 neutrum
1359 3935 1441 3976 ma-

334 3991 384 4138 4)e‚
417 3989 475 4052 linc
501 4013 598 4054 novae
627 3993 826 4074 Graecitatis,
854 3992 932 4056 illud
955 3991 1231 4057 Grammaticorum
1259 3999 1443 4059 sanctioni-

357 4085 527 4138 mamm

383 4161 385 4167 ’
420 4097 455 4218 ll.
472 4179 501 4240 7.
519 4157 586 4243 451,
601 4157 649 4241 m]
671 4167 827 4245 ποιοῦσιν.1
867 4157 913 4222 M.
936 4159 1077 4223 ποιῶσιν.
1096 4158 1358 4246 Frequentissime
1379 4179 1444 4226 ant

336 4235 478 4303 librarius
494 4254 614 4322 noster,
636 4251 690 4304 aut
710 4254 816 4304 auctor
836 4242 901 4326 ipse
916 4248 1050 4305 ex‘more
1064 4245 1174 4306 saeculi
1196 4246 1444 4310 subiunctirum
