2975 4892
263 245 350 360 876
498 272 555 335 ro.
585 271 667 337 nc.
695 272 841 335 nussn
869 269 1156 335 counanimis

263 431 368 494 stolam
384 475 393 501 .
495 449 550 488 ans
575 427 685 488 libum
699 427 938 526 evangelistam.
955 440 986 489 et
1005 451 1071 489 aun
1089 451 1125 490 eo
1143 429 1199 514 qual
1220 425 1352 487 &aba

263 527 436 672 zm,
456 511 1159 678 Dillo'lltligidrlluliltseipoulslllllulblidlliseull,
1180 596 1262 655 cister
1280 613 1351 676 quot

266 682 318 742 ille
347 693 415 756 est,
451 678 505 763 qui
531 677 661 738 diosmis
687 687 730 736 est
756 676 955 756 evangelium.
1001 676 1085 761 *[De
1115 697 1206 760 prusa
1236 677 1354 736 Graeca

265 761 531 907 ppmpontpg
540 757 1266 910 bittitillitffllllfflilltm
1286 779 1357 920 33

238 962 241 972 ·
266 854 562 1012 nouomlpllvmus
569 923 823 985 ultimuslitaniae
837 890 970 988 Graecus
981 937 1037 994 cst.
1049 925 1184 988 Moleon.
1198 949 1232 1010 p.
1237 865 1358 1010 13451‘

269 1011 342 1094 lpso
362 1013 514 1094 superiore
533 1028 633 1082 anuo,
655 1027 761 1068 mense
776 1009 858 1068 Maio
870 1018 945 1090 puta
967 1009 1010 1070 A.
1036 1011 1145 1093 ¹75²u
1168 1009 1359 1070 nuntiabant

269 1094 409 1179 publicae
426 1089 583 1168 novellae,
602 1091 747 1159 Parisiis.
770 1091 801 1152 ni
821 1089 935 1168 fallor,
956 1090 997 1153 ab
1017 1091 1070 1153 illa
1088 1097 1256 1171 cometam,
1278 1113 1359 1174 qnae

270 1181 406 1260 captivos
426 1175 614 1236 Christianos
633 1195 653 1234 a
674 1176 779 1255 piratis
799 1173 936 1235 Tumicis
958 1175 1104 1253 redimit,
1125 1179 1249 1238 mmm
1261 1175 1360 1235 Grae·

269 1282 338 1322 casu
364 1260 457 1320 fuisse
475 1255 682 1334 celebratam
707 1256 784 1318 forte
803 1277 838 1316 ex
867 1267 969 1320 vetere
989 1259 1139 1325 instituto.
1178 1260 1361 1320 Smmonem

271 1345 420 1404 Graecum
451 1341 567 1401 Romae
595 1339 695 1400 adhuc
722 1339 842 1401 saeculo
869 1341 927 1403 Xl.
946 1343 977 1402 in
998 1361 1082 1415 usu,
1104 1354 1158 1403 aut
1176 1343 1279 1425 potius
1301 1361 1363 1423 pro

269 1425 395 1489 illorum
420 1435 594 1505 temporum
613 1422 751 1484 Godiicis
781 1434 812 1484 et
831 1426 965 1487 onerosis
987 1425 1142 1500 moribus,
1162 1429 1215 1508 qui
1236 1423 1362 1486 allecta-

271 1509 385 1570 tionem
405 1519 437 1570 et
456 1503 618 1568 ridiculum
637 1506 764 1566 mimum
783 1517 875 1589 atque
895 1505 1005 1568 fastum
1033 1507 1125 1570 rebus
1156 1513 1189 1568 in
1217 1508 1363 1568 omnibus

271 1589 504 1669 monstrabant,
523 1591 666 1649 iaetamm
687 1588 778 1650 fuisse
793 1635 803 1666 ‚
828 1601 954 1672 apparet
969 1613 1003 1651 ex
1015 1590 1121 1652 tabula
1135 1589 1258 1652 xvllt.
1281 1595 1359 1651 tomi

271 1679 365 1756 primi
400 1675 667 1734 Monumentorum
691 1683 883 1734 vetustorum
903 1673 1055 1758 Ciampini
1081 1695 1113 1756 p.
1128 1675 1179 1772 li.
1201 1674 1362 1772 eirlsibita²

272 1778 361 1902 33
381 1754 1364 1922 “litt1:¹⁸*‘.“tt‘⁰.m..t¹*3.l.ffttt.ss.⁹5⁰l

275 1923 456 2007 imaginibus
474 1921 656 1982 Sanctorum
676 1922 869 2004 historiisque
888 1923 1025 1994 biblicis,
1043 1923 1113 1986 rudi
1125 1923 1210 1984 caelo
1221 1923 1363 2006 designa-

275 2010 338 2084 tis,
365 2005 610 2086 inscriptionibus
637 2005 768 2088 denique
798 2005 935 2089 plurimis
965 2008 1112 2084 Graecis,
1140 2007 1194 2067 sed
1214 2008 1364 2089 adapes-sis

274 2111 399 2174 quoque
417 2090 551 2160 Latinis,
574 2092 668 2148 immo
692 2100 725 2150 et
751 2088 885 2151 Arabica
914 2111 977 2152 una
1004 2101 1036 2152 ct
1065 2091 1160 2152 altera
1179 2087 1362 2151 obsitamm.

275 2176 349 2250 Quo
369 2172 400 2232 in
421 2182 531 2252 ectypo
544 2169 731 2253 idiograpbia
751 2174 868 2233 Graeca
891 2173 976 2235 istius
995 2173 1062 2235 aevi
1083 2195 1153 2235 cum
1174 2169 1366 2257 idiograpbia

276 2267 448 2316 nostrornm
468 2252 714 2314 membranarum
733 2259 872 2337 apprime
885 2260 1067 2318 conveniens
1080 2257 1234 2318 observari
1254 2268 1368 2339 potest.

276 2339 411 2400 Μίκωνα
431 2336 539 2398 Gracci
559 2346 590 2398 et
617 2337 719 2398 Latini
738 2342 886 2400 sermonis
909 2351 1035 2424 apparet
1062 2343 1094 2401 in
1122 2341 1216 2401 huius
1240 2339 1369 2402 tabidae

277 2463 346 2504 arca
367 2443 442 2522 δᾴ,
464 2443 517 2504 ubi
539 2433 661 2522 iiyaoc
673 2439 824 2520 Μώυσις,
841 2456 953 2507 ctas-ea
970 2447 1035 2528 35„
1059 2443 1114 2507 ubi
1134 2435 1152 2504 ὅ
1173 2438 1265 2528 ἅγιος
1279 2429 1367 2526 clud,

277 2526 374 2587 idest
397 2525 523 2606 David,
544 2525 686 2587 volumen
707 2537 812 2588 tenens
830 2530 1013 2612 conspicitur
1032 2551 1103 2590 cum
1124 2529 1277 2592 inexorata
1297 2553 1369 2592 sen-

276 2613 371 2670 tentia
389 2630 399 2668 s
422 2609 516 2680 Audi,
518 2609 609 2695 filia,
632 2611 744 2670 ervitte
760 2625 789 2672 et
803 2613 1034 2675 incliuaawem.
1047 2615 1104 2674 Est
1117 2611 1229 2674 ibidem
1243 2637 1370 2696 quoque

279 2693 314 2754 S.
336 2692 477 2753 ieremias
497 2715 567 2753 cum
587 2691 677 2754 titulo
695 2695 812 2754 Graeco
832 2707 863 2756 et
884 2695 1038 2756 volumine
1058 2697 1174 2756 Latinis
1190 2697 1298 2758 litteris
1317 2701 1369 2758 in·

278 2778 403 2857 scripto.
446 2776 570 2837 Possem
591 2775 641 2837 hic
662 2776 701 2836 de
721 2781 854 2838 nummis
873 2801 960 2860 agere
981 2801 1016 2840 cx
1038 2801 1099 2839 nna
1131 2791 1220 2860 parte
1250 2783 1371 2842 Graece

277 2858 327 2917 vel
351 2859 442 2919 etiam
463 2858 615 2936 Arabim,
641 2880 676 2919 ex
697 2858 792 2920 altera
812 2863 919 2922 Latine
940 2863 1102 2944 inscriptis.
1143 2862 1203 2922 Sed
1224 2863 1316 2924 redeo
1327 2863 1370 2925 ad

278 2951 489 3023 argumentum
520 2963 632 3002 meum.
677 2942 793 3004 Latinis
817 2946 917 3028 itaque
950 2942 1060 3006 licebat
1088 2947 1234 3028 episcopis
1271 2947 1371 3008 CPlin

279 3024 470 3085 venientibus
501 3023 620 3108 publice
653 3024 757 3107 lingua
790 3048 844 3088 sua
874 3029 906 3087 in
934 3027 1065 3090 ecclesiis
1093 3031 1219 3088 Graecis
1248 3031 1372 3090 missam

278 3107 441 3173 celebrare.
463 3108 656 3168 Marcellinus
677 3107 784 3169 Comes
806 3122 923 3187 narrat,
945 3111 1088 3171 loannem
1107 3111 1280 3173 Romanum
1293 3135 1372 3194 pon-

279 3191 402 3265 tificem,
430 3190 518 3251 Anno
531 3191 710 3252 525.CPlin
732 3195 847 3253 venisse
866 3197 1003 3276 miroque
1023 3193 1139 3256 bonore
1161 3216 1180 3254 a
1201 3195 1371 3257 Iustiniano

279 3273 359 3354 lmp.
387 3284 544 3356 exceptum
568 3275 675 3348 fuisse,
707 3289 736 3334 et
763 3275 905 3338 dextrrsm
937 3277 1048 3338 dextro
1071 3277 1209 3338 insedisse
1233 3281 1371 3340 ecclessiis

279 3357 373 3426 solio,
394 3356 532 3442 diemque
551 3359 768 3418 ressurectionis
784 3359 902 3419 domini
911 3363 1005 3420 nostri
1037 3362 1105 3420 lenc
1130 3381 1202 3421 acce
1232 3362 1372 3423 Romana

302 3439 415 3498 recr'ius
433 3441 603 3500 celebrasse.
647 3441 694 3501 lta
717 3463 839 3523 quoqne
861 3443 987 3503 loannes
1001 3383 1155 3504 Iliaconns
1172 3443 1201 3502 in
1217 3443 1371 3506 Chronico

276 3460 480 3600 lleapolitano
500 3545 533 3605 p.
547 3521 617 3583 306.
637 3524 739 3596 refert,
765 3523 876 3608 legatos
898 3527 1027 3587 Romani
1054 3525 1212 3587 Pontificis
1234 3539 1371 3588 sanctum

280 3603 415 3662 ollicium
445 3608 476 3666 in
513 3605 636 3666 ecclesia
658 3607 783 3667 CPtana
810 3611 917 3668 Latine
948 3607 1114 3670 celebrasse
1140 3621 1172 3670 et
1192 3611 1373 3694 lmperatori

280 3687 479 3748 Constantino
509 3689 666 3770 Pogonato
702 3691 810 3750 Latine
845 3689 949 3752 laudes
979 3692 1098 3754 dixisse.
1146 3691 1245 3753 Tanta
1274 3697 1374 3776 gruuis

280 3770 389 3847 legatos
420 3773 582 3830 catholicae
603 3775 689 3856 pacis
725 3774 873 3834 subsecuta
885 3776 972 3854 sicit,
994 3789 1027 3835 ut
1044 3775 1090 3834 cd
1108 3777 1254 3836 laetitiam
1266 3777 1377 3861 propudi
1482 3831 1483 3836 ,

280 3852 410 3911 Ioannes
432 3851 604 3914 Portuensis
624 3857 784 3938 episcopm,
801 3858 855 3942 pisi
869 3871 932 3917 emt
949 3861 1186 3943 transmisistis,
1205 3859 1375 3921 Donsiuim

286 3935 471 3994 Octauenus
503 3935 641 3998 Patriae
668 3941 772 3998 missas
793 3940 927 4023 publicas
960 3942 991 4002 in
1021 3941 1143 4001 ecclesia
1168 3941 1203 4000 S.
1245 3941 1377 4027 Sophiae

281 4039 385 4079 coram
402 4017 543 4101 praecipe
560 4025 779 4102 expatriarcha
798 4023 904 4083 Latine
919 4025 1098 4098 celebraret,
1122 4037 1150 4084 et
1175 4045 1277 4086 onrrses
1297 4047 1376 4086 unn-

282 4104 404 4162 nimiter
417 4101 448 4160 in
471 4101 575 4162 laudes
593 4107 735 4164 creatoris
750 4119 779 4166 et
794 4106 1013 4190 Imperatorum
1038 4107 1117 4168 silem
1129 4107 1245 4168 Latinis
1258 4110 1377 4168 tacitus

284 4186 494 4248 omlomomnt.
535 4186 685 4268 Quamvis
706 4189 787 4251 idern
808 4189 908 4272 dicat,
942 4201 996 4252 aut
1015 4191 1114 4273 potius
1134 4201 1251 4273 repetat
1270 4213 1305 4252 ex
1324 4189 1377 4251 illo
