2975 4892
362 295 447 386 658
572 323 628 388 ιο,
659 318 740 388 ute.
756 322 917 390 ,sustu
946 319 1225 386 commatrem

362 480 545 564 antiquioris
563 501 581 542 a
602 478 670 542 loro
691 480 878 555 recentiors3
894 498 993 560 neque
1012 487 1113 559 potest
1131 477 1205 538 haec
1222 496 1266 538 res
1282 475 1405 558 perspicue

365 569 409 626 sic
429 563 570 642 describi,
584 575 618 624 ut
633 565 825 646 percipiatur,
845 564 902 621 nisi
917 563 1036 620 nummi
1047 571 1078 620 et
1098 572 1230 621 vetustae
1247 561 1368 640 imagines
1378 557 1405 616 ad

361 669 486 710 manum
507 649 567 707 sint
580 657 610 706 et
622 647 832 728 inspiciantur,
848 666 866 704 e
886 645 996 725 quibus
1009 655 1040 704 et
1050 645 1249 704 di⁷ersitatem
1262 643 1405 712 lormamm,

362 742 393 792 et
405 729 557 814 quomodo
573 751 710 790 successu
729 730 872 810 temporis
888 731 983 808 magis
993 729 1176 809 compositae
1188 740 1272 809 atque
1290 720 1407 806 φορτικαὶ

361 825 393 875 st
413 813 568 874 affectatae
588 812 775 894 simplicibus
796 811 1015 893 antiquioribus
1043 814 1258 887 successerint,
1281 806 1405 886 intelligas.

363 897 555 970 castrabant,
593 907 629 956 ut
654 906 764 956 notum
791 905 854 971 est,
884 897 994 955 veteris
1013 895 1127 953 Romae
1159 894 1292 955 conmtes
1307 890 1406 950 trabeas

361 978 429 1040 Hae
451 990 536 1039 erant
565 977 619 1038 lati
648 978 726 1039 clavi
748 979 890 1059 purpurei
912 1021 922 1053 ,
943 988 1031 1059 togae
1060 977 1165 1036 intexti
1198 988 1251 1037 aut
1268 976 1347 1034 assuti
1371 983 1407 1031 aut

362 1061 492 1144 denique
514 1061 607 1122 libere
635 1062 849 1143 superiniecti,
873 1060 912 1122 ad
942 1063 1037 1120 instar
1063 1059 1158 1120 trabis
1186 1071 1257 1135 aut,
1288 1055 1406 1128 simdis,

362 1143 476 1206 balthei
498 1143 547 1204 rel
568 1143 647 1218 lori,
677 1165 730 1224 per
751 1155 855 1224 pectus
876 1154 906 1204 et
925 1143 1049 1203 dorsum
1066 1145 1259 1203 transversim
1278 1149 1407 1200 currentes.

361 1228 474 1287 Definit
507 1228 643 1287 trabeam
665 1227 910 1287 Montlauconius
937 1226 977 1285 T.
996 1227 1054 1285 lll.
1084 1225 1211 1308 Antiqu.
1238 1224 1367 1306 Explicat.
1385 1243 1406 1300 p.

362 1307 414 1388 24.
431 1312 491 1370 sie:
514 1311 546 1370 la
569 1309 666 1370 trabe'e
700 1309 770 1369 e'tor't
792 1311 874 1369 airus·
897 1307 1052 1392 appelle'e,
1074 1330 1108 1368 ce
1131 1331 1189 1405 que
1206 1308 1268 1368 l’on
1297 1303 1409 1376 croitde

360 1395 502 1453 certaines
516 1393 638 1469 bandes,
653 1395 706 1477 qui
721 1395 914 1452 tmversoient
929 1413 981 1451 sur·
1001 1393 1035 1450 la
1045 1395 1178 1474 por’trme
1192 1393 1313 1474 prdsqroe
1327 1407 1410 1448 comm

274 1509 277 1518 ·
361 1496 417 1536 une
432 1477 503 1535 echa
576 1477 652 1535 mais
671 1476 724 1560 qui
739 1475 960 1536 droienttr'ssuer
975 1473 1088 1534 darre!
1107 1475 1192 1535 habit
1212 1477 1311 1534 meme.
1347 1469 1409 1528 Tales

361 1558 461 1618 trabes
481 1579 519 1619 ve
551 1557 617 1618 lora
636 1569 808 1618 transversa
843 1568 930 1617 eraut
951 1559 1038 1617 initio
1060 1555 1242 1639 singularia,
1262 1557 1292 1616 id
1311 1566 1349 1615 est
1362 1555 1409 1611 uuis

361 1660 424 1702 uon
445 1640 557 1723 plura,
579 1653 610 1702 et
631 1639 807 1702 consulibus
825 1642 967 1782 ριᾝὶας
991 1641 1043 1701 sed
1074 1662 1213 1702 successu
1231 1640 1360 1721 temporis
1376 1635 1409 1692 ir

361 1721 437 1784 baut
467 1728 603 1807 gemina,
631 1735 663 1784 et
693 1725 882 1785 communica
922 1735 995 1784 ntur
1019 1744 1082 1783 non
1109 1734 1231 1786 tantum
1262 1719 1409 1784 senatoribu

363 1807 529 1885 omnibus,
559 1807 722 1869 sedetiam
753 1806 957 1868 sacerdotibus
977 1817 1008 1866 et
1027 1807 1175 1872 foeminis.
1218 1809 1253 1868 ln
1273 1827 1339 1866 arcu
1355 1804 1409 1861 en

361 1893 485 1950 stantini
510 1892 554 1950 M.
581 1890 661 1972 apud
683 1891 813 1950 eundern
824 1889 1085 1950 llloutsauconium
1107 1890 1129 1949 l.
1144 1913 1174 1951 e.
1197 1891 1262 1951 tab.
1284 1890 1324 1949 ¹3.
1341 1909 1366 1968 p.
1379 1885 1408 1944 it

361 1973 394 2032 in
416 1976 480 2054 ipso
501 1973 697 2034 Constantino
718 1984 749 2034 et
767 1971 870 2032 multis
889 1972 1077 2032 adstantibus
1100 1976 1158 2054 ipsi
1180 1972 1346 2055 proceribus
1361 1966 1409 2028 tals

361 2055 463 2115 trabes
484 2077 537 2117 seu
560 2055 625 2118 lora
647 2067 753 2137 pectus
773 2066 803 2116 et
823 2055 946 2116 dorsum
965 2066 1171 2116 transversum
1185 2059 1312 2117 sonantia
1324 2052 1408 2130 consi·

361 2140 501 2211 ciuntur,
537 2160 615 2220 quae
634 2139 751 2199 balthei
767 2140 816 2199 vix
837 2138 979 2198 videntur
1000 2159 1081 2211 esse,
1103 2140 1142 2199 de
1162 2141 1276 2221 quibus
1296 2139 1361 2198 baec
1374 2135 1409 2192 ta

362 2216 415 2280 bet
438 2220 578 2281 laudatus
589 2221 776 2283 Monachus:
801 2221 983 2281 Constantia
992 2236 1079 2304 porte
1094 2243 1130 2282 en
1147 2223 1276 2306 delrmpe
1296 2243 1345 2280 une
1355 2220 1409 2293 large

359 2301 467 2380 bande,
484 2317 638 2364 ornemerrt
659 2327 716 2389 que
737 2317 857 2389 portent
883 2306 963 2363 arrssr'
971 2306 1116 2388 pliorem
1134 2307 1174 2365 de
1204 2329 1239 2365 su
1263 2302 1408 2387 compagum

361 2385 441 2445 &tte
457 2385 528 2445 e'clra
601 2383 875 2472 s'appelloit·selon
907 2389 1100 2471 quelquesunr
1124 2393 1260 2448 orarium
1274 2402 1302 2448 et
1309 2385 1410 2466 ΝΜ

358 2488 395 2527 en
417 2488 505 2549 usage
520 2408 598 2530 ‹Zris
614 2472 655 2530 les
677 2485 751 2530 tems
762 2469 948 2554 postdriews.
996 2470 1047 2530 On
1065 2473 1157 2545 emit,
1172 2495 1231 2556 (με
1245 2473 1277 2530 Ia
1306 2470 1410 2529 mrem

358 2551 487 2634 laquelle
509 2574 547 2612 on
580 2556 692 2636 portoit
722 2553 899 2612 certandae
925 2575 962 2613 en
972 2551 1116 2637 eblearpe,
1136 2555 1307 2639 s’appelloit
1324 2551 1409 2620 outo,

357 2645 386 2692 et
401 2635 508 2718 qu'elle
534 2638 617 2696 αυοὶι
631 2639 697 2720 pris
719 2657 772 2696 sorr
782 2657 852 2696 nom
866 2635 905 2694 de
923 2637 967 2694 la.
1098 2647 1101 2650 ’

441 2717 718 2778 Animadvertenda
751 2718 839 2779 nobis
871 2717 910 2778 ad
940 2718 1023 2778 huuc
1049 2719 1149 2780 locum
1184 2721 1325 2803 quaedam
1347 2724 1409 2784 surh

357 2817 435 2879 quae
457 2803 535 2860 inter
555 2799 612 2860 hoc
632 2804 774 2882 primum.
826 2802 956 2861 Taenias
976 2801 1042 2862 illas
1063 2803 1234 2877 coloratas,
1256 2825 1327 2886 quas
1340 2808 1410 2882 gesta·

356 2901 391 2939 re
412 2881 509 2942 solent
528 2905 667 2965 proceres
704 2882 795 2943 hodie
826 2883 930 2964 aliquo
947 2886 990 2944 sic
1015 2885 1167 2946 dictorum
1188 2889 1326 2948 ordinum
1345 2901 1410 2960 eque*

356 2965 464 3022 strium
497 2965 662 3041 honorati,
697 2966 830 3045 (sordens
860 2967 1014 3048 appellant
1042 2967 1174 3048 Franci,
1210 2982 1247 3030 ut
1285 2964 1409 3028 kardo

355 3043 421 3104 blera
442 3046 514 3130 ete.)
537 3048 634 3109 videri
655 3048 695 3108 ab
717 3049 765 3108 his
784 3047 934 3122 trabibus,
958 3050 1093 3130 trabeis,
1114 3051 1190 3114 loris
1201 3097 1211 3128 ‚
1237 3051 1370 3122 baltheis,
1386 3052 1411 3103 ui

355 3126 506 3208 appellare
527 3131 633 3206 malis,
658 3133 804 3213 originem
830 3133 965 3193 traxisse.
1008 3132 1172 3211 Alterum,
1195 3138 1222 3197 si
1240 3157 1292 3218 per
1307 3131 1411 3194 oresium

354 3210 533 3288 intelligitur
552 3212 604 3274 illa
624 3217 734 3287 taenia,
757 3234 849 3296 quam
859 3216 1030 3276 sacerdotes
1049 3217 1193 3280 ecdesiam
1213 3218 1353 3280 Romanae
1367 3215 1410 3271 cir·

355 3287 523 3354 cacollum
550 3309 659 3378 gerunt
685 3300 830 3380 utrinque
861 3319 951 3380 super
973 3311 1076 3380 pectus
1095 3312 1180 3363 recta
1202 3302 1280 3362 linea
1301 3301 1409 3360 deorsam

352 3378 555 3456 pendentem,
590 3383 752 3440 autetiam
773 3381 952 3441 decussatim
974 3382 1013 3441 ad
1033 3384 1161 3444 formam
1186 3389 1282 3445 cumeis
1300 3381 1408 3444 dudm·
1447 3447 1449 3460 Ι

356 3477 414 3517 nae
443 3465 656 3543 compositam,
688 3465 826 3538 (stolam,
863 3466 894 3523 ui
916 3463 1023 3541 sallor,
1041 3465 1132 3528 hodie
1151 3469 1334 3551 appellant‚l
1350 3471 1409 3521 recl?
1447 3464 1449 3544 ξ

353 3535 446 3600 habet
467 3545 549 3625 quod
585 3547 709 3621 asserit,
741 3549 875 3605 orarium
906 3559 937 3608 et
964 3548 1101 3610 trabeam
1132 3553 1215 3612 idem
1234 3552 1336 3624 fuisse3
1353 3541 1408 3603 etti
1447 3548 1449 3648 l

352 3616 492 3702 legimus,
514 3628 744 3689 aCoustantino
768 3630 814 3688 M.
827 3649 1000 3690 mucessum
1028 3631 1129 3711 clero,
1150 3644 1188 3694 ut
1208 3656 1244 3695 su
1296 3633 1409 3693 humes·
1447 3653 1449 3676 ³

352 3697 374 3758 li
396 3702 447 3763 vel
471 3707 537 3768 loro
558 3721 711 3783 uteretur,
741 3710 977 3795 ordinatumque
996 3714 1086 3776 fuisse
1106 3739 1124 3776 a
1145 3717 1336 3794 clericis,ut
1356 3728 1408 3789 pm·
1447 3681 1449 3780 l

354 3781 467 3864 shyreri
491 3793 736 3872 superhumerale
767 3815 859 3875 super
880 3808 1011 3878 utroque
1038 3799 1189 3879 humero,
1219 3800 1330 3860 diaconi
1354 3809 1407 3851 vem
1447 3784 1449 3831 l

350 3873 562 3960 tantummodo
584 3897 675 3958 super
693 3897 756 3937 uno
777 3891 935 3960 gererent,
959 3881 991 3939 id
1012 3881 1051 3941 de
1070 3882 1138 3943 loro
1155 3882 1206 3944 vel
1226 3883 1299 3944 stola
1316 3877 1407 3939 hacm-

350 3945 544 4030 tellrgendum
566 3979 638 4020 esse.
687 3961 793 4020 Tertio
821 3973 905 4042 patet
924 3963 996 4023 binc
1015 3968 1102 4047 origo
1118 3966 1230 4027 talium
1246 3965 1405 4029 oratiorum,

349 4027 515 4113 stolarum,
536 4038 696 4119 lororum,
718 4043 917 4123 trabearum,
945 4057 1052 4108 ututa
1151 4071 1186 4112 te
1206 4050 1299 4110 malis.
1334 4049 1406 4103 iifl*

350 4105 465 4205 bantur
496 4122 577 4180 enim
609 4125 696 4186 initio
730 4145 858 4209 mappae
893 4048 1293 4287 oendidaefflumem
1310 4128 1405 4205 oniam
1447 4143 1449 4193 ἑ

347 4195 528 4281 mgulares,
559 4223 640 4288 quae
660 4207 766 4271 sudori
781 4211 963 4295 extergendo
994 4223 1026 4275 et
1077 4215 1084 4230 ‘
1180 4214 1303 4279 orcadis
1317 4231 1334 4271 e
1348 4205 1404 4268 [ιὰ
1447 4212 1449 4283 i

1447 4290 1449 4367 l

1447 4457 1449 4585 ᾧ
