2975 4892
388 303 499 414 468*
588 333 651 400 10.
683 331 762 398 nc.
792 329 939 396 nsum
968 329 1243 401 comesuram

387 491 559 574 perminimi
584 513 668 570 esse,
701 491 784 574 quod
804 509 893 549 usum
916 491 978 570 sagi
999 488 1048 551 vel
1067 491 1145 551 saccl
1174 498 1322 574 praestaret
1345 495 1370 546 et
1384 495 1417 544 ta·
1450 490 1451 493 ’

385 597 457 636 rnen
478 575 604 635 formam
623 577 717 634 manti
738 573 873 633 haberet.
913 574 1051 632 Mantum
1081 595 1187 657 nempe
1206 585 1265 635 erat
1282 569 1356 632 valde
1372 587 1418 628 au·

385 657 472 742 plum
492 669 521 717 et
540 658 578 717 ad
611 667 720 717 terram
741 656 914 714 demissum.
964 655 1076 736 Sagum
1097 679 1157 717 non
1180 658 1264 733 item,
1283 652 1351 736 quod
1367 671 1418 731 pro

386 744 452 822 prie
473 741 512 799 nd
546 761 642 822 genua
665 739 727 799 ferc
749 749 886 812 tantum,
909 737 1020 797 autad
1041 738 1140 798 media
1159 738 1266 798 femora
1284 737 1419 820 pertineret.

386 824 459 884 Vid.
483 823 522 882 ad
544 845 577 904 p.
601 819 720 884 285.st
746 843 776 904 7.
822 821 887 880 Hoc
905 823 1026 903 proprie
1045 832 1088 880 cst
1109 821 1258 905 chlamys,
1280 832 1306 880 et
1322 820 1419 880 tritae

385 906 455 967 culo
466 907 506 967 V.
529 917 558 965 et
578 905 717 986 deinceps
734 905 824 964 vestis
845 914 908 963 tam
925 911 1058 984 togatae,
1079 925 1171 984 quam
1191 915 1300 986 sagatae
1317 898 1418 975 militiae,

384 1001 544 1072 postquam
563 999 632 1068 toga
648 991 679 1046 in
706 985 934 1046 desuetudinem
953 984 1038 1046 abiit.
1059 986 1131 1047 Vidi
1142 1010 1259 1070 quoipre
1277 986 1306 1046 in
1328 981 1421 1044 venais

385 1073 563 1152 imaginibus
577 1070 699 1129 tertium
719 1067 887 1152 chlamydis
913 1071 1122 1130 brevissimum
1155 1059 1420 1152 genus,quodep1tl

383 1157 557 1215 iuncturam
586 1153 707 1212 humeri
734 1173 804 1212 cum
823 1147 926 1212 cublto
946 1152 1112 1228 desineret,
1135 1153 1284 1215 diversum
1301 1173 1318 1210 a
1334 1144 1421 1210 colobio

383 1257 442 1314 eo,
471 1235 552 1318 quod
585 1233 737 1294 colobium
757 1237 790 1294 in
813 1245 934 1316 pectore
962 1246 1101 1316 apertum
1122 1248 1217 1312 esset,
1240 1233 1358 1316 chlamys
1372 1239 1421 1286 ten·

381 1329 449 1380 tum
470 1341 487 1380 a
508 1319 611 1378 dextro
637 1317 747 1394 latere,
781 1318 822 1377 sic
842 1328 876 1376 ut
904 1318 1042 1377 dextrum
1062 1319 1152 1379 modo
1172 1320 1323 1380 humerum
1341 1315 1421 1375 sineret

382 1404 493 1479 exseri,
521 1403 675 1461 sinistrum
701 1399 859 1460 occuleret.
915 1399 1092 1483 Chlamydis
1117 1413 1149 1462 et
1179 1403 1238 1484 sagi
1275 1411 1303 1460 et
1325 1393 1422 1457 chironis

381 1481 542 1564 imaginem
563 1482 669 1544 videor
688 1483 763 1542 mihi
784 1484 815 1541 in
836 1483 1013 1565 Menologio.
1029 1482 1181 1544 Basiliano
1203 1486 1241 1544 T.
1260 1484 1283 1542 1.
1299 1504 1326 1563 p.
1343 1479 1385 1540 63.
1401 1474 1422 1532 lu

382 1565 479 1647 effigie
503 1565 534 1624 S.
559 1566 680 1625 loannis
701 1566 852 1646 Baptistae
879 1566 918 1625 ad
946 1565 1085 1626 habitum
1116 1568 1208 1627 medii
1227 1568 1294 1639 aevi¹
1308 1564 1375 1623 facta
1390 1559 1423 1613 u'·

381 1647 465 1708 dere.
487 1649 546 1709 Est
566 1651 657 1708 etiam
678 1647 824 1730 chlamys,
847 1669 907 1728 qua
928 1648 1052 1709 indutus
1072 1652 1256 1732 conspicitur
1272 1644 1422 1725 nicephorus

380 1731 553 1791 Botoniatcs
574 1731 604 1790 in
620 1731 749 1812 imagine
764 1731 961 1790 Ceremoniali
982 1735 1269 1814 nostropraemissa.
1307 1729 1371 1788 Nam
1386 1740 1424 1804 pet

381 1815 445 1873 eius
466 1813 603 1874 fissuram
622 1813 765 1874 traiectus
777 1824 858 1873 totus
879 1814 981 1875 dexter
1000 1809 1146 1877 humerus
1162 1837 1231 1876 eum
1250 1811 1363 1876 chitonis
1377 1825 1424 1864 1111·

379 1898 450 1956 nica
465 1895 568 1956 dextra
584 1907 614 1957 et
637 1897 701 1978 ipso
734 1915 829 1976 paene
840 1906 905 1955 toto
927 1897 1048 1958 chitone
1062 1910 1199 1980 apparet.
1241 1898 1356 1958 Sinistra
1371 1904 1424 1948 1110

378 1999 487 2038 manus
517 1979 580 2040 sola
612 1981 786 2061 prominens
816 1999 870 2060 per
898 1979 1086 2040 sublevatam
1116 1981 1304 2064 chlamydem
1323 1979 1424 2056 appetet

380 2062 449 2138 Qua
469 2071 555 2142 parte
575 2061 696 2120 coibant
716 2081 788 2121 orae
810 2061 904 2122 dextri
926 2075 957 2123 ct
985 2065 1097 2123 sinistri
1116 2062 1232 2142 lateris,
1252 2065 1282 2121 in
1301 2051 1424 2135 chlamyde

365 2141 440 2226 *lata
460 2155 525 2204 erat
547 2143 644 2202 insuta
665 2155 718 2204 aut
738 2145 851 2204 intexta
870 2145 995 2218 tabula,
1018 2167 1191 2228 purpurea,
1212 2165 1317 2221 aurea,
1335 2137 1426 2228 plume·

377 2233 430 2298 ta,
454 2226 597 2306 imagines
618 2227 735 2302 varias,
758 2229 918 2308 praecipue
938 2249 1011 2289 vero
1032 2230 1224 2312 principum,
1245 2244 1362 2311 quonun
1377 2235 1424 2300 qm

376 2318 454 2366 esset
475 2307 633 2384 subditus,
663 2321 816 2390 protomas
844 2311 1013 2371 ostendens.
1071 2313 1135 2374 Has
1160 2312 1280 2374 tabulas
1294 2307 1373 2370 cattia
1388 2321 1426 2381 ap

376 2387 516 2470 pellant,
543 2391 581 2450 de
614 2393 723 2472 quibus
742 2395 774 2452 in
790 2391 955 2455 continenti
976 2394 1076 2456 dicam
1094 2395 1246 2478 pluribus.
1287 2383 1426 2467 chlamydis

373 2473 469 2552 igitur
491 2484 555 2534 erat
575 2473 667 2536 fibula
689 2476 720 2534 in
741 2476 846 2536 dextro
866 2475 1005 2556 humero,
1028 2479 1084 2539 sub
1117 2501 1181 2561 qua
1199 2479 1298 2539 dexter
1314 2472 1427 2534 humens

378 2555 577 2615 exserebatur.
643 2558 769 2618 Constat
793 2559 826 2619 id
851 2559 952 2620 multis
980 2573 1139 2622 auctorum
1170 2563 1262 2633 locis,
1283 2557 1318 2618 de
1344 2551 1427 2636 april&

374 2657 470 2697 unum
492 2639 624 2699 Nicetam
644 2641 765 2718 citabo,
787 2643 839 2723 qui
860 2643 897 2702 L.
921 2643 977 2702 111.
1003 2645 1154 2707 Manuelis
1174 2669 1208 2730 p.
1232 2663 1282 2727 71.
1315 2638 1366 2698 fine
1389 2632 1426 2692 dt·

375 2719 509 2781 scribens
530 2733 776 2784 torneamentum
801 2725 840 2784 ab
861 2725 913 2784 illo
934 2727 1118 2808 Imperatore
1139 2741 1172 2790 et
1190 2728 1306 2789 Franco
1323 2717 1428 2804 principe

374 2802 553 2864 Antiochiae
574 2805 655 2885 apud
664 2805 759 2866 'illam
774 2808 880 2867 urbem
893 2810 1079 2889 institutum,
1095 2811 1139 2871 ait
1152 2806 1364 2916 ¹Imperatorem
1373 2817 1426 2882 pm·

374 2887 495 2946 cessisse
519 2889 551 2944 in
574 2907 672 2970 apro,
702 2885 855 2967 χλαμύδα
876 2889 1054 2971 ἤσθημένον
1075 2891 1290 2976 α’στειοτεραν,
1310 2885 1374 2968 περὶ
1388 2875 1428 2942 tlt

374 2961 479 3062 δεξιρν
504 2958 591 3044 alnov
612 2972 843 3050 περονουμένην
860 2973 916 3032 καί
925 2965 1074 3056 ἀφιεῖσαν
1094 2973 1269 3054 ἐλευθέραν
1288 2968 1341 3052 τήν
1355 2968 1426 3046 χεῑρ1

373 3065 452 3142 aare
481 3045 521 3107 ro*
550 3044 712 3132 πόρπημα.
756 3053 917 3116 Chlanides
948 3066 979 3116 et
999 3057 1137 3119 chitones
1167 3057 1318 3119 habebant
1334 3047 1429 3134 quidem

371 3129 524 3190 rutardum
546 3153 665 3214 quoqne
686 3133 813 3214 fibulas,
834 3138 895 3204 ,tsed
913 3159 975 3198 non
995 3162 1125 3221 semper.
1171 3142 1285 3202 Multae
1305 3140 1374 3197 cuim
1392 3148 1428 3187 et·

372 3231 441 3272 rum
464 3213 503 3273 ad
523 3227 660 3275 nostrum
680 3217 862 3279 hodiernum
883 3242 999 3282 morem
1021 3225 1117 3284 factae
1140 3236 1248 3302 erant,
1265 3224 1305 3283 sic
1323 3229 1354 3279 ut
1369 3216 1429 3274 inter
1450 3244 1451 3247 ¹

371 3291 450 3356 latus
471 3294 540 3357 colli
562 3309 592 3357 et
616 3300 787 3361 iuncturam
807 3301 926 3365 humeri
957 3327 1026 3366 cum
1046 3306 1207 3368 claviculis
1229 3302 1303 3368 nibil
1322 3303 1428 3384 pateret,

372 3377 425 3437 sed
449 3379 546 3439 omnis
567 3401 683 3464 panum
705 3388 866 3446 continuus
895 3398 993 3467 esset,
1016 3400 1046 3449 et
1063 3391 1185 3450 manica
1206 3409 1277 3453 eum
1293 3385 1350 3468 ipsa
1365 3385 1428 3438 “5¹⁰

371 3459 557 3523 cohaereret.
608 3463 643 3522 In
661 3465 846 3546 quibusdam
875 3479 977 3530 tamen
997 3471 1173 3533 chitonibus
1194 3472 1244 3534 vel
1263 3469 1361 3531 tunicis
1379 3460 1429 3518 bia·

371 3539 424 3600 bnt
445 3564 564 3638 paunus
594 3545 633 3606 ab
653 3559 784 3630 utroque
817 3548 910 3611 latere
931 3563 960 3613 ct
976 3547 1043 3614 lata
1063 3555 1173 3618 fissura
1194 3566 1259 3614 erat
1280 3551 1427 3632 isaiaque?

369 3625 505 3695 mamilla
524 3631 653 3708 pectoris
680 3632 718 3691 ad
740 3631 831 3692 finem
844 3630 990 3716 'scapulae
1022 3658 1118 3718 usque
1137 3639 1315 3718 procedens.
1348 3631 1429 3686 Gem-

369 3723 428 3798 pae
447 3707 540 3787 igitur
572 3710 628 3771 hae
656 3716 751 3774 rimae
771 3715 871 3776 fibulis
899 3717 1043 3800 adstringi
1069 3720 1235 3780 debebant.
1275 3707 1429 3776 Diffembant

370 3787 461 3864 igitur
481 3789 592 3850 fibulae
612 3794 769 3856 chitouum
790 3820 808 3857 a
828 3797 929 3860 fibulis
950 3801 1165 3883 chlamydum,
1245 3801 1284 3862 od
1302 3797 1352 3858 bac
1369 3807 1428 3851 sem·

368 3885 424 3945 per
454 3869 590 3933 adessent
625 3887 655 3936 et
682 3899 838 3961 nunqnam
868 3895 989 3963 possent
1022 3884 1153 3960 abesse,
1193 3825 1263 3945 illie
1281 3881 1429 4011 plerumtytlc

369 3947 515 4049 abessent⁸
530 3967 559 4015 et
585 3956 694 4020 fibulae
723 3984 816 4044 porro
837 3964 1033 4047 chlamydum
1063 3988 1185 4048 semper
1206 3975 1303 4028 esseut
1321 3963 1394 4040 singu
1404 3971 1429 4016 θ’.

368 4049 437 4128 rea,
468 4033 622 4098 chitouum
652 4055 777 4122 contra,
811 4046 864 4106 ubi
887 4048 1034 4127 adessent,
1055 4071 1175 4129 semper
1195 4045 1344 4131 gemellae.
1382 4037 1428 4126 fite

368 4110 497 4212 deniqne
514 4129 599 4214 extra
619 4139 813 4208 conspectum
845 4129 980 4191 latebant
1021 4132 1078 4192 sub
1098 4131 1281 4216 chlamyde,
1310 4126 1427 4200 1111111111ς

365 4212 491 4281 tvtwtt,
512 4199 543 4262 td
558 4214 601 4266 est
614 4211 824 4273 tantummodo
838 4215 1000 4296 tunicatus,
1021 4215 1200 4297 procederet
1212 4239 1221 4295 5
1245 4211 1349 4277 fibulae
1362 4201 1425 4267 chla-
