2975 4892
222 363 280 431 au
310 359 566 429 launoium
593 362 670 426 nm.
701 363 730 426 r.
767 363 823 426 un
851 359 1047 430 mamou.
1111 337 1195 454 529

97 535 183 597 bene
201 533 278 594 mihi
296 531 355 592 boc
369 529 436 591 loco
453 529 585 590 cesserit.
610 522 755 590 ’Λλειοτά
779 528 838 590 deli
862 536 1010 597 uescentia
1023 555 1113 618 super
1124 563 1192 602 car-

99 615 237 678 bonibus
259 613 442 688 credebam,
466 611 600 694 adeoque
625 614 726 687 sicca,
758 551 887 674 friablla
918 630 1071 695 aromata;
1089 623 1141 684 sed
1163 635 1194 686 et

101 699 193 761 verbi
210 697 347 774 laidem,
373 696 564 781 deliqueram
571 738 581 769 ,
609 693 685 754 nihil
708 691 781 754 huic
805 695 954 757 vocabulo
980 701 1076 780 inest,
1097 716 1127 765 et
1153 703 1192 767 τὰ

105 774 242 842 &haurd
261 779 404 840 videntur
421 778 523 860 potius
542 776 657 858 liquida
674 776 826 858 pigmenta
843 790 895 839 aut
914 785 1025 862 species
1049 791 1193 850 aromati-
1217 841 1221 848 ,

105 885 161 924 cae
184 863 296 938 luisse,
324 881 404 942 quae
422 861 479 921 litu
510 858 641 920 frictuve
657 863 777 942 corpori
799 863 1017 941 ingererentur.
1060 869 1095 929 ld
1119 893 1190 932 cum

106 969 144 1008 ex
165 942 346 1026 etymologia
366 943 497 1024 colligo,
516 943 609 1019 (venit
623 942 757 1002 animab
781 938 928 1024 diarum)
941 958 971 1008 et
994 970 1028 1008 ex
1046 971 1094 1027 co,
1110 955 1193 1036 quod

107 1028 190 1089 iufra
208 1049 239 1109 p.
251 1025 322 1087 382.
341 1026 382 1087 A.
398 1024 454 1085 ult.
483 1021 522 1084 ui
545 1018 677 1084 discurri
698 1045 716 1084 a
735 1025 931 1108 thymiamate
954 1051 1007 1092 seu
1035 1032 1125 1096 thure
1142 1037 1194 1096 di·

109 1113 322 1192 stinguuntur,
343 1117 374 1168 et
394 1130 447 1190 per
469 1107 593 1188 pyxides
619 1117 833 1168 numerantur:
863 1111 946 1190 quod
968 1115 1103 1194 profecto
1129 1139 1193 1182 uon

108 1194 214 1267 fieret,
248 1191 274 1252 si
297 1183 339 1250 rii
359 1187 491 1250 (ἔλειπτὰ
528 1191 642 1250 siccum
665 1188 777 1249 durum
800 1209 910 1273 corpus
931 1209 1038 1258 essent.
1081 1200 1192 1282 Nemo,

132 1297 244 1352 uacso,
265 1275 414 1349 miretur,
436 1293 486 1332 me
505 1275 594 1333 toties
608 1273 708 1332 vineta
723 1293 789 1332 men
809 1274 941 1338 caedere.
982 1279 1105 1342 Mallem
1118 1305 1194 1364 pro.

107 1299 190 1418 lecto
214 1357 421 1418 necessitatem
451 1353 531 1414 banc
555 1351 631 1416 milii
659 1375 720 1415 non
754 1354 906 1418 admotam
938 1381 1014 1422 esse.
1055 1365 1193 1429 Praestat

107 1451 211 1500 tamen
240 1459 357 1500 errores
388 1437 571 1514 emendare,
593 1455 685 1518 quarn
713 1437 918 1520 dissimulare,
946 1445 1192 1530 quandoquidem

107 1545 174 1583 non
184 1521 268 1581 licuit
283 1541 346 1581 non
360 1539 497 1602 peccare.
522 1520 557 1579 ln
570 1529 654 1578 tanta
662 1520 748 1601 copia
766 1541 866 1581 remim
884 1523 1078 1588 obscurarum
1098 1533 1130 1592 in
1145 1553 1191 1611 se,

110 1607 145 1664 in
212 1603 279 1664 ibus
306 1603 371 1664 sola
389 1603 560 1662 coniectum
583 1602 733 1683 agendum
752 1613 783 1663 et
811 1603 895 1665 velut
924 1611 954 1666 in
976 1609 1106 1674 tenebris
1125 1614 1195 1694 pal-

108 1707 172 1770 pan
195 1707 246 1744 um
265 1695 326 1763 ast,
348 1685 444 1745 multa
455 1706 512 1768 par
531 1695 598 1744 erat
611 1685 640 1744 ei
697 1705 816 1766 rpemm
846 1689 998 1768 excidere,
1030 1693 1082 1773 qui
1106 1695 1197 1758 dere:

108 1779 202 1852 pente
220 1766 303 1829 velut
324 1771 357 1830 in
384 1767 476 1833 alium
494 1768 599 1829 orbem
623 1766 644 1826 d
673 1777 740 1828 ntus
763 1789 818 1848 per
844 1769 973 1832 instituti
1000 1771 1090 1836 buius
1120 1797 1190 1857 per-

108 1853 284 1912 versitatem
304 1851 410 1912 debuit
426 1850 562 1931 trepidus
580 1847 693 1910 librum
718 1861 835 1911 vertere
849 1853 984 1914 nondum
1008 1858 1079 1918 satis
1101 1859 1191 1920 intel-

107 1934 244 2010 lectum,
264 1934 399 1994 nondum
422 1935 493 1993 satis
508 1931 697 1993 familiarem.
715 1931 774 1992 Sed
796 1936 839 1993 sic
861 1935 891 1994 in
909 1936 977 1997 fatis
995 1939 1071 1999 cuit.
1092 1941 1194 2002 Erunt

110 2020 204 2099 igitur
218 2010 259 2076 τὰ
278 2011 412 2076 dietat&
434 2016 513 2076 idem
556 2015 638 2096 quod
670 2009 771 2094 μύρα.
815 2015 895 2077 Nam
924 2013 962 2078 τὰ
993 2020 1194 2098 καπνίσματα

107 2098 192 2182 ligna
215 2098 420 2159 suaveolentia
447 2099 522 2159 dum
545 2119 669 2158 accensa
692 2097 811 2158 fumant
844 2120 919 2176 esse,
949 2101 1050 2164 nullus
1072 2104 1189 2166 dubito.

109 2183 278 2260 Coniungit
293 2182 412 2241 Nicetes
434 2203 466 2264 p.
486 2203 554 2263 129.
569 2181 606 2240 C.
628 2175 669 2240 τὰ
688 2176 777 2258 μύρα
800 2191 830 2240 et
847 2176 885 2241 τὰ
907 2179 1019 2245 ’Intrat
1052 2183 1128 2258 ξύλα
1161 2191 1194 2250 in

108 2263 170 2324 illis
192 2263 315 2324 verbis:
338 2259 427 2343 ὁτῆς
447 2257 566 2335 πόλεως
588 2254 673 2333 ἅπας
694 2261 793 2342 δῆμος
820 2263 866 2334 εἰς
894 2259 930 2324 τό
959 2259 1046 2344 ἱερὸν
1066 2289 1195 2351 φροντι-

109 2340 242 2426 στήριον
268 2339 500 2426 συνδραμόντες
535 2342 754 2425 λαμπροτάτην
783 2343 1102 2448 ἐκεινροοντελοῦοι
1135 2350 1196 2434 τήν

109 2422 265 2509 πρόοδον,
287 2423 402 2507 μύροις
426 2423 483 2499 τὰς
509 2419 624 2508 ἀγυιὰς
649 2423 805 2504 τέγγοντες
824 2448 877 2489 και
897 2435 963 2501 τοῖς
982 2427 1121 2506 Ἰνδικοῖς
1141 2427 1194 2508 ξύ-

109 2513 179 2583 λοις
197 2507 253 2569 καὶ
271 2513 472 2591 καροκευτοῖς
493 2505 643 2590 tydeum
663 2502 719 2568 τὸν
739 2506 819 2588 α’έρα
832 2504 1064 2586 εὖονδιάζονῐες.
1107 2517 1192 2578 Odo-

110 2615 158 2654 res
180 2592 322 2664 Indicos,
337 2595 390 2676 qui
404 2594 466 2653 siae
479 2591 652 2652 carbonibus
669 2590 713 2648 ad
729 2593 922 2672 vaporandas
938 2607 1016 2655 aetas
1033 2597 1195 2662 incendan-

109 2689 178 2749 tur,
199 2672 330 2757 appellat
351 2675 541 2758 Lampridius
561 2677 593 2734 in
618 2670 815 2754 Heliogabalo
829 2695 862 2756 p.
876 2673 948 2758 870.

195 2771 382 2856 1).3.[468,
403 2771 469 2857 18.]
490 2770 607 2844 σένδες.
636 2770 830 2835 Vocabulum
851 2774 1043 2858 perfrequens
1065 2777 1096 2836 in
1118 2782 1195 2840 scri-

109 2873 172 2956 ptis
187 2882 250 2932 mm
263 2872 448 2934 Graecorum
471 2874 660 2947 recentium,
680 2891 773 2951 quam
801 2871 955 2948 Arabum,
987 2877 1040 2956 qui
1060 2877 1194 2957 ord-ias,
1261 2911 1266 2916 -

109 2953 238 3031 condas,
260 2953 389 3015 efferunt
410 2966 442 3015 et
463 2976 596 3037 quorum
618 2953 833 3035 Lericogmphi
856 2956 990 3032 (auctore
1007 2956 1105 3038 Golio)
1126 2983 1198 3044 per-

111 3035 222 3097 bibent
240 3057 305 3097 esse
317 3048 472 3118 praestans
486 3049 516 3098 et
532 3035 642 3099 subtile
660 3039 752 3117 panni
764 3037 848 3096 serici
863 3057 975 3118 genus3
998 3038 1048 3100 alii
1063 3062 1197 3124 pannum

113 3117 299 3194 Attalicum,
319 3141 395 3180 auro
412 3131 445 3180 et
459 3131 584 3201 argento
603 3121 759 3180 intextum.
786 3119 846 3182 Sed
865 3121 904 3181 de
921 3120 1032 3202 etymol
1073 3125 1100 3186 ia
1118 3148 1198 3189 non·-

113 3201 188 3262 dum
215 3212 352 3281 constat,
377 3204 455 3264 sitne
470 3203 641 3279 Arabicae,
662 3222 703 3262 an
728 3200 851 3262 alterius
874 3205 1008 3288 originis.
1033 3145 1197 3272 oArabicae

113 3303 142 3362 ai
159 3301 218 3378 sit,
239 3297 326 3360 facile
343 3311 420 3363 esset
443 3323 462 3362 a
480 3302 630 3375 saddasa,
653 3299 781 3375 ΨΜ,
809 3321 937 3379 semare,
961 3307 1119 3388 sescuplam
1133 3309 1196 3387 sa·

111 3404 197 3456 oeoe,
220 3381 376 3463 derivare,
402 3395 438 3447 ut
462 3405 533 3446 cum
555 3385 639 3444 retici
673 3382 722 3443 vel
750 3385 901 3444 hexamer>
925 3384 1005 3445 idem
1028 3390 1077 3454 sit.
1118 3389 1198 3451 Nam

113 3511 146 3565 ρ,
166 3478 217 3542 vel
235 3503 275 3557 n,
299 3491 336 3540 ut
352 3484 435 3564 apud
450 3485 605 3561 Graecos,
624 3483 666 3543 sic
685 3479 766 3564 apud
786 3479 904 3543 Arabes
922 3503 1009 3564 saepe
1031 3485 1197 3565 epentbeti-

113 3585 186 3624 cum
212 3573 268 3624 est.
309 3565 352 3626 Et
385 3565 520 3647 prolecto
548 3587 611 3626 non
632 3585 742 3648 parum
772 3561 844 3623 buie
871 3568 1059 3628 coniecturae
1081 3569 1196 3634 tribuo.

112 3645 286 3707 Videbatur
301 3647 467 3730 aliquando
477 3671 495 3709 a
507 3649 632 3721 Senatu
643 3648 766 3728 regione
781 3647 860 3707 iuter
871 3645 1025 3708 Persidem
1040 3661 1070 3710 et
1080 3651 1198 3717 lndiam

115 3731 172 3789 sita
180 3772 190 3802 ‚
211 3731 407 3810 repetendum
431 3753 516 3810 ease3
536 3731 602 3792 vid.
621 3751 699 3812 quae
727 3729 826 3790 dicam
847 3728 886 3790 ad
912 3729 1067 3811 pag-344.
1083 3735 1123 3794 A.
1146 3739 1193 3798 13.

115 3811 196 3872 Sunt
216 3812 352 3892 profecto
365 3835 428 3875 non
447 3835 544 3897 pauca
565 3814 638 3873 bnic
655 3812 853 3894 etymologiae
868 3811 1011 3878 inventia.
1052 3817 1198 3899 Regiones

114 3892 195 3969 illas,
206 3894 324 3955 indiam
340 3898 428 3979 eique
441 3899 566 3970 vicinas,
579 3907 696 3957 textura
704 3891 966 3956 subtilissimorum
976 3906 1007 3957 et
1018 3902 1199 3980 pretiosissi-

114 3981 246 4119 ἷὲἕὲἒ,
261 3980 721 4125 {tuttttttbttt
740 3981 960 4122 “illaill‘l
975 4000 1197 4128 Ὗὲἒέἰῗῖ

114 4161 186 4200 uem
203 4143 315 4217 cauda,
341 4144 373 4203 id
386 4155 435 4205 est
446 4147 545 4223 sende,
563 4145 594 4205 in
607 4104 731 4206 Assisiid
748 4081 1101 4230 lliciposolyiditilldllslapu
1146 4150 1198 4210 Du

115 4223 265 4306 Congium
276 4247 306 4291 v.
318 4225 494 4310 Epidecen),
512 4228 632 4288 doublet
642 4227 682 4288 de
697 4224 796 4289 Cende
810 4223 890 4314 (non
902 4229 1031 4311 caudes),
1050 4229 1137 4292 idest
1149 4231 1201 4294 di·

151 4361 358 4416 Comtautiuus
374 4363 506 4436 Porpliyr.
531 4363 588 4419 Vol.
608 4366 644 4420 Π.
970 4367 1005 4436 34
