2975 4892
315 360 402 449 356
518 389 574 452 ro.
606 353 686 452 rrc.
719 388 868 452 nsrsrrr
904 332 1188 453 corninnrur

316 543 390 604 dum
410 543 607 626 Scythicum,
639 539 823 616 Gothicum,
853 539 1053 618 Bomagicum
1074 537 1125 598 vel
1145 537 1311 597 Francicum
1330 557 1374 600 re·

315 630 396 705 stiti,
417 627 656 707 producerentur
677 623 744 684 illos
764 622 852 682 ludos
878 631 1059 682 exercentes.
1102 622 1207 702 Neque
1226 621 1317 682 Nostri
1333 641 1377 680 so·

315 709 380 770 lurn
402 709 591 770 Constantini
613 706 798 787 temporibus
813 715 866 764 aut
886 716 982 765 aetate
1003 703 1103 764 Carini
1125 715 1154 762 et
1175 705 1222 765 Vo
1243 705 1307 780 isci,
1321 725 1375 763 non

317 793 495 869 Iustiniani,
517 790 567 850 sed
589 791 679 849 etiarn
702 789 832 864 Codini,
865 789 1025 869 postremis
1045 788 1207 867 imperiiC
1247 789 1292 844 ani
1308 796 1377 846 tem-

314 875 440 956 poribus
460 871 675 935 ererccbantur
693 870 736 932 illi
758 870 841 946 ludi,
874 873 937 932 imo
960 869 1058 930 adhue
1078 869 1170 930 hodie
1189 871 1220 928 in
1239 867 1379 952 plebecula

314 971 464 1035 nostrate,
495 958 640 1017 Saxonica
661 966 762 1033 certe,
792 954 931 1034 quamvis
952 955 1051 1014 minus
1075 952 1229 1034 frequente
1257 954 1289 1012 irr
1306 971 1380 1029 usu,
1470 964 1471 975 ¹

314 1045 379 1102 noti
398 1052 500 1102 tamen
520 1050 601 1100 sunt.
645 1037 779 1097 Codinus
800 1035 867 1103 illos
888 1035 978 1096 offic.
1000 1057 1032 1117 p.
1045 1055 1095 1120 9⁰·
1109 1057 1140 1096 n.
1160 1056 1206 1094 ra.
1229 1037 1260 1094 in
1278 1035 1382 1094 descri-

241 1139 248 1153 '
314 1127 421 1206 ptioue
450 1123 638 1182 hilaritatem
668 1119 755 1180 aulae
788 1121 970 1218 szantinae
1000 1139 1056 1200 per
1082 1118 1195 1178 festum
1223 1117 1382 1178 Natiuitatis
1470 1118 1471 1125 ’

315 1207 426 1268 Christi
446 1208 489 1266 sic
510 1216 651 1264 enarrat:
676 1197 783 1262 ἔπειτα
801 1221 949 1282 sexonas
969 1202 1120 1275 (assidenti
1135 1201 1175 1261 ad
1188 1221 1318 1260 mensam
1329 1201 1383 1258 lm-

312 1288 444 1371 peratori
465 1297 621 1368 postquam
641 1306 778 1368 proceres
798 1305 923 1360 omnes,
961 1284 1139 1361 demarchi,
1179 1283 1310 1344 consules
1329 1284 1383 1342 Ve-

313 1379 421 1448 netus,
443 1371 590 1444 Pisanus,
615 1370 824 1430 Anconitanus
844 1367 954 1428 festum
975 1367 1055 1428 diem
1081 1366 1225 1449 gratulati
1253 1367 1384 1442 fuerunt,

230 1483 231 1488 ¹
314 1459 441 1516 veniunt
461 1454 583 1513 tandem
603 1457 736 1534 quoquel
756 1446 812 1510 nai
839 1447 1120 1530 πολυχρονιζουσιν
1142 1451 1198 1510 καί
1215 1444 1245 1509 oi
1267 1445 1385 1527 Bripny-
1470 1452 1471 1463 ¹

312 1556 364 1615 yos
384 1531 467 1596 κατὰ
486 1531 544 1614 τὴν
566 1531 697 1613 πάτριον
717 1534 774 1594 καί
793 1522 882 1591 οὗτοι
901 1532 1048 1610 γλῶσσαν
1067 1529 1204 1608 αὐτῶν,
1233 1521 1388 1612 ἤγουνῖγ-

312 1615 417 1679 κλιστί
432 1639 449 1696 ,’
463 1615 518 1678 καί
538 1612 594 1688 τὰς
616 1617 752 1686 πελέκεις
776 1611 880 1675 αὐτῶν
898 1606 1121 1695 συγκρούονῐες
1142 1611 1259 1678 κτύπων
1285 1604 1388 1672 ἀποτε-

313 1700 460 1777 λοῦνται,
487 1713 517 1760 et
547 1702 651 1760 nrrrltos
680 1701 711 1758 ei
736 1720 829 1758 cruror
853 1712 1014 1781 precanter
1034 1697 1177 1779 Barangi
1189 1743 1197 1772 ,
1221 1698 1323 1782 pastris
1339 1715 1387 1754 nra

311 1785 432 1865 lingua,
465 1805 568 1867 nempe
594 1782 783 1862 Anglioana,
810 1782 1006 1864 mammisqroe
1025 1783 1155 1840 invicem
1174 1782 1321 1851 merbiis
1339 1780 1391 1838 suis

271 1879 273 1882 ’
310 1869 461 1949 strepitum
472 1867 572 1926 edum.
595 1865 776 1925 Adscribam
799 1885 920 1945 quoque
940 1863 1022 1945 quod
1041 1867 1202 1945 sequitur:
1227 1858 1308 1941 perri
1321 1860 1390 1940 γοῦν
1470 1858 1471 1865 '

310 1943 347 2010 τὸ
376 1945 495 2019 πάντας
527 1947 583 2008 τοῦ
611 1945 786 2007 παλλατιόυ
814 1943 1042 2025 πολυχρονώαι
1065 1941 1148 2007 κατὰ
1165 1939 1257 2020 τάξιν
1277 1941 1393 2019 αὐτῶν,

309 2030 406 2111 μέχρι
425 2029 481 2090 καί
502 2031 565 2091 τῶν
585 2025 844 2109 Bapdaprorroiv,
871 2022 949 2089 rard
971 2024 1030 2128 rq'r
1049 2024 1186 2106 πάτριον
1205 2023 1263 2088 καὶ
1281 2023 1392 2088 τούτων

308 2107 439 2194 φωνὴν,
460 2101 529 2192 ἤτοι
541 2111 717 2192 Περσιστί,
737 2107 935 2190 εἰσέρχονται
954 2132 1009 2172 και
1029 2106 1061 2172 οἱ
1081 2107 1208 2189 ψάλται
1224 2109 1280 2171 καὶ
1302 2110 1392 2170 πολυ-

305 2192 511 2272 gnosticam,
540 2188 713 2271 ψάλλοντες
738 2187 889 2270 μετάιῖτό
911 2187 949 2251 rii
971 2191 1164 2254 κοντάκιον·
1201 2191 1222 2273 ἦ
1245 2189 1398 2272 παρθένος

309 2269 447 2356 σήμερον
468 2269 656 2356 ὕπερούσιον
675 2275 783 2336 τίκτει.
823 2276 952 2358 Egregie
971 2273 1048 2336 haee
1074 2277 1243 2359 descriptio
1263 2273 1395 2356 congruit

309 2379 381 2418 cum
402 2359 601 2439 descriptione
623 2359 722 2419 Nostri
744 2359 954 2432 Constantini,
990 2371 1043 2419 aut
1071 2362 1176 2441 potius
1197 2359 1395 2440 antiquioris,

309 2461 406 2522 equo
428 2441 479 2502 ille
499 2439 673 2516 transtulit,
694 2444 843 2516 auctoris,
876 2441 955 2501 forte
974 2440 1059 2501 Petri
1082 2445 1229 2526 Magistri
1251 2453 1305 2502 eut
1324 2439 1395 2500 alius

309 2523 442 2605 aequalis
463 2524 521 2584 illis
543 2524 744 2606 temporibus,
767 2524 878 2606 quibus
892 2523 987 2584 Gothi
1007 2525 1106 2585 adhuc
1128 2527 1164 2586 in
1187 2525 1326 2607 palatina
1344 2525 1398 2584 rni-

307 2605 372 2667 litia
393 2608 558 2668 merebant.
604 2609 679 2667 Nam
708 2629 724 2666 a
758 2609 915 2668 lastiniani
935 2608 999 2667 fere
1018 2610 1216 2690 temporibus
1234 2610 1324 2669 desiit
1343 2605 1397 2666 hoc

306 2709 418 2750 nomen
439 2691 538 2751 audiri
567 2702 598 2750 et
630 2701 836 2752 successerrmt
855 2693 886 2749 in
910 2711 1013 2750 eorum
1046 2689 1153 2752 locum
1182 2694 1217 2752 in
1240 2689 1400 2768 Hetaeria,

305 2793 357 2832 seu
381 2771 488 2834 militia
507 2773 638 2856 palatina
660 2796 677 2834 e
696 2774 870 2834 nationibus
888 2772 1054 2855 peregrinis
1080 2775 1239 2847 conflata,
1274 2775 1401 2853 Barangi

305 2875 359 2914 seu
381 2856 509 2934 Franci,
527 2857 688 2932 Saraceni,
710 2856 859 2936 Fargani,
882 2856 1008 2916 Chazam'
1028 2867 1057 2916 et
1078 2856 1148 2920 alii.
1194 2858 1294 2919 Gothi
1315 2857 1401 2940 igitur

304 2935 349 2995 illi
371 2949 424 2997 aut
444 2939 563 3016 Graeci,
585 2940 624 2999 ad
645 2938 808 2998 Gothicum
829 2939 1074 3017 modumvestiti,
1095 2942 1275 3004 veniebant
1296 2943 1330 3001 in
1349 2959 1403 3000 au-

302 3017 366 3079 lam
395 3031 425 3080 et
444 3019 561 3081 ludicro
582 3021 634 3082 illo
655 3020 762 3081 habitu
792 3032 845 3081 aut
870 3026 969 3103 potius
994 3022 1138 3086 horribili
1165 3024 1402 3107 gratulabantur

304 3101 482 3184 Imperatori
510 3104 590 3164 diem
619 3102 752 3178 festum,
792 3104 832 3163 ab
861 3126 957 3186 eoque
983 3108 1210 3168 munusculum
1236 3109 1404 3191 exigebant.

302 3183 401 3246 Erant
419 3206 490 3267 ergo
515 3187 544 3245 in
561 3187 702 3248 horrifico
728 3197 874 3267 apparatu
889 3209 960 3248 vere
979 3189 1120 3266 Gothici,
1150 3191 1216 3252 hoc
1239 3203 1289 3252 est
1317 3211 1402 3250 mon-

302 3271 391 3328 strosi
416 3280 447 3329 et
467 3269 591 3330 absurdi
617 3269 778 3330 histriones
799 3281 890 3351 atque
913 3281 1046 3353 agyrtae.
1088 3274 1184 3350 Quid
1203 3297 1265 3338 nos
1287 3273 1405 3335 hodie?

300 3349 438 3413 Eandem
456 3351 590 3412 fabulam
606 3348 750 3412 ludimus.
792 3354 854 3430 Qui
876 3362 950 3414 tunc
976 3357 1122 3436 temporis
1148 3359 1285 3419 Gothici
1302 3357 1404 3418 audie·

299 3431 398 3512 bant,
427 3435 518 3496 hodie
539 3435 667 3496 audiunt
693 3434 775 3516 apud
800 3445 949 3496 nostrates
969 3435 1021 3496 dri:
1040 3439 1166 3502 Kneclrt
1283 3455 1330 3502 rte
1356 3460 1408 3502 seu

300 3521 409 3599 equites
433 3516 483 3579 vel
510 3519 617 3578 milites
642 3517 773 3578 Roberti.
816 3520 863 3579 Ut
887 3521 967 3579 enim
990 3518 1056 3596 illi,
1073 3540 1133 3582 ssu
1160 3524 1231 3585 Got
1256 3527 1265 3540 ‘
1291 3546 1348 3585 seu
1369 3521 1406 3581 ad
1470 3584 1471 3591 χ

299 3599 425 3658 modum
439 3600 603 3661 Gothicum
619 3603 739 3678 vestiti,
755 3601 787 3660 id
803 3613 848 3661 est
863 3601 991 3682 pellibus
1006 3601 1146 3684 lupinis,
1166 3609 1314 3683 ursinis,
1329 3605 1407 3690 apri·

301 3682 371 3755 nis,
401 3683 548 3759 cervinis,
583 3683 671 3743 hirtis
692 3695 722 3744 et
742 3688 848 3745 setosis
868 3685 990 3756 induti,
1011 3707 1073 3746 non
1094 3688 1135 3748 in
1161 3691 1241 3752 aula
1260 3703 1408 3767 tantum,

297 3762 454 3822 sedetiam
472 3767 503 3823 in
520 3765 596 3826 urbe
610 3767 910 3828 circumcursitabant
921 3812 936 3846 ,
946 3767 1142 3850 clamabant,
1165 3773 1409 3856 tripudiabant,

297 3842 404 3904 obvios
417 3847 571 3908 terrebant
589 3852 682 3909 armis
698 3848 827 3926 collisis,
859 3851 1026 3932 tetricoque
1047 3873 1104 3911 suo
1134 3868 1275 3938 aspectu
1305 3861 1413 3939 stipem

297 3926 472 4008 exigebant,
497 3951 558 3989 non
574 3931 680 3992 dantes
705 3930 830 4014 flagellis
852 3934 1033 4011 caedebant,
1055 3934 1165 3997 saltim
1188 3943 1347 4002 conviciis
1367 3939 1410 4000 la-

296 4009 461 4072 cerabant:
484 4014 525 4071 ita
541 4013 704 4074 hodienum
728 4037 849 4096 quoque
863 4017 907 4076 sic
921 4017 993 4076 dicti
1008 4015 1123 4079 milites
1147 4023 1291 4086 Robertr
1309 4025 1413 4087 omnia

295 4091 400 4153 eadem
424 4095 537 4154 faciunt
558 4096 633 4156 festo
654 4097 823 4158 Nativitetis
854 4098 966 4159 Christi
987 4111 1018 4160 et
1045 4111 1114 4162 toto
1136 4105 1410 4169 Dodecahemcro

293 4177 335 4251 (in
354 4176 411 4236 den
433 4179 535 4256 awdlf
547 4177 690 4257 Nc'iclrten)
711 4201 764 4242 seu
784 4182 944 4242 duodecim
966 4181 1024 4242 illis
1044 4183 1191 4266 diebus,
1215 4194 1277 4274 qni
1297 4214 1317 4254 a
1338 4193 1415 4254 festo

293 4257 417 4323 Nativit.
441 4259 553 4322 Christi
571 4259 735 4332 adlestum
755 4285 851 4347 usque
863 4264 1050 4348 Epiphanius
1064 4257 1299 4338 intercedunt.
1341 4274 1416 4338 Vidi
