2975 4892
176 321 240 384 an
273 315 517 382 consetur.
544 314 690 382 roura.
721 317 778 380 nu
805 315 942 381 cmm.
970 319 1048 384 un.
1067 322 1093 383 1.
1133 291 1186 376 61

19 512 22 521 ·
84 475 196 534 soentis
218 470 426 552 temporibus
456 468 650 530 referendarii
674 470 752 550 regii·
769 469 912 548 desiisse,
938 481 969 532 et
986 474 1121 554 ipsorum
1141 499 1192 537 re-

86 557 200 616 ferendi
225 575 348 614 munus
373 553 416 612 ad
441 551 623 634 Logothetas
643 551 741 611 dromi
764 562 794 612 et
814 553 853 612 ad
880 553 1045 634 praefectos
1065 559 1191 621 Cuniclii

85 641 253 700 unanime.
303 636 386 694 Vid.
420 635 548 695 Cedren.
579 655 611 716 p.
637 633 706 713 545.
737 628 773 693 Β.
798 637 830 694 5.
852 635 893 696 D.
916 637 945 697 ὅ.
988 638 1191 720 Reprehendit

11 716 12 726 ¹
86 725 124 782 ihi
146 722 208 782 loci
232 723 370 781 Gnarus
392 717 544 799 Xylandri
573 720 869 799 interpretationem,
899 740 962 780 non
982 723 1103 802 quidem
1121 726 1191 786 aba·

11 861 12 870 ,
85 827 143 888 qne
161 805 252 866 omni
275 807 354 862 iure
386 803 476 880 (num
497 799 716 862 referendarius
746 813 799 862 aut
820 801 973 864 Canielius
993 826 1055 864 non
1074 816 1191 868 tantum

11 925 12 940 .
86 901 151 950 aeta
168 891 203 949 in
227 897 375 961 senatu,
397 883 450 946 sed
470 887 562 944 etiam
583 885 621 946 de
640 885 760 961 dubiis,
781 885 925 966 agendis,
954 887 1112 969 postulatis
1132 902 1190 951 ete.

87 971 254 1050 remetiar)
292 971 369 1050 ipse
390 977 491 1027 tamen
507 969 784 1049 interpretationem
805 967 901 1029 multo
921 971 1100 1052 nequiorem
1119 973 1193 1033 aub-

88 1057 208 1130 rtituit‚
244 1074 331 1135 prae
363 1071 426 1131 qua
446 1049 526 1110 bona
547 1061 578 1111 et
597 1051 692 1132 proba
715 1049 930 1130 Xylandreana
951 1053 1110 1116 habeatur.
1151 1054 1195 1118 ‘H

88 1130 1193 1300 ...res

91 1305 170 1364 nerii
194 1293 390 1382 ἇναφὲρειν
410 1300 545 1360 munem
564 1299 687 1360 alterius
708 1301 755 1360 rei
764 1301 858 1361 alerici
873 1303 966 1378 dare,
998 1318 1029 1365 et
1046 1306 1107 1364 erio
1123 1328 1190 1366 sen-

91 1391 210 1447 um„
235 1385 322 1472 quaid
343 1381 492 1463 agendive
516 1384 555 1441 sit
576 1384 746 1467 explorare.
789 1384 876 1461 Quae
896 1389 980 1446 notio
998 1390 1133 1448 manavit
1154 1410 1191 1450 ex

10 1523 12 1549 ¹,
94 1483 190 1530 vetere
207 1463 355 1528 ionnule
371 1466 472 1526 retulit
488 1463 597 1526 Conurl
615 1465 678 1527 scil.
701 1467 740 1528 ad
753 1466 859 1530 Patres
873 1469 1087 1552 Conscriptos,
1112 1492 1191 1553 quoa

10 1575 11 1598 *
95 1547 922 1718 mummii.mutuari:
936 1552 1190 1716 illumi.

97 1719 204 1780 dieitm
222 1720 404 1797 eeripnrm,
425 1735 487 1798 quo
504 1717 547 1774 rei
562 1713 687 1776 alieuius
708 1726 804 1776 status
826 1717 1004 1797 imperatori
1020 1720 1190 1798 exponitur,

97 1813 127 1861 ut
146 1801 231 1882 epod
251 1797 445 1879 Theophani.
471 1819 503 1880 p.
522 1795 572 1878 78.
592 1798 628 1858 C.
650 1819 676 1859 1.
700 1809 731 1859 et
746 1801 811 1879 ipsa
826 1800 1021 1880 Imperatoris
1041 1801 1080 1860 ad
1098 1823 1191 1882 popu·
1220 1828 1227 1839 ·

100 1883 157 1944 inm
178 1885 310 1960 oratio,
332 1881 490 1957 narratio,
512 1881 710 1959 mandatum,
732 1880 910 1962 significatio
930 1883 968 1942 de
978 1883 1105 1945 notabili
1120 1905 1193 1964 qua·

98 1968 163 2026 dam
179 1971 214 2026 in
226 1967 325 2026 rebus
341 1967 429 2046 regni
441 1963 520 2024 faeta
532 1967 698 2025 mutatione
711 1964 824 2025 dicitur
843 1961 1004 2047 ἆναφορά.
1048 1967 1121 2026 Vid.
1138 1968 1191 2028 Ce-

99 2051 184 2110 drm.
209 2071 242 2133 p.
262 2047 339 2129 750.
368 2049 409 2106 D.
427 2048 457 2107 3.
479 2067 545 2128 sqq.
569 2046 640 2130 754.
665 2047 703 2108 Α.
719 2047 750 2126 4.
774 2059 804 2109 et
816 2047 919 2110 locum
934 2048 1041 2132 Cyrilli
1061 2049 1192 2132 Scytho-

101 2133 224 2214 politani
240 2130 329 2214 apud
347 2129 551 2190 alemannum
572 2131 611 2190 ad
632 2131 814 2212 Procopium
825 2154 857 2213 p.
886 2153 953 2192 ror.
971 2132 1016 2210 5.,
1036 2132 1091 2194 ubi
1112 2123 1191 2194 ἄνα·

103 2210 184 2294 φορὰ
206 2227 253 2276 est
276 2235 344 2273 non
361 2223 479 2274 tantum
502 2213 630 2292 relatio,
660 2214 712 2276 sed
737 2218 829 2274 etiam
848 2219 1050 2278 rememoratio
1070 2231 1101 2277 et
1119 2239 1191 2302 sup-

101 2300 242 2380 plicam,
269 2307 307 2357 ut
324 2295 369 2356 ibi
387 2296 427 2356 ad
448 2309 569 2358 sensum
586 2296 663 2358 bene
677 2300 818 2358 vertitur.

180 2381 223 2441 A.
239 2401 275 2464 9.
299 2377 351 2462 [9‚
364 2377 413 2461 4.]
434 2374 602 2455 porricitur.
639 2381 818 2442 Mandatum
834 2393 880 2444 est
895 2385 993 2444 omnis
1015 2384 1193 2466 significatio

105 2467 144 2524 rei
157 2467 394 2544 cuiuscunque,
416 2465 480 2524 sive
503 2484 573 2522 eum
592 2466 718 2545 imperio
735 2465 808 2543 fiat,
833 2477 869 2526 ut
887 2466 962 2547 quid
980 2477 1107 2549 agatim,
1138 2479 1192 2530 aut

102 2547 138 2606 ad
157 2547 256 2607 alium
281 2546 453 2622 reseratio,
487 2557 540 2606 aut
563 2545 705 2608 historica
726 2546 851 2628 simplex
869 2552 1025 2624 narratio,
1056 2553 1189 2611 runcum

104 2629 254 2692 insensu
272 2627 356 2711 apud
371 2627 553 2708 Theophan.
578 2629 651 2712 576.
671 2632 711 2689 D.
734 2651 781 2689 ro.
797 2631 926 2690 obtinet.
967 2631 1041 2690 Vid.
1057 2633 1192 2692 DuCan-

103 2735 137 2796 ge
163 2712 265 2773 Gloss-
298 2723 444 2790 unoque.
486 2711 589 2773 Potest
608 2713 658 2772 hic
681 2733 785 2773 sennis
815 2723 845 2772 et
871 2711 923 2772 hie
947 2709 1008 2773 loci
1036 2712 1192 2794 obtinere,

102 2806 202 2878 potest
223 2807 255 2855 et
279 2792 449 2870 alteriue,
484 2815 544 2876 quo
567 2805 654 2856 notat
671 2795 919 2876 significationem
934 2795 975 2855 ad
992 2793 1120 2858 alterum
1142 2819 1191 2858 re·

102 2879 177 2939 iuri
200 2880 393 2960 imperatam.
436 2877 585 2938 Mundam
610 2899 667 2960 pro
693 2879 860 2959 significare
885 2877 977 2940 hodie
996 2882 1030 2939 in
1053 2901 1192 2942 sermone

101 2960 220 3021 Gallim
241 2961 383 3036 obtinet,
415 2969 446 3019 et
462 2961 593 3023 obtinuit
612 2962 686 3023 olim
709 2961 791 3042 apud
813 2963 958 3040 Latinos,
988 2973 1024 3022 ut
1051 2975 1134 3044 patet
1154 2985 1191 3026 ex

101 3043 254 3188 piaritialis
284 3043 501 3203 {imme
531 3045 612 3125 apud
637 3032 793 3126 Ldmprid.
820 3045 851 3106 in
876 3045 986 3126 Seript.
1005 3045 1086 3108 nin.
1107 3045 1187 3129 Aug.

179 3149 235 3270 Al,
253 3148 301 3270 ri.
326 3207 384 3292 [9‚
403 3205 462 3290 4.]
493 3208 568 3292 περὶ
601 3209 654 3290 τῆς
681 3209 935 3292 ἐκκλησιαστικῆς
963 3203 1194 3283 καταπόσεως.

99 3293 364 3376 significationem
381 3290 420 3351 de
436 3302 516 3352 statu
533 3291 582 3354 vel
599 3305 679 3354 reeta
693 3295 755 3354 iam
770 3294 848 3355 faeta
862 3295 1076 3354 eonstitutione
1090 3313 1193 3355 rerum

98 3377 135 3436 ad
156 3373 357 3456 disciplinam
379 3373 628 3453 eeclesiasticam,
658 3399 755 3458 eoque
775 3377 817 3435 ad
840 3373 1072 3456 patriarchalem
1093 3376 1194 3457 inape·

97 3460 289 3556 eumen-et
318 3457 539 3553 ordinafiouem
565 3461 792 3539 pertinentium.
834 3459 882 3520 De
902 3479 978 3520 voce
992 3456 1194 3552 Ικατάστασις

96 3553 124 3602 α
142 3561 273 3728 vitetis·
285 3541 706 3725 fxiiilmllloiidllmzilpll
731 3541 1114 3707 48414144414ἰιιιιΙΙιιὲὶιιιῑι,
1153 3621 1191 3688 τὸ

96 3721 277 3850 augg.
291 3706 705 3872 &militanti
718 3707 1017 3872 illidi.
1053 3813 1106 3856 ...ι
1136 3807 1334 3874 pam...

95 3885 200 3950 terne,
232 3872 356 3952 pelves,
387 3873 420 3930 in
440 3873 550 3952 quibus
572 3867 605 3933 ai
624 3877 730 3953 χεῖρες
750 3869 929 3954 νύττονται,
949 3897 1058 3938 manus
1085 3875 1192 3937 lavan-

95 3969 166 4032 tur‚
190 3977 265 4016 eum
277 3955 430 4016 adiunctis
448 3959 515 4025 τοῖς
534 3952 671 4032 ξέστοις,
691 3977 744 4016 eeu
769 3960 923 4034 sextariis,
946 3958 979 4018 id
995 3971 1040 4021 est
1053 3959 1192 4040 hydriis,

98 4040 285 4115 rettulerim,
317 4061 335 4098 e
356 4037 470 4120 quibus
501 4057 580 4118 aqua
606 4041 638 4098 in
657 4041 843 4119 suppositam
869 4038 981 4120 pelvim
1002 4041 1189 4103 defunditur.

9 4129 11 4220 4
100 4123 166 4182 i'id.
191 4121 327 4183 Habere
354 4121 498 4182 Pontific.
522 4142 552 4200 p.
576 4119 623 4180 50.
668 4117 716 4180 De
738 4122 797 4183 hoc
816 4125 907 4183 modo
923 4141 1073 4185 novorum
1096 4126 1191 4184 Grae-

105 4225 203 4268 mrum
241 4202 461 4289 appellationes
499 4201 628 4264 duamm
666 4203 854 4294 divernnrum
892 4229 1015 4289 rerum,
1058 4219 1190 4269 auameu
