2975 4892
135 379 191 443 m
223 377 448 443 consiliu.
476 375 625 444 romu.
652 381 709 442 na
737 332 874 444 1111111.
907 383 983 448 un.
1002 388 1043 448 n.
1075 355 1158 470 775

68 557 164 618 saepe
184 535 301 596 addunt
323 536 497 621 nominibus
516 535 657 612 urbium,
676 537 729 598 nbi
751 537 850 599 lucem
870 541 1000 622 primam
1017 541 1160 624 adspexe·

68 630 173 696 runt,
198 630 251 679 aut
271 619 434 700 inquibus
454 617 586 702 degunt,
612 631 666 680 aut
688 641 763 704 quas
783 621 843 682 elio
865 625 987 683 nomine
1006 645 1156 687 veneron-

68 731 129 780 tur
153 683 300 802 Μρῗ,
327 683 479 794 ffissl,
503 705 649 806 will,
685 741 774 804 picam
799 721 869 780 dens
889 721 1056 799 autodiat,
1082 745 1158 807 pro-

66 831 169 900 tegat,
190 813 210 897 ἦ
230 810 466 898 &engilmon
486 829 589 878 contra
608 805 730 896 idylli,
755 815 967 898 sidedisoroc,
981 842 1073 905 qrsam
1086 823 1156 884 deur

63 901 194 985 perdat.
238 897 267 960 A
290 899 484 961 Cretensibus
511 910 611 962 autem
631 901 787 962 Saracenis
813 899 891 962 male
915 915 1036 966 verutos
1068 904 1158 967 luisse

70 986 210 1044 Graecos
230 993 354 1064 apparet
371 1004 388 1045 e
408 982 587 1064 Luitprandi
609 985 740 1046 Historia
759 1007 792 1066 p.
806 983 879 1062 426.
895 982 928 1043 b.
945 1008 973 1044 c.
986 986 1022 1060 h,
1032 969 1083 1046 ubi
1103 987 1156 1050 aits

69 1065 370 1208 Jiahnaeyzamint
388 1087 409 1125 a
430 1066 553 1126 rumille
572 1068 657 1126 illam
683 1069 814 1128 vicirmm
839 1068 984 1151 nimisque
1004 1069 1061 1146 sibi
1079 1072 1158 1132 iiivi-

69 1171 143 1210 sam
178 1187 184 1194 -
222 1161 294 1208 111111.
1017 1163 1019 1172 ’

160 1227 244 1293 C.6.
266 1225 440 1315 [651,15.]
462 1223 605 1313 Κρήτης.
644 1229 691 1290 De
711 1231 769 1292 hac
799 1229 982 1314 expeditione
1013 1247 1161 1296 memoret

71 1317 144 1375 Leo
164 1313 360 1374 Grammatic.
407 1309 503 1394 .484.
525 1335 592 1396 sqq.
615 1311 725 1396 Script.
745 1323 814 1397 post
835 1313 1013 1398 Theophan.
1035 1341 1068 1400 p.
1085 1317 1158 1381 226.

71 1421 146 1480 sqq.
171 1397 224 1456 Du
236 1395 337 1478 Gange
358 1333 404 1456 ad
421 1395 532 1462 Zonar.
556 1419 587 1479 p.
605 1417 657 1479 97.
1003 1399 1005 1406 “

162 1480 201 1539 D.
220 1480 250 1540 5.
272 1474 445 1564 [651‚19.]
467 1477 607 1550 διπλοῦς.
653 1479 735 1541 Puto
756 1499 819 1540 esse
847 1477 983 1542 homines
1010 1483 1159 1564 vicarios,

71 1563 133 1648 qni
154 1565 290 1644 exigente
309 1563 486 1622 necessitate
506 1562 539 1620 in
559 1560 689 1623 aliorum
708 1561 916 1624 decedentium
936 1562 1036 1626 locum
1056 1587 1160 1626 succe-

71 1649 152 1708 dere
170 1647 294 1727 possint.

144 1729 216 1812 377.
238 1727 281 1788 D.
298 1725 326 1806 4.
342 1723 432 1810 [654,
455 1723 492 1808 1.]
508 1724 720 1805 Μαρδαῖτῶν.
760 1725 838 1788 Sunt
857 1728 966 1810 gemini
981 1725 1158 1804 Mardiense,

72 1809 240 1873 orientales
263 1821 294 1874 et
313 1807 523 1870 occidentales.
565 1808 613 1869 illi
636 1822 722 1872 erant
746 1815 862 1871 veteres
880 1811 999 1871 Pisidae
1019 1821 1049 1870 et
1069 1809 1160 1870 Pam-

72 1892 187 1977 phyli,
223 1903 255 1954 et
291 1889 471 1953 habitabant
505 1891 585 1951 circa
620 1891 767 1953 Attaliam
802 1895 835 1954 in
881 1893 1012 1974 themate
1052 1891 1161 1974 Cibyr-

74 1977 284 2038 rhaeotarum.
328 1973 404 2036 inde
422 1974 562 2036 traducta
582 1995 652 2056 pars
674 1998 781 2037 corum
800 1975 1009 2058 deponebatur
1023 1976 1056 2034 in
1068 1975 1162 2035 Thes-

77 2059 154 2120 salis
175 2069 205 2121 et
225 2056 404 2119 Macedonia
432 2069 463 2120 et
482 2077 537 2139 per
558 2057 670 2119 insulas
684 2061 730 2120 Ae
750 2062 796 2120 aei
820 2061 911 2120 maris
934 2058 1162 2142 spargebantur.

77 2143 123 2202 Hi
143 2142 215 2202 dicti
238 2143 360 2203 uerunt
380 2137 592 2202 occidentales.
634 2081 795 2203 Heraclius
814 2163 864 2204 eos
884 2163 940 2202 suo
966 2153 1106 2222 tempore
1129 2143 1164 2202 in

75 2235 217 2286 montem
235 2225 388 2285 Libanum
407 2235 438 2284 et
457 2221 661 2284 Palaestinam
679 2223 838 2303 mittebat,
868 2235 904 2284 ut
927 2225 1092 2286 Saracenos
1119 2221 1164 2283 ibi

72 2318 222 2369 vexarent
243 2317 274 2366 et
292 2307 501 2389 reprimerent.
540 2307 632 2385 Quod
653 2309 772 2390 egregie
789 2308 943 2384 fecerunt,
974 2318 1073 2368 totum
1099 2316 1164 2366 tre·-

76 2401 166 2451 ctum
188 2411 207 2451 a
228 2389 322 2472 Nigro
339 2400 463 2461 monte,
485 2388 544 2449 hoc
566 2399 611 2449 est
633 2391 673 2450 eb
695 2389 858 2452 Antiochia
892 2389 964 2450 inde
998 2401 1028 2450 et
1054 2389 1164 2450 linibus

78 2472 225 2552 Ciliciae,
245 2492 340 2554 usque
362 2471 404 2531 ad
422 2471 541 2533 Urbem
560 2483 694 2532 sanctam
714 2473 937 2535 excursionibus
954 2481 984 2532 et
997 2471 1165 2554 depraeda-

78 2555 217 2617 tionibus
237 2554 422 2616 inlestantcs.
463 2553 493 2616 E
512 2555 624 2614 vicinia
643 2555 861 2616 Saracenorum
891 2555 1033 2615 videntur
1054 2575 1165 2616 nomen

80 2642 242 2722 accepisse.
281 2635 331 2698 Cl.
353 2635 559 2698 Assemannus
579 2647 659 2698 certe
678 2638 760 2697 Bihl.
783 2639 839 2698 Or.
862 2637 903 2695 T.
925 2635 953 2696 l.
979 2659 1011 2718 p.
1038 2637 1109 2700 502.
1133 2635 1165 2696 id

82 2739 203 2799 derivat
223 2759 240 2799 11
261 2737 329 2819 050,
353 2735 509 2814 Masada,
530 2738 784 2812 rebellis,·femx,
808 2737 968 2796 indomitus
976 2737 1055 2816 fide.
1095 2735 1166 2794 Non

82 2835 297 2919 improbobilis
313 2856 350 2896 en
370 2834 552 2917 etymologia·
572 2847 629 2898 est.
669 2837 772 2898 Possit
793 2857 914 2918 qnoque
934 2832 982 2894 vel
1004 2856 1024 2893 a
1043 2837 1097 2914 0„
1116 2835 1165 2896 vel

80 2961 102 2997 a
160 2936 361 3020 „derivari
401 2934 521 2996 Scilicet
539 2957 558 2996 a
576 2935 671 3016 priori
691 2947 738 2996 est
756 2937 790 2995 iu
810 2935 971 3017 participio
983 2933 1075 2996 Vlll.
1099 2955 1166 2994 con·
1226 2912 1230 2940 l

78 3036 249 3116 iugatiouis
275 3033 374 3118 NJ,
395 3034 545 3095 Murradd
567 3044 597 3094 et
621 3018 738 3122 mihil,
763 3035 799 3094 al
825 3032 1012 3094 Μαι-’1111111116
1032 3043 1102 3094 sunl
1129 3053 1166 3091 o·

72 3131 238 3202 postam,
257 3119 388 3202 relapsi,
412 3117 561 3177 haeretici.
600 3117 693 3178 Forte
722 3128 794 3179 seint
821 3117 853 3177 hi
874 3117 1047 3176 Mordaitue
1074 3115 1166 3174 iidem

80 3223 156 3260 cum
179 3199 383 3274 Paulicisnis',
403 3199 577 3270 haereticis,
598 3202 653 3281 qui
674 3221 709 3260 ex
723 3201 868 3262 Armenia
889 3210 920 3260 ct
934 3199 1005 3259 Asis
1020 3201 1052 3258 in
1065 3196 1166 3257 Thra·
1222 3271 1224 3276 Ι

80 3285 163 3344 mam
194 3305 215 3346 a
236 3283 431 3365 Copmnymo
456 3282 588 3343 traducti
615 3293 645 3342 et
677 3295 758 3344 circa
784 3282 1010 3365 Philippopolin
1040 3280 1166 3362 depositi

79 3383 217 3442 fuerunt.
267 3381 302 3442 Si
320 3401 400 3441 vero
415 3402 436 3441 a
456 3371 503 3466 dl,
551 3393 689 3463 repetas,
728 3381 908 3464 significabit
944 3364 1083 3460 &diij-«ll,
1135 3381 1172 3439 nl

79 3465 260 3542 Murtadnls,
280 3463 429 3540 homines,
447 3467 501 3546 qui
520 3464 559 3526 sd
580 3467 787 3546 quaerendum
807 3465 848 3542 id,
869 3463 951 3544 quod
973 3472 1117 3544 appetunt
1138 3473 1168 3524 et

80 3567 150 3629 quo
169 3547 320 3690 ἰᾚωι,
341 3558 451 3608 erum
472 3559 502 3607 et
522 3549 678 3608 oberrant.
718 3549 816 3608 Erant
836 3551 915 3607 enim
946 3545 977 3604 hi
999 3543 1168 3607 Murdaitae

79 3630 180 3710 ansgis
259 3631 308 3690 itis
327 3631 362 3690 ln
381 3648 469 3711 agros
488 3630 613 3691 hostiles
631 3631 872 3709 incursionibus,
895 3628 1018 3710 agendis
1038 3629 1165 3708 praedis,

78 3713 221 3775 locandis
239 3713 364 3789 insidiis,
390 3733 480 3794 quain
501 3735 619 3794 pugnae
637 3715 776 3774 statariae
796 3712 903 3788 utiles,
925 3710 1043 3770 husai-is
1061 3716 1171 3772 nostris

81 3794 212 3856 similes.
256 3797 292 3855 ln
313 3798 400 3855 omni
418 3806 504 3856 certe
521 3795 647 3856 historia
662 3797 777 3868 sitien,
804 3792 939 3855 crudeles
960 3794 1097 3854 homines
1117 3794 1155 3854 de

85 3877 278 3939 scribuntur.
320 3877 477 3938 Cedienus
492 3898 521 3958 p.
540 3879 610 3954 451.
624 3879 659 3940 C.
673 3881 695 3940 6
726 3878 828 3938 laudat
841 3897 948 3937 eorum
965 3877 1170 3936 dexteritatem

80 3985 120 4022 ex
145 3961 260 4022 insidiis
280 3960 386 4022 hostes
402 3961 570 4022 obruendi:
592 3959 891 4042 d‘c'xprMapclei'soiv
913 3955 1119 4042 κρυπτόμενοι
1141 3952 1171 4019 oi

76 4059 235 4134 Ῥωμαῖοι
256 4058 408 4141 ἐξαίφνης
427 4054 549 4131 τούτοις
570 4057 812 4143 ἐπιῤῥίπτοντες.
842 4048 915 4142 ill-'hl
960 4069 1045 4118 notat
1074 4057 1172 4138 pabu-

83 4144 185 4203 latum
206 4141 255 4202 vel
278 4152 422 4224 aquatum
443 4145 544 4218 exire,
562 4143 610 4203 vel
635 4144 823 4227 quaesitura,
844 4144 1013 4224 ubisque,
1041 4142 1093 4200 nbi
1117 4159 1170 4220 pa-

82 4225 217 4304 bulum,
239 4225 291 4286 ubi
314 4228 346 4286 in
368 4228 540 4288 misenum
561 4227 655 4288 victui
675 4229 843 4290 necessaria
861 4229 936 4303 sint,
955 4244 1060 4304 eoque,
1073 4219 1172 4282 saltim
