2975 4892
135 322 439 418 enssous'raun
460 328 610 392 nonen.
632 325 686 390 ne
717 264 857 392 centu.
887 331 960 392 un.
991 333 1030 392 ιι.
1084 303 1166 418 705

76 492 272 561 nutarentur,
299 482 483 564 incipiebant
507 502 612 543 versus
631 481 722 542 finem
743 482 921 546 Novembris
942 497 971 546 et
990 485 1166 548 desinebant

75 566 183 626 medio
220 565 282 625 fere
309 566 481 626 Decembri.
537 566 656 626 Cestius
687 565 787 625 adhuc
819 566 933 646 epoche
953 567 1004 628 iile
1024 574 1164 634 constitui

125 659 184 708 teet
207 669 241 707 ea
262 649 370 728 insigni
395 647 461 710 locu
473 648 561 708 Vitae
582 648 614 706 S.
636 649 781 730 Stephani
813 649 956 726 iunioris,
977 650 1031 711 ubi
1054 653 1165 716 dicitm·

73 669 131 792 dh
152 742 289 790 mortuus
301 729 390 792 fuisse
400 730 478 810 μηνί
491 729 656 812 Νοεμβρίῳ
666 728 753 801 εἰκὰς
771 721 879 810 ὀγδόη,
892 731 925 792 ἐν
945 720 970 816 ᾧ
984 727 1019 793 τὸ
1031 742 1163 812 στοιχεῖ-

76 831 117 872 ον
125 811 183 873 τοῦ
191 812 220 872 Ε
231 807 319 889 νεαροὶ
335 815 397 874 ταῖν
410 810 645 891 φιλοδαιμόιοιν
659 807 889 890 ἐκαομιιεύεεαι
908 816 1161 892 βρονμαλισταῖν,

77 917 179 956 metue
193 894 377 970 Νονεαιόνὶ,
401 897 452 956 die
472 894 651 969 XXVHJ„
682 915 740 979 quo
776 909 803 956 te
871 918 904 956 ne
934 897 973 956 ab
998 899 1164 960 amonitus

74 979 257 1038 daemonum
278 976 326 1059 [id
345 990 391 1039 est
417 977 600 1062 gentilibus,
620 915 998 1059 idolotatrissiwrumatcm
1017 982 1116 1042 littera
1130 983 1164 1043 Ε

73 1061 196 1121 solenni
219 1081 288 1118 eum
305 1083 420 1144 pompa
450 1061 623 1120 celebratio.
673 1061 705 1120 Si
736 1081 808 1142 crgo
828 1063 861 1120 in
880 1061 961 1122 diem
983 1063 1163 1127 Novembris

16 1212 21 1223 ρ
79 1143 134 1204 28.
155 1142 256 1203 littera
279 1143 307 1202 E
327 1145 434 1205 incidit
462 1164 514 1204 sen
526 1163 678 1202 numerus
697 1143 749 1215 V.‚
771 1164 890 1204 necesse
902 1154 958 1222 est,
982 1156 1017 1205 ut
1036 1145 1068 1205 in
1082 1147 1163 1208 diem

78 1225 264 1286 Novembris
283 1225 399 1286 XXIV.
422 1228 542 1288 initium
563 1224 749 1286 Brumalium
770 1227 924 1304 inciderit,
946 1236 976 1287 et
994 1231 1019 1288 si
1040 1249 1094 1310 per
1109 1225 1161 1291 23.

78 1318 136 1368 ant
157 1307 205 1384 αλ.
235 1311 409 1374 continuate
442 1308 494 1370 illc
521 1307 668 1382 fuerunt,
698 1329 818 1368 necesse
847 1320 918 1387 est,
939 1319 973 1370 ut
992 1310 1041 1370 die
1061 1311 1163 1379 xvu.

78 1402 136 1451 nut
155 1391 272 1450 xvlll.
296 1391 472 1452 Decembris
501 1390 652 1452 desierint.
702 1390 868 1452 Conficitur
889 1413 923 1452 ex
944 1391 1002 1452 hoc
1024 1393 1112 1456 Vitae
1131 1396 1163 1458 S.

77 1473 227 1554 Stephani
248 1473 334 1551 ioco,
354 1475 480 1556 singuiis
498 1472 682 1534 brumalium
710 1473 817 1534 diebus
847 1474 979 1555 singulas
999 1467 1164 1557 Alphabeti

79 1558 191 1616 Graeci
211 1556 325 1618 litteras
344 1558 450 1618 ordine
469 1555 510 1618 nb
529 1557 615 1617 initio
636 1555 878 1636 indeAiphabeti
898 1556 937 1617 ud
957 1557 1047 1618 finem
1068 1580 1164 1641 usque

77 1641 227 1703 continuo
246 1639 337 1704 tuisse
356 1642 530 1720 imputatne.
551 1639 610 1699 Sed
624 1637 734 1700 clarius
742 1640 774 1698 id
795 1649 877 1718 petet
897 1659 932 1699 ex
953 1637 1163 1704 iocoAiexan-

78 1721 164 1781 drini
184 1721 325 1782 Chronici
344 1744 374 1804 p.
391 1722 478 1801 268„
498 1721 551 1782 ubi
571 1723 711 1802 quamvis
728 1742 807 1803 quae
827 1721 865 1781 de
885 1720 1016 1782 Romulo
1037 1735 1161 1798 narrat,

79 1825 156 1864 vera
175 1825 237 1864 non
257 1807 337 1882 sint,
357 1817 387 1866 et
407 1805 522 1886 reliqna
542 1805 606 1864 eius
630 1804 758 1864 obscura
779 1805 861 1878 sint,
885 1806 960 1864 mire
983 1815 1084 1866 tamen
1098 1827 1164 1868 rem

80 1898 218 1948 nomam
239 1887 387 1948 illustrate
409 1884 521 1950 codron
530 1885 631 1948 ἕνεκεν
651 1882 668 1945 o‘
686 1883 808 1961 Ῥῶμος
827 1883 990 1966 ἐπενόησεν
1011 1881 1048 1948 ui
1067 1890 1164 1966 βρον-

77 1963 182 2046 edico
205 1969 365 2052 [Romulus
383 1991 447 2032 non
466 1969 628 2046 brumalia,
648 1968 701 2036 sed
720 1968 893 2030 Ruminalia
921 1967 1060 2052 instituit]
1081 1969 1165 2051 eiqu-

79 2047 163 2126 κιός,
187 2072 290 2132 φησι,
325 2044 495 2132 ἀναγκαῖον
515 2043 598 2113 εἶναι
624 2044 678 2112 τὸν
698 2047 775 2111 κατὰ
810 2045 919 2132 καιρόν
952 2051 1086 2128 βασιλέα
1107 2051 1165 2135 τὴν

78 2125 199 2194 ἑαυτοῦ
220 2130 391 2214 σύγκλητον
412 2134 516 2196 πᾶσαν
536 2132 592 2195 καί
621 2128 724 2205 αοὶσας
745 2127 802 2204 τὰς
823 2128 912 2194 ἔνδον
932 2135 991 2194 τοῦ
1011 2133 1164 2196 ααλατίοσ

80 2205 181 2287 οὔσας
208 2213 372 2295 στρατείας
402 2213 446 2290 ὥς
467 2212 598 2293 ἐντίμως
618 2215 651 2276 ὲν
671 2216 714 2315 133
734 2215 833 2299 καιρῷ
852 2215 907 2276 τοῦ
927 2216 1091 2294 χειμῶνος,
1114 2211 1165 2280 ὅτε

78 2292 120 2359 τὰ
142 2293 296 2375 πολεμικὰ
321 2296 444 2360 ἔνδοσιν
470 2292 553 2377 ἔχει.
601 2293 656 2359 καὶ
676 2301 790 2394 ερρξατο
823 2293 965 2378 πρώτους
985 2302 1091 2360 καλεῖν
1111 2299 1167 2362 καὶ

80 2381 211 2464 τρέφειν
230 2376 303 2452 τούς
324 2377 386 2442 αἀὀ
408 2381 466 2442 τοῦ
485 2377 513 2439 α’
537 2376 667 2464 ἔχοντας
686 2401 809 2458 ονομα,
829 2380 883 2440 καί
903 2373 1012 2442 λοιπὸν
1034 2377 1166 2449 α’κολού-

80 2463 151 2534 θως
171 2463 229 2534 ἕως
250 2461 306 2524 τοῦ
326 2457 372 2541 α’,
393 2459 543 2534 κελεύσας
562 2461 618 2523 καί
637 2457 695 2542 τήν
715 2453 830 2522 ἑαυτοῦ
850 2456 1022 2604 σύγκλρτον
1040 2465 1165 2544 θρέψαι

81 2545 130 2630 τῷ
148 2535 234 2629 αὐτῷ
253 2541 415 2624 σχ’ματι.
456 2539 511 2606 καὶ
530 2539 673 2623 ἔθρεψαν
693 2543 746 2604 καὶ
768 2538 861 2604 αὐτοὶ
880 2539 933 2604 τὸν
970 2548 1048 2623 χλον
1065 2541 1169 2610 ἅκαν-

80 2649 124 2688 τα
144 2626 326 2701 &noctoque
347 2622 503 2706 ἐβούλετο.
525 2622 555 2687 οἱ
580 2621 638 2688 οὖν
655 2619 798 2686 ἑκάστου
825 2624 967 2704 α’ριθμοῦ
994 2625 1167 2710 αανδοοροί

83 2703 149 2770 αἀὁ
170 2703 306 2789 ἑσπέρας
334 2708 381 2781 εἰς
406 2705 480 2780 τούς
510 2703 614 2782 οἴκους
632 2704 782 2780 οἷαιόντες
801 2707 864 2768 ταῖν
885 2703 1078 2787 καλούντων,
1111 2707 1167 2783 οὓς

83 2781 202 2872 ἤθελον
221 2791 269 2853 ἐπ’
289 2787 409 2876 α’ριίιερν
428 2790 474 2862 εἰς
489 2786 547 2870 τὴν
566 2785 653 2871 ἑξῆς,
676 2779 795 2870 ηὔλουν
815 2785 894 2867 πρὸς
923 2786 958 2850 τὸ
990 2792 1108 2870 yvetot
1136 2792 1167 2856 ε’-

83 2879 169 2934 κεῖσε
190 2867 238 2936 ὅτι
249 2876 322 2956 παρ’
336 2865 422 2958 αὐτῷ
442 2873 608 2954 τρέφονται
630 2863 751 2953 αὔριον.
795 2868 849 2934 καὶ
876 2873 1007 2952 κατέσχε
1035 2869 1071 2934 τὰ
1094 2868 1168 2948 ἔθος

82 2957 149 3017 τῶν
166 2957 370 3037 βρονμαλάον
397 2949 485 3035 παρὰ
506 2957 546 3037 τῇ
561 2951 735 3032 Ῥωμαίων
763 2953 904 3039 πολιτείᾳ
932 2955 991 3027 ἓως
1016 2955 1074 3016 τοῦ
1096 2959 1165 3019 νῦν.

83 3037 140 3099 Sui
171 3037 304 3118 saeculi,
332 3061 395 3100 non
415 3038 555 3111 Romuli,
579 3041 716 3100 instituta
747 3038 869 3100 tradidit
889 3050 993 3098 auctor
1014 3039 1173 3104 Chmnici.

81 3119 117 3181 Si
137 3133 219 3184 reete
239 3134 389 3204 postrema
409 3125 513 3204 capio,
534 3123 713 3202 significant,
735 3121 925 3200 panduristas
953 3143 1007 3182 seu
1031 3123 1170 3185 tibicines

83 3206 234 3286 cuiusque
243 3205 377 3267 cohortis
387 3207 420 3266 in
441 3205 529 3266 aedes
550 3207 627 3281 eius,
648 3205 701 3286 qui
722 3204 797 3265 aiios
817 3207 850 3264 in
870 3203 998 3266 aiterum
1019 3205 1100 3266 diem
1112 3226 1172 3266 vo-

86 3307 158 3348 cure
179 3287 269 3350 veliet
277 3332 293 3366 3
312 3289 370 3350 sub
396 3309 553 3370 vesperam
571 3288 631 3348 diei
650 3288 825 3348 convivium
845 3287 1064 3348 instituendum
1083 3309 1171 3370 prae-

85 3369 347 3446 cedentisabire,
386 3382 417 3431 et
446 3371 576 3452 acceptis
604 3371 810 3433 vocandorum
834 3371 1007 3431 nominibus
1029 3371 1113 3432 ubire
1132 3367 1172 3433 ed

84 3454 214 3514 vocandi
235 3456 380 3536 cuiusque
400 3455 512 3530 aedes,
542 3465 749 3534 concentuque
769 3451 911 3514 tibiarum
933 3457 1048 3513 musico
1068 3454 1112 3515 iiii
1131 3455 1173 3516 si·

84 3536 229 3617 gnifieare
250 3538 457 3609 consuevisse,
485 3536 578 3598 altero
600 3539 736 3618 proximo
758 3535 807 3596 die
827 3537 883 3615 ipsi
905 3535 986 3616 apud
1008 3531 1064 3595 τὸν
1083 3535 1172 3598 δεῖνα

84 3618 272 3700 epulandum
292 3642 365 3682 esse.
407 3619 587 3682 conferatur
605 3620 690 3682 bens
707 3617 772 3689 ‚des
785 3618 980 3680 veniuderteu
999 3617 1174 3680 Russloudes

86 3722 122 3783 Ρ.
146 3704 208 3786 59.,
229 3726 321 3785 quem
348 3723 442 3784 supra
461 3702 500 3762 ad
522 3722 661 3782 panea,
689 3696 746 3762 ubi
766 3698 904 3762 deludis
927 3699 1063 3762 Gothicis
1085 3701 1174 3780 dixi,

86 3783 186 3845 attuli.
227 3785 382 3868 Reiiqniaa
394 3784 460 3846 iiius
480 3806 543 3846 esse
564 3796 700 3846 veterum
719 3782 938 3859 Saturnahum‚
961 3784 1048 3846 facile
1068 3781 1174 3865 liquet,

84 3877 119 3927 et
139 3866 248 3930 hilaria
268 3869 320 3930 itta
340 3891 403 3930 non
423 3879 485 3928 tam
494 3867 637 3943 Romulo,
659 3887 752 3950 qnam
773 3867 828 3948 ipsi
847 3887 949 3930 retum
968 3879 998 3930 et
1017 3865 1177 3930 hominum

88 3960 218 4012 naturae
238 3952 332 4014 tribui
362 3933 486 4012 debent.
529 3953 678 4012 Homines
708 3949 878 4012 litterarum
900 3951 989 4011 tunes
1012 3962 1043 4010 et
1071 3951 1177 4032 longas

87 4031 234 4096 hibernus
253 4046 356 4098 noctes
375 4034 480 4096 saliere
512 4033 719 4115 vuluptatibus
738 4033 866 4096 eruditis
886 4037 1050 4099 nescientes
1071 4045 1177 4114 torpo-

86 4136 181 4197 reque
202 4128 233 4178 et
255 4117 369 4178 desidie
388 4117 528 4182 videntes
546 4119 576 4178 ri
597 4139 682 4177 orem
711 4119 847 4198 corporis
868 4117 987 4192 minui,
1006 4115 1174 4198 epulando,

85 4197 244 4279 enitendo,
267 4199 414 4274 iocando,
436 4199 562 4262 ridendo
577 4140 687 4284 iungas
705 4219 846 4284 mperes
866 4199 1017 4262 ducebant
1036 4200 1179 4262 brevium

128 4330 329 4384 Constantinus
344 4331 475 4400 Porphyr.
500 4333 557 4383 Vol·
576 4331 613 4384 11.
626 4310 633 4329 ⁸
945 4327 980 4400 45
