<?xml version="1.0" encoding="UTF-8"?>
<!DOCTYPE html PUBLIC "-//W3C//DTD XHTML 1.0 Transitional//EN"
    "http://www.w3.org/TR/xhtml1/DTD/xhtml1-transitional.dtd">
<html xmlns="http://www.w3.org/1999/xhtml" xml:lang="en" lang="en">
 <head>
  <title>
</title>
<meta http-equiv="Content-Type" content="text/html;charset=utf-8" />
  <meta name='ocr-system' content='tesseract 3.04.00' />
  <meta name='ocr-capabilities' content='ocr_page ocr_carea ocr_par ocr_line ocrx_word'/>
</head>
<body>
  <div class='ocr_page' id='page_1' title='image "./corpusscriptoru45theogoog/corpusscriptoru45theogoog_0685.png"; bbox 0 0 2975 4892; ppageno 0'>
   <div class='ocr_carea' id='block_1_1' title="bbox 162 284 1241 404">
    <p class='ocr_par' dir='ltr' id='par_1_1' title="bbox 162 284 1241 404">
     <span class='ocr_line' id='line_1_1' title="bbox 162 284 1241 404; baseline -0.004 -28"><span class='ocrx_word' id='word_1_1' title='bbox 162 311 220 376; x_wconf 80' lang='lat' dir='ltr'>in</span> <span class='ocrx_word' id='word_1_2' title='bbox 247 306 473 384; x_wconf 77' lang='lat' dir='ltr'>cousrsuu</span> <span class='ocrx_word' id='word_1_3' title='bbox 492 313 641 394; x_wconf 81' lang='lat' dir='ltr'>nonen.</span> <span class='ocrx_word' id='word_1_4' title='bbox 664 307 724 378; x_wconf 69' lang='lat' dir='ltr'>&#39;on</span> <span class='ocrx_word' id='word_1_5' title='bbox 757 311 894 380; x_wconf 81' lang='lat' dir='ltr'>cmiu.</span> <span class='ocrx_word' id='word_1_6' title='bbox 921 317 996 380; x_wconf 83' lang='lat' dir='ltr'>uu.</span> <span class='ocrx_word' id='word_1_7' title='bbox 1024 316 1065 379; x_wconf 87' lang='grc' dir='ltr'>ιι.</span> <span class='ocrx_word' id='word_1_8' title='bbox 1096 284 1184 404; x_wconf 69' lang='grc'>683</span> <span class='ocrx_word' id='word_1_9' title='bbox 1240 325 1241 330; x_wconf 34' lang='lat'>¹</span> 
     </span>
    </p>
   </div>
   <div class='ocr_carea' id='block_1_2' title="bbox 65 467 1257 2490">
    <p class='ocr_par' dir='ltr' id='par_1_2' title="bbox 65 467 1181 639">
     <span class='ocr_line' id='line_1_2' title="bbox 96 467 1181 557; baseline 0.003 -26"><span class='ocrx_word' id='word_1_10' title='bbox 96 467 183 531; x_wconf 79' lang='lat' dir='ltr'>Nihil</span> <span class='ocrx_word' id='word_1_11' title='bbox 203 468 255 529; x_wconf 87' lang='lat' dir='ltr'>bic</span> <span class='ocrx_word' id='word_1_12' title='bbox 278 472 372 551; x_wconf 72' lang='lat' dir='ltr'>poita</span> <span class='ocrx_word' id='word_1_13' title='bbox 406 467 446 534; x_wconf 90' lang='lat' dir='ltr'>de</span> <span class='ocrx_word' id='word_1_14' title='bbox 473 468 606 544; x_wconf 86' lang='lat' dir='ltr'>clericis,</span> <span class='ocrx_word' id='word_1_15' title='bbox 639 468 718 535; x_wconf 88' lang='lat' dir='ltr'>nibil</span> <span class='ocrx_word' id='word_1_16' title='bbox 741 471 781 532; x_wconf 93' lang='lat' dir='ltr'>de</span> <span class='ocrx_word' id='word_1_17' title='bbox 806 473 917 557; x_wconf 76' lang='lat' dir='ltr'>regulis</span> <span class='ocrx_word' id='word_1_18' title='bbox 935 473 1109 551; x_wconf 86' lang='lat' dir='ltr'>canonicis,</span> <span class='ocrx_word' id='word_1_19' title='bbox 1127 474 1181 535; x_wconf 88' lang='lat' dir='ltr'>scd</span> 
     </span>
     <span class='ocr_line' id='line_1_3' title="bbox 65 551 1180 639; baseline 0.004 -28"><span class='ocrx_word' id='word_1_20' title='bbox 65 552 286 632; x_wconf 71' lang='lat' dir='ltr'>‚dithyrambi</span> <span class='ocrx_word' id='word_1_21' title='bbox 316 552 349 612; x_wconf 90' lang='lat' dir='ltr'>bi</span> <span class='ocrx_word' id='word_1_22' title='bbox 378 551 463 613; x_wconf 85' lang='lat' dir='ltr'>aliud</span> <span class='ocrx_word' id='word_1_23' title='bbox 484 551 562 613; x_wconf 85' lang='lat' dir='ltr'>nibil</span> <span class='ocrx_word' id='word_1_24' title='bbox 589 554 688 623; x_wconf 76' lang='lat' dir='ltr'>dicere</span> <span class='ocrx_word' id='word_1_25' title='bbox 712 554 840 633; x_wconf 86' lang='lat' dir='ltr'>volunt,</span> <span class='ocrx_word' id='word_1_26' title='bbox 862 578 954 639; x_wconf 86' lang='lat' dir='ltr'>quam</span> <span class='ocrx_word' id='word_1_27' title='bbox 975 556 1128 638; x_wconf 84' lang='lat' dir='ltr'>lampades</span> <span class='ocrx_word' id='word_1_28' title='bbox 1145 559 1180 630; x_wconf 70' lang='lat' dir='ltr'>,in</span> 
     </span>
    </p>

    <p class='ocr_par' dir='ltr' id='par_1_3' title="bbox 97 634 1181 960">
     <span class='ocr_line' id='line_1_4' title="bbox 99 634 1181 708; baseline 0.004 -14"><span class='ocrx_word' id='word_1_29' title='bbox 99 634 163 708; x_wconf 77' lang='lat' dir='ltr'>illis</span> <span class='ocrx_word' id='word_1_30' title='bbox 184 635 325 704; x_wconf 75' lang='lat' dir='ltr'>crucibus</span> <span class='ocrx_word' id='word_1_31' title='bbox 342 634 393 696; x_wconf 85' lang='lat' dir='ltr'>vel</span> <span class='ocrx_word' id='word_1_32' title='bbox 411 636 570 698; x_wconf 70' lang='lat' dir='ltr'>arboribus</span> <span class='ocrx_word' id='word_1_33' title='bbox 598 636 740 699; x_wconf 86' lang='lat' dir='ltr'>hololotis</span> <span class='ocrx_word' id='word_1_34' title='bbox 773 641 815 699; x_wconf 87' lang='lat' dir='ltr'>sic</span> <span class='ocrx_word' id='word_1_35' title='bbox 838 660 902 701; x_wconf 83' lang='lat' dir='ltr'>esse</span> <span class='ocrx_word' id='word_1_36' title='bbox 920 639 1065 706; x_wconf 81' lang='lat' dir='ltr'>inultum</span> <span class='ocrx_word' id='word_1_37' title='bbox 1086 649 1116 700; x_wconf 91' lang='lat' dir='ltr'>et</span> <span class='ocrx_word' id='word_1_38' title='bbox 1135 638 1181 700; x_wconf 83' lang='lat' dir='ltr'>la-</span> 
     </span>
     <span class='ocr_line' id='line_1_5' title="bbox 97 716 1181 804; baseline 0.003 -26"><span class='ocrx_word' id='word_1_39' title='bbox 97 728 186 795; x_wconf 85' lang='lat' dir='ltr'>tum,</span> <span class='ocrx_word' id='word_1_40' title='bbox 206 716 257 779; x_wconf 83' lang='lat' dir='ltr'>vel</span> <span class='ocrx_word' id='word_1_41' title='bbox 286 717 573 800; x_wconf 73' lang='lat' dir='ltr'>perpendiculariter</span> <span class='ocrx_word' id='word_1_42' title='bbox 587 730 619 781; x_wconf 93' lang='lat' dir='ltr'>et</span> <span class='ocrx_word' id='word_1_43' title='bbox 644 720 870 784; x_wconf 83' lang='lat' dir='ltr'>horizontaliter</span> <span class='ocrx_word' id='word_1_44' title='bbox 898 721 1076 804; x_wconf 86' lang='lat' dir='ltr'>dispositas,</span> <span class='ocrx_word' id='word_1_45' title='bbox 1099 723 1181 781; x_wconf 86' lang='lat' dir='ltr'>utin</span> 
     </span>
     <span class='ocr_line' id='line_1_6' title="bbox 97 799 1181 888; baseline 0.006 -29"><span class='ocrx_word' id='word_1_46' title='bbox 97 799 220 868; x_wconf 82' lang='lat' dir='ltr'>duabus</span> <span class='ocrx_word' id='word_1_47' title='bbox 241 821 306 862; x_wconf 85' lang='lat' dir='ltr'>sese</span> <span class='ocrx_word' id='word_1_48' title='bbox 333 804 527 867; x_wconf 72' lang='lat' dir='ltr'>transversim</span> <span class='ocrx_word' id='word_1_49' title='bbox 555 801 596 863; x_wconf 90' lang='lat' dir='ltr'>ad</span> <span class='ocrx_word' id='word_1_50' title='bbox 625 813 723 868; x_wconf 87' lang='lat' dir='ltr'>rectus</span> <span class='ocrx_word' id='word_1_51' title='bbox 744 803 870 888; x_wconf 73' lang='lat' dir='ltr'>ungulos</span> <span class='ocrx_word' id='word_1_52' title='bbox 901 805 1069 868; x_wconf 86' lang='lat' dir='ltr'>secantibus</span> <span class='ocrx_word' id='word_1_53' title='bbox 1087 804 1181 866; x_wconf 81' lang='lat' dir='ltr'>rubro</span> 
     </span>
     <span class='ocr_line' id='line_1_7' title="bbox 97 882 709 960; baseline 0.003 -14"><span class='ocrx_word' id='word_1_54' title='bbox 97 882 201 960; x_wconf 76' lang='lat' dir='ltr'>colore</span> <span class='ocrx_word' id='word_1_55' title='bbox 217 885 319 946; x_wconf 83' lang='lat' dir='ltr'>tinctis</span> <span class='ocrx_word' id='word_1_56' title='bbox 346 884 434 946; x_wconf 88' lang='lat' dir='ltr'>lineis</span> <span class='ocrx_word' id='word_1_57' title='bbox 453 887 544 947; x_wconf 85' lang='lat' dir='ltr'>rectis</span> <span class='ocrx_word' id='word_1_58' title='bbox 564 885 709 948; x_wconf 76' lang='lat' dir='ltr'>ardeant:</span> 
     </span>
    </p>

    <p class='ocr_par' dir='ltr' id='par_1_4' title="bbox 223 982 839 1063">
     <span class='ocr_line' id='line_1_8' title="bbox 223 982 839 1063; baseline 0.008 -20"><span class='ocrx_word' id='word_1_59' title='bbox 223 982 264 1043; x_wconf 86' lang='grc' dir='ltr'>Ιιι</span> <span class='ocrx_word' id='word_1_60' title='bbox 284 984 345 1044; x_wconf 81' lang='lat' dir='ltr'>iuro</span> <span class='ocrx_word' id='word_1_61' title='bbox 355 982 460 1063; x_wconf 73' lang='lat' dir='ltr'>fluuio</span> <span class='ocrx_word' id='word_1_62' title='bbox 472 983 560 1046; x_wconf 77' lang='lat' dir='ltr'>molis</span> <span class='ocrx_word' id='word_1_63' title='bbox 580 984 685 1052; x_wconf 77' lang='lat' dir='ltr'>vzileus</span> <span class='ocrx_word' id='word_1_64' title='bbox 708 985 839 1048; x_wconf 72' lang='lat' dir='ltr'>robustas</span> 
     </span>
    </p>

    <p class='ocr_par' dir='ltr' id='par_1_5' title="bbox 221 1066 948 1152">
     <span class='ocr_line' id='line_1_9' title="bbox 221 1066 948 1152; baseline 0.007 -26"><span class='ocrx_word' id='word_1_65' title='bbox 221 1066 336 1141; x_wconf 74' lang='lat' dir='ltr'>trudes,</span> <span class='ocrx_word' id='word_1_66' title='bbox 361 1066 490 1137; x_wconf 68' lang='lat' dir='ltr'>nuditum</span> <span class='ocrx_word' id='word_1_67' title='bbox 505 1069 629 1148; x_wconf 67' lang='lat' dir='ltr'>semim</span> <span class='ocrx_word' id='word_1_68' title='bbox 647 1067 744 1152; x_wconf 67' lang='lat' dir='ltr'>biceps</span> <span class='ocrx_word' id='word_1_69' title='bbox 759 1067 948 1142; x_wconf 64' lang='lat' dir='ltr'>dirruentes,</span> 
     </span>
    </p>

    <p class='ocr_par' dir='ltr' id='par_1_6' title="bbox 225 1149 1162 1235">
     <span class='ocr_line' id='line_1_10' title="bbox 225 1149 1162 1235; baseline 0.002 -27"><span class='ocrx_word' id='word_1_70' title='bbox 225 1169 314 1232; x_wconf 82' lang='lat' dir='ltr'>super</span> <span class='ocrx_word' id='word_1_71' title='bbox 334 1150 437 1235; x_wconf 71' lang='lat' dir='ltr'>picibus</span> <span class='ocrx_word' id='word_1_72' title='bbox 451 1151 593 1233; x_wconf 69' lang='lat' dir='ltr'>phalasar</span> <span class='ocrx_word' id='word_1_73' title='bbox 609 1149 710 1234; x_wconf 81' lang='lat' dir='ltr'>[series</span> <span class='ocrx_word' id='word_1_74' title='bbox 727 1155 760 1213; x_wconf 91' lang='lat' dir='ltr'>in</span> <span class='ocrx_word' id='word_1_75' title='bbox 780 1150 905 1235; x_wconf 76' lang='lat' dir='ltr'>longum</span> <span class='ocrx_word' id='word_1_76' title='bbox 924 1151 1076 1235; x_wconf 84' lang='lat' dir='ltr'>porrecta]</span> <span class='ocrx_word' id='word_1_77' title='bbox 1090 1149 1162 1212; x_wconf 78' lang='lat' dir='ltr'>lucis</span> 
     </span>
    </p>

    <p class='ocr_par' dir='ltr' id='par_1_7' title="bbox 513 1235 1017 1318">
     <span class='ocr_line' id='line_1_11' title="bbox 513 1235 1017 1318; baseline 0.004 -24"><span class='ocrx_word' id='word_1_78' title='bbox 513 1254 572 1317; x_wconf 84' lang='lat' dir='ltr'>per</span> <span class='ocrx_word' id='word_1_79' title='bbox 589 1235 730 1318; x_wconf 82' lang='lat' dir='ltr'>templum</span> <span class='ocrx_word' id='word_1_80' title='bbox 741 1237 879 1318; x_wconf 67' lang='lat' dir='ltr'>ungarius</span> <span class='ocrx_word' id='word_1_81' title='bbox 900 1238 1017 1316; x_wconf 74' lang='lat' dir='ltr'>truruit,</span> 
     </span>
    </p>

    <p class='ocr_par' dir='ltr' id='par_1_8' title="bbox 97 1315 1257 2490">
     <span class='ocr_line' id='line_1_12' title="bbox 222 1315 693 1398; baseline 0.006 -23"><span class='ocrx_word' id='word_1_82' title='bbox 222 1317 308 1375; x_wconf 84' lang='lat' dir='ltr'>rectis</span> <span class='ocrx_word' id='word_1_83' title='bbox 335 1315 422 1376; x_wconf 68' lang='lat' dir='ltr'>loun</span> <span class='ocrx_word' id='word_1_84' title='bbox 443 1315 541 1377; x_wconf 71' lang='lat' dir='ltr'>nuris</span> <span class='ocrx_word' id='word_1_85' title='bbox 564 1317 693 1398; x_wconf 73' lang='lat' dir='ltr'>Wr&#39;gatu.</span> 
     </span>
     <span class='ocr_line' id='line_1_13' title="bbox 98 1413 1183 1498; baseline -0.001 -20"><span class='ocrx_word' id='word_1_86' title='bbox 98 1415 178 1478; x_wconf 81' lang='lat' dir='ltr'>Erat</span> <span class='ocrx_word' id='word_1_87' title='bbox 202 1435 275 1498; x_wconf 74' lang='lat' dir='ltr'>ergo</span> <span class='ocrx_word' id='word_1_88' title='bbox 292 1413 401 1475; x_wconf 88' lang='lat' dir='ltr'>talium</span> <span class='ocrx_word' id='word_1_89' title='bbox 435 1415 579 1476; x_wconf 83' lang='lat' dir='ltr'>arborum</span> <span class='ocrx_word' id='word_1_90' title='bbox 601 1416 650 1477; x_wconf 88' lang='lat' dir='ltr'>vel</span> <span class='ocrx_word' id='word_1_91' title='bbox 675 1416 811 1477; x_wconf 89' lang='lat' dir='ltr'>crucium</span> <span class='ocrx_word' id='word_1_92' title='bbox 835 1414 1053 1476; x_wconf 82' lang='lat' dir='ltr'>luminosarum</span> <span class='ocrx_word' id='word_1_93' title='bbox 1075 1435 1183 1497; x_wconf 84' lang='lat' dir='ltr'>scapus</span> 
     </span>
     <span class='ocr_line' id='line_1_14' title="bbox 99 1496 1184 1582; baseline -0.001 -23"><span class='ocrx_word' id='word_1_94' title='bbox 99 1498 241 1577; x_wconf 79' lang='lat' dir='ltr'>ligneus,</span> <span class='ocrx_word' id='word_1_95' title='bbox 262 1497 386 1559; x_wconf 84' lang='lat' dir='ltr'>brachiu</span> <span class='ocrx_word' id='word_1_96' title='bbox 400 1518 475 1559; x_wconf 84' lang='lat' dir='ltr'>vero</span> <span class='ocrx_word' id='word_1_97' title='bbox 502 1498 593 1565; x_wconf 85' lang='lat' dir='ltr'>ambo</span> <span class='ocrx_word' id='word_1_98' title='bbox 615 1497 764 1561; x_wconf 85' lang='lat' dir='ltr'>efficiebat</span> <span class='ocrx_word' id='word_1_99' title='bbox 779 1501 893 1582; x_wconf 84' lang='lat' dir='ltr'>pertica</span> <span class='ocrx_word' id='word_1_100' title='bbox 906 1499 1001 1560; x_wconf 84' lang='lat' dir='ltr'>ferree</span> <span class='ocrx_word' id='word_1_101' title='bbox 1024 1496 1184 1581; x_wconf 86' lang='lat' dir='ltr'>perillum</span> 
     </span>
     <span class='ocr_line' id='line_1_15' title="bbox 100 1579 1183 1664; baseline 0.002 -24"><span class='ocrx_word' id='word_1_102' title='bbox 100 1580 235 1662; x_wconf 73' lang='lat' dir='ltr'>ligneum</span> <span class='ocrx_word' id='word_1_103' title='bbox 269 1602 392 1664; x_wconf 86' lang='lat' dir='ltr'>scapum</span> <span class='ocrx_word' id='word_1_104' title='bbox 419 1579 552 1642; x_wconf 88' lang='lat' dir='ltr'>medium</span> <span class='ocrx_word' id='word_1_105' title='bbox 571 1584 706 1643; x_wconf 72' lang='lat' dir='ltr'>traiecta</span> <span class='ocrx_word' id='word_1_106' title='bbox 756 1581 849 1662; x_wconf 90' lang='lat' dir='ltr'>Quod</span> <span class='ocrx_word' id='word_1_107' title='bbox 879 1584 970 1659; x_wconf 76' lang='lat' dir='ltr'>etiam</span> <span class='ocrx_word' id='word_1_108' title='bbox 996 1591 1120 1662; x_wconf 84' lang='lat' dir='ltr'>apparet</span> <span class='ocrx_word' id='word_1_109' title='bbox 1147 1602 1183 1642; x_wconf 83' lang='lat' dir='ltr'>ex</span> 
     </span>
     <span class='ocr_line' id='line_1_16' title="bbox 101 1660 1185 1747; baseline 0.002 -26"><span class='ocrx_word' id='word_1_110' title='bbox 101 1660 232 1746; x_wconf 76' lang='lat' dir='ltr'>eleganti</span> <span class='ocrx_word' id='word_1_111' title='bbox 254 1664 455 1747; x_wconf 81' lang='lat' dir='ltr'>descriptione</span> <span class='ocrx_word' id='word_1_112' title='bbox 467 1664 577 1726; x_wconf 79' lang='lat' dir='ltr'>Leonis</span> <span class='ocrx_word' id='word_1_113' title='bbox 592 1665 741 1727; x_wconf 82' lang='lat' dir='ltr'>Ostiensis</span> <span class='ocrx_word' id='word_1_114' title='bbox 757 1665 815 1726; x_wconf 92' lang='lat' dir='ltr'>lll.</span> <span class='ocrx_word' id='word_1_115' title='bbox 840 1665 905 1726; x_wconf 58' lang='grc' dir='ltr'>δια</span> <span class='ocrx_word' id='word_1_116' title='bbox 927 1663 1040 1726; x_wconf 69' lang='lat' dir='ltr'>uadem</span> <span class='ocrx_word' id='word_1_117' title='bbox 1054 1665 1185 1743; x_wconf 80' lang='lat' dir='ltr'>firsilem</span> 
     </span>
     <span class='ocr_line' id='line_1_17' title="bbox 100 1747 1184 1833; baseline 0 -27"><span class='ocrx_word' id='word_1_118' title='bbox 100 1768 145 1820; x_wconf 73' lang='lat' dir='ltr'>cx</span> <span class='ocrx_word' id='word_1_119' title='bbox 171 1767 240 1806; x_wconf 80' lang='lat' dir='ltr'>aere</span> <span class='ocrx_word' id='word_1_120' title='bbox 252 1767 320 1808; x_wconf 87' lang='lat' dir='ltr'>cum</span> <span class='ocrx_word' id='word_1_121' title='bbox 338 1747 525 1809; x_wconf 64' lang='lat' dir='ltr'>cumcuim</span> <span class='ocrx_word' id='word_1_122' title='bbox 546 1769 666 1809; x_wconf 83' lang='lat' dir='ltr'>numero</span> <span class='ocrx_word' id='word_1_123' title='bbox 688 1749 922 1833; x_wconf 75' lang='lat' dir='ltr'>quinquaginta,</span> <span class='ocrx_word' id='word_1_124' title='bbox 945 1750 979 1808; x_wconf 86' lang='grc' dir='ltr'>ἰιι</span> <span class='ocrx_word' id='word_1_125' title='bbox 1000 1748 1105 1830; x_wconf 77' lang='lat' dir='ltr'>quibus</span> <span class='ocrx_word' id='word_1_126' title='bbox 1123 1748 1184 1806; x_wconf 82' lang='lat' dir='ltr'>uti-</span> 
     </span>
     <span class='ocr_line' id='line_1_18' title="bbox 100 1829 1184 1916; baseline 0 -28"><span class='ocrx_word' id='word_1_127' title='bbox 100 1850 160 1912; x_wconf 79' lang='lat' dir='ltr'>que</span> <span class='ocrx_word' id='word_1_128' title='bbox 177 1829 298 1890; x_wconf 83' lang='lat' dir='ltr'>totidem</span> <span class='ocrx_word' id='word_1_129' title='bbox 316 1831 394 1890; x_wconf 79' lang='lat' dir='ltr'>cerci</span> <span class='ocrx_word' id='word_1_130' title='bbox 408 1851 467 1914; x_wconf 79' lang='lat' dir='ltr'>per</span> <span class='ocrx_word' id='word_1_131' title='bbox 481 1831 663 1912; x_wconf 78' lang='lat' dir='ltr'>festivitates</span> <span class='ocrx_word' id='word_1_132' title='bbox 681 1834 860 1916; x_wconf 76' lang='lat' dir='ltr'>prueciprms</span> <span class='ocrx_word' id='word_1_133' title='bbox 878 1843 1082 1913; x_wconf 69' lang='lat' dir='ltr'>porretanum,</span> <span class='ocrx_word' id='word_1_134' title='bbox 1106 1829 1184 1888; x_wconf 79' lang='lat' dir='ltr'>lam-</span> 
     </span>
     <span class='ocr_line' id='line_1_19' title="bbox 97 1909 1185 1996; baseline -0.003 -24"><span class='ocrx_word' id='word_1_135' title='bbox 97 1911 228 1996; x_wconf 79' lang='lat' dir='ltr'>padibus</span> <span class='ocrx_word' id='word_1_136' title='bbox 242 1913 340 1974; x_wconf 82' lang='lat' dir='ltr'>subter</span> <span class='ocrx_word' id='word_1_137' title='bbox 364 1914 396 1973; x_wconf 87' lang='lat' dir='ltr'>in</span> <span class='ocrx_word' id='word_1_138' title='bbox 411 1915 510 1974; x_wconf 84' lang='lat' dir='ltr'>aeneis</span> <span class='ocrx_word' id='word_1_139' title='bbox 526 1915 608 1975; x_wconf 78' lang='lat' dir='ltr'>uncis</span> <span class='ocrx_word' id='word_1_140' title='bbox 634 1934 676 1974; x_wconf 75' lang='lat' dir='ltr'>ex</span> <span class='ocrx_word' id='word_1_141' title='bbox 693 1914 797 1975; x_wconf 86' lang='lat' dir='ltr'>eadem</span> <span class='ocrx_word' id='word_1_142' title='bbox 818 1913 900 1975; x_wconf 86' lang='lat' dir='ltr'>trube</span> <span class='ocrx_word' id='word_1_143' title='bbox 922 1912 973 1975; x_wconf 80' lang='lat'>36.</span> <span class='ocrx_word' id='word_1_144' title='bbox 995 1909 1185 1994; x_wconf 73' lang='lat' dir='ltr'>dependenti-</span> 
     </span>
     <span class='ocr_line' id='line_1_20' title="bbox 99 1993 1185 2083; baseline 0 -29"><span class='ocrx_word' id='word_1_145' title='bbox 99 1997 169 2069; x_wconf 82' lang='lat' dir='ltr'>hm,</span> <span class='ocrx_word' id='word_1_146' title='bbox 189 2017 266 2080; x_wconf 78' lang='lat' dir='ltr'>qrrae</span> <span class='ocrx_word' id='word_1_147' title='bbox 286 1995 423 2056; x_wconf 71' lang='lat' dir='ltr'>videlicut</span> <span class='ocrx_word' id='word_1_148' title='bbox 437 2017 545 2057; x_wconf 82' lang='lat' dir='ltr'>aeneae</span> <span class='ocrx_word' id='word_1_149' title='bbox 565 1997 768 2058; x_wconf 77' lang='lat' dir='ltr'>uulesaeneis</span> <span class='ocrx_word' id='word_1_150' title='bbox 783 2017 875 2083; x_wconf 67' lang='lat' dir='ltr'>acquic</span> <span class='ocrx_word' id='word_1_151' title='bbox 894 1995 1020 2056; x_wconf 72' lang='lat' dir='ltr'>brachiis</span> <span class='ocrx_word' id='word_1_152' title='bbox 1035 2015 1072 2054; x_wconf 86' lang='lat' dir='ltr'>ac</span> <span class='ocrx_word' id='word_1_153' title='bbox 1087 1993 1185 2054; x_wconf 79' lang='lat' dir='ltr'>maui-</span> 
     </span>
     <span class='ocr_line' id='line_1_21' title="bbox 101 2078 1186 2177; baseline -0.011 -29"><span class='ocrx_word' id='word_1_154' title='bbox 101 2079 154 2148; x_wconf 67' lang='lat' dir='ltr'>l’us</span> <span class='ocrx_word' id='word_1_155' title='bbox 170 2091 344 2139; x_wconf 65' lang='lat' dir='ltr'>sustentatae</span> <span class='ocrx_word' id='word_1_156' title='bbox 364 2079 443 2177; x_wconf 66' lang='lat' dir='ltr'>trabi</span> <span class='ocrx_word' id='word_1_157' title='bbox 462 2078 596 2161; x_wconf 80' lang='lat' dir='ltr'>ligneae,</span> <span class='ocrx_word' id='word_1_158' title='bbox 623 2101 713 2166; x_wconf 84' lang='lat' dir='ltr'>quam</span> <span class='ocrx_word' id='word_1_159' title='bbox 734 2081 936 2165; x_wconf 80' lang='lat' dir='ltr'>pulcherrime</span> <span class='ocrx_word' id='word_1_160' title='bbox 956 2078 1052 2160; x_wconf 75' lang='lat' dir='ltr'>sculpi</span> <span class='ocrx_word' id='word_1_161' title='bbox 1068 2090 1097 2136; x_wconf 87' lang='lat' dir='ltr'>et</span> <span class='ocrx_word' id='word_1_162' title='bbox 1109 2097 1186 2136; x_wconf 79' lang='lat' dir='ltr'>aruo</span> 
     </span>
     <span class='ocr_line' id='line_1_22' title="bbox 101 2157 1257 2334; baseline -0.003 -30"><span class='ocrx_word' id='word_1_163' title='bbox 101 2157 1187 2328; x_wconf 51' lang='lat' dir='ltr'>{tltllbffidfflfili‚tlsstttdtttlt</span> <span class='ocrx_word' id='word_1_164' title='bbox 1256 2329 1257 2334; x_wconf 5' lang='lat' dir='ltr'>p</span> 
     </span>
     <span class='ocr_line' id='line_1_23' title="bbox 102 2326 1187 2410; baseline 0.001 -25"><span class='ocrx_word' id='word_1_165' title='bbox 102 2328 168 2406; x_wconf 79' lang='lat' dir='ltr'>ipse</span> <span class='ocrx_word' id='word_1_166' title='bbox 187 2327 240 2387; x_wconf 90' lang='lat' dir='ltr'>Du</span> <span class='ocrx_word' id='word_1_167' title='bbox 263 2328 365 2409; x_wconf 82' lang='lat' dir='ltr'>Gange</span> <span class='ocrx_word' id='word_1_168' title='bbox 385 2330 519 2409; x_wconf 83' lang='lat' dir='ltr'>agnoscit</span> <span class='ocrx_word' id='word_1_169' title='bbox 540 2340 571 2390; x_wconf 88' lang='lat' dir='ltr'>et</span> <span class='ocrx_word' id='word_1_170' title='bbox 597 2339 731 2409; x_wconf 85' lang='lat' dir='ltr'>revocat.</span> <span class='ocrx_word' id='word_1_171' title='bbox 774 2329 859 2389; x_wconf 90' lang='lat' dir='ltr'>Idem</span> <span class='ocrx_word' id='word_1_172' title='bbox 886 2326 1011 2389; x_wconf 81' lang='lat' dir='ltr'>Paullus</span> <span class='ocrx_word' id='word_1_173' title='bbox 1027 2327 1121 2410; x_wconf 85' lang='lat' dir='ltr'>partis</span> <span class='ocrx_word' id='word_1_174' title='bbox 1139 2345 1187 2386; x_wconf 82' lang='lat' dir='ltr'>se·</span> 
     </span>
     <span class='ocr_line' id='line_1_24' title="bbox 103 2408 979 2490; baseline 0.002 -22"><span class='ocrx_word' id='word_1_175' title='bbox 103 2409 224 2490; x_wconf 78' lang='lat' dir='ltr'>pundae</span> <span class='ocrx_word' id='word_1_176' title='bbox 247 2431 279 2472; x_wconf 89' lang='lat' dir='ltr'>v.</span> <span class='ocrx_word' id='word_1_177' title='bbox 293 2408 330 2490; x_wconf 79' lang='grc' dir='ltr'>ήι</span> <span class='ocrx_word' id='word_1_178' title='bbox 340 2432 366 2470; x_wconf 91' lang='grc' dir='ltr'>ι.</span> <span class='ocrx_word' id='word_1_179' title='bbox 387 2409 558 2472; x_wconf 87' lang='lat' dir='ltr'>bolol&#39;otum</span> <span class='ocrx_word' id='word_1_180' title='bbox 578 2413 746 2472; x_wconf 84' lang='lat' dir='ltr'>cmciatum</span> <span class='ocrx_word' id='word_1_181' title='bbox 761 2411 803 2472; x_wconf 89' lang='lat' dir='ltr'>sic</span> <span class='ocrx_word' id='word_1_182' title='bbox 817 2411 979 2471; x_wconf 82' lang='lat' dir='ltr'>describit:</span> 
     </span>
    </p>
   </div>
   <div class='ocr_carea' id='block_1_3' title="bbox 100 2501 1198 4204">
    <p class='ocr_par' dir='ltr' id='par_1_9' title="bbox 100 2501 1198 4204">
     <span class='ocr_line' id='line_1_25' title="bbox 229 2501 1057 2591; baseline -0.005 -19"><span class='ocrx_word' id='word_1_183' title='bbox 229 2507 302 2572; x_wconf 80' lang='lat' dir='ltr'>Kal</span> <span class='ocrx_word' id='word_1_184' title='bbox 320 2504 459 2587; x_wconf 78' lang='grc' dir='ltr'><em>μεγάλου</em></span> <span class='ocrx_word' id='word_1_185' title='bbox 480 2514 630 2591; x_wconf 72' lang='lat' dir='ltr'>crespulo</span> <span class='ocrx_word' id='word_1_186' title='bbox 649 2505 745 2572; x_wconf 76' lang='grc' dir='ltr'><strong><em>τύπον</em></strong></span> <span class='ocrx_word' id='word_1_187' title='bbox 764 2501 915 2572; x_wconf 75' lang='lat' dir='ltr'>nulsione</span> <span class='ocrx_word' id='word_1_188' title='bbox 935 2504 1057 2590; x_wconf 82' lang='grc' dir='ltr'><strong><em>νοήσεις</em></strong></span> 
     </span>
     <span class='ocr_line' id='line_1_26' title="bbox 225 2587 1188 2676; baseline -0.002 -24"><span class='ocrx_word' id='word_1_189' title='bbox 225 2592 350 2674; x_wconf 74' lang='grc' dir='ltr'><strong><em>γείτονα</em></strong></span> <span class='ocrx_word' id='word_1_190' title='bbox 368 2591 430 2669; x_wconf 76' lang='grc' dir='ltr'>μὲν</span> <span class='ocrx_word' id='word_1_191' title='bbox 448 2587 578 2666; x_wconf 73' lang='lat' dir='ltr'>debuero,</span> <span class='ocrx_word' id='word_1_192' title='bbox 610 2591 814 2676; x_wconf 77' lang='lat' dir='ltr'>[polycandeli</span> <span class='ocrx_word' id='word_1_193' title='bbox 835 2613 904 2651; x_wconf 91' lang='lat' dir='ltr'>cum</span> <span class='ocrx_word' id='word_1_194' title='bbox 919 2590 1064 2652; x_wconf 79' lang='lat' dir='ltr'>cantharo</span> <span class='ocrx_word' id='word_1_195' title='bbox 1076 2609 1188 2673; x_wconf 85' lang='lat' dir='ltr'>suppo-</span> 
     </span>
     <span class='ocr_line' id='line_1_27' title="bbox 510 2669 1024 2759; baseline -0.012 -23"><span class='ocrx_word' id='word_1_196' title='bbox 510 2673 584 2757; x_wconf 84' lang='lat' dir='ltr'>sito]</span> <span class='ocrx_word' id='word_1_197' title='bbox 609 2670 831 2759; x_wconf 70' lang='grc' dir='ltr'><strong><em>πολυτρήτοισι</em></strong></span> <span class='ocrx_word' id='word_1_198' title='bbox 862 2671 897 2734; x_wconf 78' lang='lat' dir='ltr'>dl</span> <span class='ocrx_word' id='word_1_199' title='bbox 916 2669 1024 2744; x_wconf 75' lang='grc' dir='ltr'><strong><em>νώτοις</em></strong></span> 
     </span>
     <span class='ocr_line' id='line_1_28' title="bbox 225 2743 784 2839; baseline 0.005 -23"><span class='ocrx_word' id='word_1_200' title='bbox 225 2743 319 2837; x_wconf 71' lang='grc' dir='ltr'><strong><em>ἄγγος</em></strong></span> <span class='ocrx_word' id='word_1_201' title='bbox 339 2755 553 2838; x_wconf 71' lang='grc' dir='ltr'><strong><em>ἕλαφρίζονιοι</em></strong></span> <span class='ocrx_word' id='word_1_202' title='bbox 572 2759 784 2839; x_wconf 84' lang='grc' dir='ltr'><strong><em>σελοσφορον.</em></strong></span> 
     </span>
     <span class='ocr_line' id='line_1_29' title="bbox 102 2847 1189 2940; baseline -0.006 -20"><span class='ocrx_word' id='word_1_203' title='bbox 102 2857 201 2934; x_wconf 83' lang='lat' dir='ltr'>Utin</span> <span class='ocrx_word' id='word_1_204' title='bbox 218 2869 321 2933; x_wconf 86' lang='lat' dir='ltr'>nostro</span> <span class='ocrx_word' id='word_1_205' title='bbox 349 2869 505 2940; x_wconf 82' lang='lat' dir='ltr'>praesente</span> <span class='ocrx_word' id='word_1_206' title='bbox 531 2858 599 2918; x_wconf 91' lang='lat' dir='ltr'>loco</span> <span class='ocrx_word' id='word_1_207' title='bbox 630 2856 742 2930; x_wconf 83' lang='lat' dir='ltr'>dicitnr</span> <span class='ocrx_word' id='word_1_208' title='bbox 764 2850 945 2938; x_wconf 76' lang='grc' dir='ltr'><strong><em>ὁλόφωτον,</em></strong></span> <span class='ocrx_word' id='word_1_209' title='bbox 965 2857 1008 2916; x_wconf 87' lang='lat' dir='ltr'>ita</span> <span class='ocrx_word' id='word_1_210' title='bbox 1029 2847 1189 2936; x_wconf 78' lang='grc' dir='ltr'><strong><em>κανδήλον</em></strong></span> 
     </span>
     <span class='ocr_line' id='line_1_30' title="bbox 100 2929 1190 3021; baseline -0.005 -19"><span class='ocrx_word' id='word_1_211' title='bbox 100 2937 280 3021; x_wconf 75' lang='grc' dir='ltr'><strong><em>πάμφωνον</em></strong></span> <span class='ocrx_word' id='word_1_212' title='bbox 300 2941 375 3002; x_wconf 82' lang='lat' dir='ltr'>dixit</span> <span class='ocrx_word' id='word_1_213' title='bbox 396 2942 513 3002; x_wconf 80' lang='lat' dir='ltr'>Auctor</span> <span class='ocrx_word' id='word_1_214' title='bbox 530 2940 680 3001; x_wconf 80' lang='lat' dir='ltr'>Actorum</span> <span class='ocrx_word' id='word_1_215' title='bbox 694 2940 729 3000; x_wconf 91' lang='lat' dir='ltr'>S.</span> <span class='ocrx_word' id='word_1_216' title='bbox 746 2937 832 3002; x_wconf 84' lang='lat' dir='ltr'>Elius</span> <span class='ocrx_word' id='word_1_217' title='bbox 848 2938 975 3000; x_wconf 88' lang='lat' dir='ltr'>iunioris</span> <span class='ocrx_word' id='word_1_218' title='bbox 995 2959 1027 3020; x_wconf 91' lang='lat' dir='ltr'>p.</span> <span class='ocrx_word' id='word_1_219' title='bbox 1047 2935 1138 3020; x_wconf 56' lang='lat'>¹94⁶</span> <span class='ocrx_word' id='word_1_220' title='bbox 1159 2929 1190 2998; x_wconf 81' lang='lat' dir='ltr'>oi</span> 
     </span>
     <span class='ocr_line' id='line_1_31' title="bbox 100 3015 1190 3107; baseline -0.006 -23"><span class='ocrx_word' id='word_1_221' title='bbox 100 3020 165 3101; x_wconf 79' lang='grc' dir='ltr'>μὲν</span> <span class='ocrx_word' id='word_1_222' title='bbox 184 3019 343 3102; x_wconf 70' lang='grc' dir='ltr'><strong><em>κανθήλιον</em></strong></span> <span class='ocrx_word' id='word_1_223' title='bbox 363 3019 538 3107; x_wconf 72' lang='grc' dir='ltr'><strong><em>πάμφωνον</em></strong></span> <span class='ocrx_word' id='word_1_224' title='bbox 569 3017 675 3102; x_wconf 78' lang='grc' dir='ltr'><strong><em>ἔλεγον</em></strong></span> <span class='ocrx_word' id='word_1_225' title='bbox 695 3019 823 3099; x_wconf 77' lang='grc' dir='ltr'><strong><em>βλέπειν</em></strong></span> <span class='ocrx_word' id='word_1_226' title='bbox 843 3018 922 3102; x_wconf 76' lang='grc' dir='ltr'>ὑπὲρ</span> <span class='ocrx_word' id='word_1_227' title='bbox 943 3020 997 3102; x_wconf 84' lang='grc' dir='ltr'>τής</span> <span class='ocrx_word' id='word_1_228' title='bbox 1017 3015 1117 3080; x_wconf 75' lang='grc' dir='ltr'><strong><em>αὐτοῦ</em></strong></span> <span class='ocrx_word' id='word_1_229' title='bbox 1139 3037 1190 3078; x_wconf 83' lang='lat' dir='ltr'>us·</span> 
     </span>
     <span class='ocr_line' id='line_1_32' title="bbox 102 3101 1192 3190; baseline -0.004 -24"><span class='ocrx_word' id='word_1_230' title='bbox 102 3103 210 3186; x_wconf 83' lang='grc' dir='ltr'><strong><em>φολής</em></strong></span> <span class='ocrx_word' id='word_1_231' title='bbox 230 3101 446 3184; x_wconf 76' lang='grc' dir='ltr'><strong><em>λάμπονσοιν,.</em></strong></span> <span class='ocrx_word' id='word_1_232' title='bbox 462 3108 599 3168; x_wconf 77' lang='lat' dir='ltr'>lucernae</span> <span class='ocrx_word' id='word_1_233' title='bbox 625 3126 744 3190; x_wconf 81' lang='lat' dir='ltr'>scapum</span> <span class='ocrx_word' id='word_1_234' title='bbox 771 3105 869 3176; x_wconf 69' lang='lat' dir='ltr'>uului</span> <span class='ocrx_word' id='word_1_235' title='bbox 893 3103 963 3164; x_wconf 83' lang='lat' dir='ltr'>iude</span> <span class='ocrx_word' id='word_1_236' title='bbox 980 3101 1192 3186; x_wconf 78' lang='lat' dir='ltr'>prodeuntibus</span> 
     </span>
     <span class='ocr_line' id='line_1_33' title="bbox 100 3185 1190 3272; baseline -0.005 -24"><span class='ocrx_word' id='word_1_237' title='bbox 100 3187 263 3265; x_wconf 68' lang='lat' dir='ltr'>lucernalis</span> <span class='ocrx_word' id='word_1_238' title='bbox 277 3188 459 3263; x_wconf 75' lang='grc' dir='ltr'><strong><em>ιἰιιινιιοιιιιιι,</em></strong></span> <span class='ocrx_word' id='word_1_239' title='bbox 481 3189 615 3266; x_wconf 67' lang='lat' dir='ltr'>oneribus</span> <span class='ocrx_word' id='word_1_240' title='bbox 641 3188 809 3262; x_wconf 67' lang='lat' dir='ltr'>udentibm</span> <span class='ocrx_word' id='word_1_241' title='bbox 822 3202 851 3250; x_wconf 77' lang='lat' dir='ltr'>ct</span> <span class='ocrx_word' id='word_1_242' title='bbox 865 3189 958 3250; x_wconf 86' lang='lat' dir='ltr'>lucem</span> <span class='ocrx_word' id='word_1_243' title='bbox 979 3185 1190 3272; x_wconf 67' lang='lat' dir='ltr'>spur-gemmus.</span> 
     </span>
     <span class='ocr_line' id='line_1_34' title="bbox 188 3282 1193 3372; baseline -0.006 -25"><span class='ocrx_word' id='word_1_244' title='bbox 188 3288 224 3348; x_wconf 89' lang='lat' dir='ltr'>C.</span> <span class='ocrx_word' id='word_1_245' title='bbox 242 3287 271 3349; x_wconf 74' lang='grc' dir='ltr'>ὅ.</span> <span class='ocrx_word' id='word_1_246' title='bbox 291 3288 379 3372; x_wconf 78' lang='grc' dir='ltr'><strong><em>[58ο,</em></strong></span> <span class='ocrx_word' id='word_1_247' title='bbox 394 3287 436 3371; x_wconf 64' lang='lat' dir='ltr'>p]</span> <span class='ocrx_word' id='word_1_248' title='bbox 458 3285 716 3366; x_wconf 74' lang='lat' dir='ltr'>Hmuuupys&#39;ou.</span> <span class='ocrx_word' id='word_1_249' title='bbox 760 3287 845 3365; x_wconf 89' lang='lat' dir='ltr'>Quid</span> <span class='ocrx_word' id='word_1_250' title='bbox 873 3285 970 3364; x_wconf 73' lang='lat' dir='ltr'>l’euta</span> <span class='ocrx_word' id='word_1_251' title='bbox 1011 3305 1108 3366; x_wconf 81' lang='lat' dir='ltr'>rguuu</span> <span class='ocrx_word' id='word_1_252' title='bbox 1124 3282 1193 3342; x_wconf 83' lang='lat' dir='ltr'>lne-</span> 
     </span>
     <span class='ocr_line' id='line_1_35' title="bbox 102 3369 1192 3446; baseline -0.005 -16"><span class='ocrx_word' id='word_1_253' title='bbox 102 3371 169 3446; x_wconf 79' lang='lat' dir='ltr'>rit,</span> <span class='ocrx_word' id='word_1_254' title='bbox 189 3372 277 3432; x_wconf 87' lang='lat' dir='ltr'>cuius</span> <span class='ocrx_word' id='word_1_255' title='bbox 296 3392 359 3433; x_wconf 91' lang='lat' dir='ltr'>non</span> <span class='ocrx_word' id='word_1_256' title='bbox 379 3372 409 3433; x_wconf 91' lang='lat' dir='ltr'>in</span> <span class='ocrx_word' id='word_1_257' title='bbox 514 3393 552 3433; x_wconf 89' lang='lat' dir='ltr'>ns</span> <span class='ocrx_word' id='word_1_258' title='bbox 569 3371 679 3443; x_wconf 82' lang='lat' dir='ltr'>Nostro</span> <span class='ocrx_word' id='word_1_259' title='bbox 695 3382 726 3432; x_wconf 83' lang='lat' dir='ltr'>et</span> <span class='ocrx_word' id='word_1_260' title='bbox 738 3369 807 3446; x_wconf 83' lang='lat' dir='ltr'>aliis</span> <span class='ocrx_word' id='word_1_261' title='bbox 826 3373 940 3431; x_wconf 83' lang='lat' dir='ltr'>mentio</span> <span class='ocrx_word' id='word_1_262' title='bbox 981 3378 1014 3445; x_wconf 90' lang='lat' dir='ltr'>t,</span> <span class='ocrx_word' id='word_1_263' title='bbox 1035 3387 1098 3428; x_wconf 93' lang='lat' dir='ltr'>non</span> <span class='ocrx_word' id='word_1_264' title='bbox 1119 3385 1192 3426; x_wconf 87' lang='lat' dir='ltr'>eon·</span> 
     </span>
     <span class='ocr_line' id='line_1_36' title="bbox 102 3449 1193 3538; baseline -0.005 -22"><span class='ocrx_word' id='word_1_265' title='bbox 102 3462 176 3516; x_wconf 85' lang='lat' dir='ltr'>stat.</span> <span class='ocrx_word' id='word_1_266' title='bbox 218 3455 271 3516; x_wconf 93' lang='lat' dir='ltr'>Du</span> <span class='ocrx_word' id='word_1_267' title='bbox 292 3455 395 3538; x_wconf 71' lang='lat' dir='ltr'>Gange</span> <span class='ocrx_word' id='word_1_268' title='bbox 415 3454 488 3516; x_wconf 85' lang='lat' dir='ltr'>CP&#39;</span> <span class='ocrx_word' id='word_1_269' title='bbox 510 3454 584 3515; x_wconf 85' lang='lat' dir='ltr'>Chr.</span> <span class='ocrx_word' id='word_1_270' title='bbox 606 3475 637 3537; x_wconf 89' lang='lat' dir='ltr'>p.</span> <span class='ocrx_word' id='word_1_271' title='bbox 658 3453 727 3519; x_wconf 76' lang='lat'>128.</span> <span class='ocrx_word' id='word_1_272' title='bbox 749 3464 851 3536; x_wconf 75' lang='lat' dir='ltr'>putat,</span> <span class='ocrx_word' id='word_1_273' title='bbox 870 3451 1040 3514; x_wconf 85' lang='lat' dir='ltr'>aedilicium</span> <span class='ocrx_word' id='word_1_274' title='bbox 1059 3449 1193 3534; x_wconf 82' lang='lat' dir='ltr'>quinque</span> 
     </span>
     <span class='ocr_line' id='line_1_37' title="bbox 103 3531 1194 3621; baseline -0.008 -21"><span class='ocrx_word' id='word_1_275' title='bbox 103 3535 244 3600; x_wconf 82' lang='lat' dir='ltr'>turribus</span> <span class='ocrx_word' id='word_1_276' title='bbox 262 3549 401 3600; x_wconf 84' lang='lat' dir='ltr'>constans</span> <span class='ocrx_word' id='word_1_277' title='bbox 420 3549 451 3600; x_wconf 87' lang='lat' dir='ltr'>et</span> <span class='ocrx_word' id='word_1_278' title='bbox 471 3549 589 3621; x_wconf 81' lang='lat' dir='ltr'>partem</span> <span class='ocrx_word' id='word_1_279' title='bbox 608 3534 713 3621; x_wconf 65' lang='lat' dir='ltr'>palatii</span> <span class='ocrx_word' id='word_1_280' title='bbox 733 3539 919 3621; x_wconf 81' lang='lat' dir='ltr'>Magnunrae</span> <span class='ocrx_word' id='word_1_281' title='bbox 939 3533 1039 3594; x_wconf 78' lang='lat' dir='ltr'>brisce.</span> <span class='ocrx_word' id='word_1_282' title='bbox 1087 3531 1194 3612; x_wconf 84' lang='lat' dir='ltr'>Neque</span> 
     </span>
     <span class='ocr_line' id='line_1_38' title="bbox 106 3613 1195 3705; baseline -0.013 -17"><span class='ocrx_word' id='word_1_283' title='bbox 106 3618 238 3688; x_wconf 78' lang='lat' dir='ltr'>dubium</span> <span class='ocrx_word' id='word_1_284' title='bbox 254 3633 312 3701; x_wconf 78' lang='lat' dir='ltr'>est,</span> <span class='ocrx_word' id='word_1_285' title='bbox 331 3624 563 3705; x_wconf 57' lang='lat' dir='ltr'>pentapyrgiuns,</span> <span class='ocrx_word' id='word_1_286' title='bbox 574 3623 607 3682; x_wconf 89' lang='lat' dir='ltr'>iu</span> <span class='ocrx_word' id='word_1_287' title='bbox 620 3621 789 3704; x_wconf 70' lang='lat' dir='ltr'>Magnaura</span> <span class='ocrx_word' id='word_1_288' title='bbox 808 3619 967 3700; x_wconf 80' lang='lat' dir='ltr'>conditum</span> <span class='ocrx_word' id='word_1_289' title='bbox 986 3637 1005 3678; x_wconf 83' lang='lat' dir='ltr'>a</span> <span class='ocrx_word' id='word_1_290' title='bbox 1023 3613 1195 3696; x_wconf 84' lang='lat' dir='ltr'>Theophilo</span> 
     </span>
     <span class='ocr_line' id='line_1_39' title="bbox 103 3697 1196 3786; baseline -0.004 -24"><span class='ocrx_word' id='word_1_291' title='bbox 103 3703 184 3784; x_wconf 88' lang='lat' dir='ltr'>lmp.</span> <span class='ocrx_word' id='word_1_292' title='bbox 215 3703 318 3777; x_wconf 85' lang='lat' dir='ltr'>luisse,</span> <span class='ocrx_word' id='word_1_293' title='bbox 349 3703 529 3786; x_wconf 79' lang='lat' dir='ltr'>testantibus</span> <span class='ocrx_word' id='word_1_294' title='bbox 556 3704 590 3768; x_wconf 90' lang='lat' dir='ltr'>id</span> <span class='ocrx_word' id='word_1_295' title='bbox 610 3702 748 3765; x_wconf 87' lang='lat' dir='ltr'>Cedrenc</span> <span class='ocrx_word' id='word_1_296' title='bbox 770 3724 803 3785; x_wconf 91' lang='lat' dir='ltr'>p.</span> <span class='ocrx_word' id='word_1_297' title='bbox 821 3701 894 3778; x_wconf 73' lang='lat'>515.</span> <span class='ocrx_word' id='word_1_298' title='bbox 918 3701 953 3761; x_wconf 85' lang='lat' dir='ltr'>C.</span> <span class='ocrx_word' id='word_1_299' title='bbox 976 3697 1007 3762; x_wconf 81' lang='lat'>5.</span> <span class='ocrx_word' id='word_1_300' title='bbox 1037 3710 1067 3760; x_wconf 89' lang='lat' dir='ltr'>et</span> <span class='ocrx_word' id='word_1_301' title='bbox 1093 3699 1196 3759; x_wconf 88' lang='lat' dir='ltr'>Leone</span> 
     </span>
     <span class='ocr_line' id='line_1_40' title="bbox 106 3781 1197 3869; baseline -0.005 -23"><span class='ocrx_word' id='word_1_302' title='bbox 106 3786 314 3858; x_wconf 72' lang='lat' dir='ltr'>Grammatico</span> <span class='ocrx_word' id='word_1_303' title='bbox 334 3810 367 3869; x_wconf 91' lang='lat' dir='ltr'>p.</span> <span class='ocrx_word' id='word_1_304' title='bbox 390 3787 463 3867; x_wconf 74' lang='grc' dir='ltr'>ήὸο.</span> <span class='ocrx_word' id='word_1_305' title='bbox 478 3788 514 3847; x_wconf 90' lang='grc' dir='ltr'>Β.</span> <span class='ocrx_word' id='word_1_306' title='bbox 531 3781 587 3866; x_wconf 81' lang='lat'>5.,&#39;</span> <span class='ocrx_word' id='word_1_307' title='bbox 606 3807 683 3869; x_wconf 87' lang='lat' dir='ltr'>quos</span> <span class='ocrx_word' id='word_1_308' title='bbox 705 3786 758 3847; x_wconf 90' lang='lat' dir='ltr'>Du</span> <span class='ocrx_word' id='word_1_309' title='bbox 784 3783 885 3868; x_wconf 76' lang='lat' dir='ltr'>Gange</span> <span class='ocrx_word' id='word_1_310' title='bbox 910 3783 952 3846; x_wconf 89' lang='lat' dir='ltr'>ibi</span> <span class='ocrx_word' id='word_1_311' title='bbox 986 3784 1101 3844; x_wconf 88' lang='lat' dir='ltr'>citavit.</span> <span class='ocrx_word' id='word_1_312' title='bbox 1131 3781 1197 3841; x_wconf 89' lang='lat' dir='ltr'>Ve-</span> 
     </span>
     <span class='ocr_line' id='line_1_41' title="bbox 106 3865 1197 3952; baseline -0.008 -20"><span class='ocrx_word' id='word_1_313' title='bbox 106 3890 178 3932; x_wconf 86' lang='lat' dir='ltr'>rum</span> <span class='ocrx_word' id='word_1_314' title='bbox 190 3881 295 3931; x_wconf 89' lang='lat' dir='ltr'>nostro</span> <span class='ocrx_word' id='word_1_315' title='bbox 311 3871 372 3938; x_wconf 79' lang='lat' dir='ltr'>boc</span> <span class='ocrx_word' id='word_1_316' title='bbox 391 3873 421 3932; x_wconf 92' lang='lat' dir='ltr'>in</span> <span class='ocrx_word' id='word_1_317' title='bbox 441 3869 522 3950; x_wconf 87' lang='lat' dir='ltr'>loco,</span> <span class='ocrx_word' id='word_1_318' title='bbox 540 3891 573 3952; x_wconf 89' lang='lat' dir='ltr'>p.</span> <span class='ocrx_word' id='word_1_319' title='bbox 584 3867 637 3949; x_wconf 73' lang='grc' dir='ltr'>4ο.</span> <span class='ocrx_word' id='word_1_320' title='bbox 652 3870 693 3929; x_wconf 85' lang='lat' dir='ltr'>D.</span> <span class='ocrx_word' id='word_1_321' title='bbox 708 3869 739 3935; x_wconf 88' lang='lat'>6.</span> <span class='ocrx_word' id='word_1_322' title='bbox 769 3880 800 3930; x_wconf 88' lang='lat' dir='ltr'>et</span> <span class='ocrx_word' id='word_1_323' title='bbox 819 3867 899 3930; x_wconf 80' lang='lat' dir='ltr'>inire</span> <span class='ocrx_word' id='word_1_324' title='bbox 918 3865 1119 3948; x_wconf 81' lang='lat' dir='ltr'>Cletorulogio</span> <span class='ocrx_word' id='word_1_325' title='bbox 1142 3885 1197 3945; x_wconf 87' lang='lat' dir='ltr'>ap-</span> 
     </span>
     <span class='ocr_line' id='line_1_42' title="bbox 105 3946 1197 4038; baseline -0.007 -25"><span class='ocrx_word' id='word_1_326' title='bbox 105 3963 217 4036; x_wconf 83' lang='lat' dir='ltr'>paret,</span> <span class='ocrx_word' id='word_1_327' title='bbox 253 3953 491 4038; x_wconf 74' lang='lat' dir='ltr'>Pentapyrgium</span> <span class='ocrx_word' id='word_1_328' title='bbox 520 3975 583 4015; x_wconf 93' lang='lat' dir='ltr'>nou</span> <span class='ocrx_word' id='word_1_329' title='bbox 603 3952 791 4032; x_wconf 77' lang='lat' dir='ltr'>aedificium,</span> <span class='ocrx_word' id='word_1_330' title='bbox 819 3951 872 4014; x_wconf 90' lang='lat' dir='ltr'>sed</span> <span class='ocrx_word' id='word_1_331' title='bbox 893 3960 1034 4012; x_wconf 85' lang='lat' dir='ltr'>ornatum</span> <span class='ocrx_word' id='word_1_332' title='bbox 1053 3946 1197 4009; x_wconf 89' lang='lat' dir='ltr'>mobilem</span> 
     </span>
     <span class='ocr_line' id='line_1_43' title="bbox 104 4029 1196 4118; baseline -0.002 -24"><span class='ocrx_word' id='word_1_333' title='bbox 104 4035 215 4112; x_wconf 76' lang='lat' dir='ltr'>fixisse,</span> <span class='ocrx_word' id='word_1_334' title='bbox 236 4038 288 4118; x_wconf 85' lang='lat' dir='ltr'>qui</span> <span class='ocrx_word' id='word_1_335' title='bbox 328 4059 391 4100; x_wconf 91' lang='lat' dir='ltr'>non</span> <span class='ocrx_word' id='word_1_336' title='bbox 420 4036 519 4098; x_wconf 91' lang='lat' dir='ltr'>solum</span> <span class='ocrx_word' id='word_1_337' title='bbox 538 4038 571 4098; x_wconf 89' lang='lat' dir='ltr'>in</span> <span class='ocrx_word' id='word_1_338' title='bbox 602 4037 792 4118; x_wconf 76' lang='lat' dir='ltr'>Magusum,</span> <span class='ocrx_word' id='word_1_339' title='bbox 823 4029 875 4096; x_wconf 84' lang='lat' dir='ltr'>scd</span> <span class='ocrx_word' id='word_1_340' title='bbox 901 4037 992 4094; x_wconf 86' lang='lat' dir='ltr'>etium</span> <span class='ocrx_word' id='word_1_341' title='bbox 1011 4035 1044 4093; x_wconf 89' lang='lat' dir='ltr'>in</span> <span class='ocrx_word' id='word_1_342' title='bbox 1063 4031 1196 4112; x_wconf 81' lang='lat' dir='ltr'>Chryso-</span> 
     </span>
     <span class='ocr_line' id='line_1_44' title="bbox 105 4117 1198 4204; baseline -0.007 -26"><span class='ocrx_word' id='word_1_343' title='bbox 105 4118 241 4179; x_wconf 86' lang='lat' dir='ltr'>triclinio</span> <span class='ocrx_word' id='word_1_344' title='bbox 260 4119 384 4197; x_wconf 85' lang='lat' dir='ltr'>fuisset,</span> <span class='ocrx_word' id='word_1_345' title='bbox 406 4122 460 4204; x_wconf 82' lang='lat' dir='ltr'>qui</span> <span class='ocrx_word' id='word_1_346' title='bbox 480 4141 535 4204; x_wconf 93' lang='lat' dir='ltr'>per</span> <span class='ocrx_word' id='word_1_347' title='bbox 554 4119 618 4181; x_wconf 90' lang='lat' dir='ltr'>dies</span> <span class='ocrx_word' id='word_1_348' title='bbox 648 4121 778 4180; x_wconf 80' lang='lat' dir='ltr'>maxime</span> <span class='ocrx_word' id='word_1_349' title='bbox 798 4117 934 4180; x_wconf 86' lang='lat' dir='ltr'>solennes</span> <span class='ocrx_word' id='word_1_350' title='bbox 958 4126 1126 4199; x_wconf 87' lang='lat' dir='ltr'>spectatum</span> <span class='ocrx_word' id='word_1_351' title='bbox 1146 4133 1198 4172; x_wconf 83' lang='lat' dir='ltr'>ei-</span> 
     </span>
    </p>
   </div>
   <div class='ocr_carea' id='block_1_4' title="bbox 105 4189 1200 4306">
    <p class='ocr_par' dir='ltr' id='par_1_10' title="bbox 105 4189 1200 4306">
     <span class='ocr_line' id='line_1_45' title="bbox 105 4189 1200 4306; baseline -0.016 -32"><span class='ocrx_word' id='word_1_352' title='bbox 105 4213 280 4306; x_wconf 45' lang='grc' dir='ltr'>Μαλλοῖς</span> <span class='ocrx_word' id='word_1_353' title='bbox 324 4205 374 4284; x_wconf 85' lang='lat' dir='ltr'>Sic</span> <span class='ocrx_word' id='word_1_354' title='bbox 402 4206 484 4287; x_wconf 85' lang='lat' dir='ltr'>enim</span> <span class='ocrx_word' id='word_1_355' title='bbox 504 4202 618 4286; x_wconf 74' lang='lat' dir='ltr'>habent</span> <span class='ocrx_word' id='word_1_356' title='bbox 647 4199 842 4285; x_wconf 67' lang='lat' dir='ltr'>(iictorologii</span> <span class='ocrx_word' id='word_1_357' title='bbox 862 4199 886 4282; x_wconf 83' lang='lat' dir='ltr'>l.</span> <span class='ocrx_word' id='word_1_358' title='bbox 906 4198 930 4284; x_wconf 81' lang='lat' dir='ltr'>l.</span> <span class='ocrx_word' id='word_1_359' title='bbox 952 4199 1066 4278; x_wconf 67' lang='lat' dir='ltr'>serbus</span> <span class='ocrx_word' id='word_1_360' title='bbox 1089 4189 1143 4268; x_wconf 73' lang='lat' dir='ltr'>iul</span> <span class='ocrx_word' id='word_1_361' title='bbox 1163 4191 1200 4268; x_wconf 71' lang='lat' dir='ltr'>ti</span> 
     </span>
    </p>
   </div>
   <div class='ocr_carea' id='block_1_5' title="bbox 0 0 1512 4892">
    <p class='ocr_par' dir='ltr' id='par_1_11' title="bbox 0 0 1512 4892">
     <span class='ocr_line' id='line_1_46' title="bbox 0 0 1512 4892; baseline 0 0"><span class='ocrx_word' id='word_1_362' title='bbox 0 0 1512 4892; x_wconf 95' lang='lat' dir='ltr'> </span> 
     </span>
    </p>
   </div>
  </div>
 </body>
</html>
