2975 4892
349 215 436 329 470
584 237 1233 306 10.1tc.1tutstt1100tuffl1t'rttttt

349 398 463 482 glorias
481 396 718 482 ornamenta.]*
762 397 926 481 Cingulum
945 417 1009 457 non
1029 393 1240 480 chlamydem,
1260 394 1310 456 sed
1326 391 1403 456 chito-

350 503 441 560 nem,
469 485 601 542 constrin
623 482 710 560 ebat,
746 492 776 541 et
805 502 876 542 raro
897 479 1034 562 chlamys
1065 479 1146 541 ultra
1179 479 1307 540 medium
1325 477 1403 538 femur

349 564 543 648 procedebat.
586 505 694 625 Chilon
719 575 763 624 est
787 567 906 648 proprie
926 565 1018 625 vestis
1037 561 1157 640 talaris,
1178 561 1337 622 Dalmatica
1354 581 1404 620 me·

352 645 405 709 dio
425 669 500 710 aevo
521 647 612 709 dicta.
656 647 785 708 Maoieis
804 647 927 708 carebat
947 645 1095 729 chlamys,
1115 657 1146 706 at
1167 644 1267 706 chilon
1285 642 1404 718 habebat,

349 741 432 793 certe
460 730 648 813 plerumque.
702 730 780 792 Nam
803 742 890 791 erant
909 749 1030 812 quoque
1050 729 1185 790 chilones
1205 727 1310 810 absque
1327 725 1406 786 mani·

352 815 414 894 cis,
436 812 552 876 colobia
578 814 699 886 dictae,
725 824 756 874 et
776 808 952 894 δι’σχιστοι,
983 813 1129 894 quomam
1148 822 1218 873 ante
1231 822 1261 871 et
1279 821 1350 870 retro
1365 827 1405 868 su·

353 917 409 980 per
428 907 556 979 utraque
592 893 724 958 mamilla
760 917 857 978 usque
884 895 923 956 ad
945 895 1036 957 finem
1068 894 1208 976 scapulae
1227 895 1306 954 scissi
1323 899 1405 960 aaut,

396 979 457 1041 ales
479 981 509 1040 in
530 978 864 1062 MenologioBasiliano
886 980 1056 1061 passimest
1074 977 1202 1057 videre,
1225 977 1406 1060 antiquitatem

383 1065 491 1136 tiorem
511 1062 691 1124 redolentes.
745 1061 931 1142 Plerumque
950 1070 1051 1123 tamen
1071 1072 1159 1123 erant
1177 1061 1314 1122 manicati
1330 1057 1406 1118 chito·

353 1165 407 1206 nes
437 1149 603 1206 recentiore
645 1146 795 1206 instituto.
838 1145 918 1205 Hinc
939 1144 1144 1226 Luitpraudus
1165 1145 1293 1205 Graecos
1324 1140 1406 1200 aetatis

353 1248 425 1288 suae
445 1231 604 1308 τιυιίοαίοε,
629 1231 791 1289 manicatos
801 1249 856 1310 per
875 1225 1042 1288 ludibrium
1061 1225 1204 1309 appellat.
1247 1225 1320 1284 ilinc
1338 1223 1407 1282 mam

354 1309 500 1371 invidiam
523 1323 553 1372 et
578 1309 842 1394 reprehensionem
875 1309 932 1370 sibi
953 1308 1134 1371 conciliabat
1156 1309 1238 1392 apud
1254 1327 1319 1368 suos
1336 1305 1407 1364 Caro

354 1389 403 1454 lus
425 1391 537 1455 Calvus
557 1415 629 1473 rex,
658 1394 740 1476 quod
768 1393 806 1452 de
827 1393 922 1453 Italic
941 1395 973 1452 in
998 1393 1133 1454 Gallium
1153 1394 1268 1452 redieras
1286 1410 1366 1451 novos
1387 1397 1408 1444 el

353 1475 484 1536 insolitos
514 1475 628 1540 lateus
647 1479 803 1548 extimuit,
824 1485 1029 1537 attestantur
1052 1474 1188 1537 Annales
1208 1472 1359 1536 Fuldenset
1380 1465 1408 1527 ad

353 1555 395 1618 A.
415 1558 488 1642 876.
529 1559 576 1622 llli
605 1557 728 1620 habitus
757 1561 882 1640 quinam
914 1564 1006 1620 sunt?
1046 1557 1128 1619 Nam
1156 1559 1266 1629 talari,
1284 1561 1408 1638 pergunt,

352 1639 529 1702 Dalmatica
544 1641 660 1704 traductus
679 1655 708 1704 et
735 1643 848 1703 baltheo
865 1644 1034 1714 accinctus,
1067 1643 1165 1726 capite
1183 1643 1274 1701 serico
1288 1635 1408 1699 velamus

354 1724 502 1784 involutus
505 1727 666 1808 procedere
673 1726 792 1786 solebat.
811 1726 898 1802 Quae
906 1724 954 1785 hic
963 1735 1150 1785 memoratur
1160 1727 1250 1784 vestis
1258 1721 1349 1782 talaris
1357 1713 1410 1775 Dal·

354 1807 476 1878 matina,
487 1807 539 1869 illa
549 1819 594 1868 est
608 1806 722 1868 chiton.
743 1809 791 1868 Ea
806 1804 927 1888 cingulo
942 1806 1202 1889 adstringehatur.
1246 1807 1344 1866 Aetate
1351 1799 1410 1858 Pro·

355 1891 435 1970 eopii
457 1887 636 1952 affectabant
663 1889 836 1950 factionales
856 1891 889 1949 in
910 1889 1082 1950 chitonibus
1104 1891 1238 1950 manicas
1256 1888 1293 1947 ad
1311 1900 1409 1963 carpum

354 1973 493 2046 strictas,
529 1974 568 2034 ad
588 1975 706 2034 humeri
728 1985 819 2053 caput
839 1972 1008 2054 peramplas
1029 1983 1172 2055 gestam,
1237 1993 1283 2032 em
1301 1967 1409 2029 illene

354 2075 421 2116 rem
432 2057 526 2134 facete
545 2054 808 2138 ridetduecdotae
827 2055 971 2116 historiae
990 2077 1022 2137 p.
1045 2055 1112 2133 32,
1132 1993 1287 2138 quildcus
1304 2043 1410 2111 nonnul·

346 2134 386 2224 ‘la
405 2158 470 2198 rem
490 2139 662 2198 vestiariam
682 2137 764 2199 illius
786 2139 892 2200 aetatis
912 2136 1095 2199 illustrantia
1115 2137 1332 2220 complectitur,
1348 2149 1410 2228 qut)-

355 2219 1411 2386 thffltlttstultitlttdldtt.laudibili

356 2383 397 2450 xi.
439 2387 498 2448 Res
518 2387 582 2468 ipsa
603 2386 738 2469 loquitur
776 2398 807 2450 et
828 2385 996 2448 luculenter
1030 2386 1192 2449 confirmat
1211 2383 1374 2446 Themistius
1387 2396 1409 2456 p·

362 2463 661 2546 ι44.1).τοῖτῶν
694 2469 800 2531 καλῶν
814 2467 967 2548 σωμάτων
988 2469 1119 2550 ἐρῶντες
1139 2463 1221 2547 πρὸς
1239 2467 1296 2546 μὲν
1315 2458 1349 2524 τὰ
1366 2455 1413 2533 ἅμ·
1445 2522 1447 2533 4

357 2547 519 2692 plicuerat
554 2544 592 2612 οὗ
622 2548 849 2635 διαφέρονται,
883 2546 944 2613 εἴτε
960 2543 1124 2632 Ἑλληνικὰ
1148 2550 1220 2632 εἴη,
1241 2548 1299 2610 εἴτε
1313 2535 1413 2624 glotil-

379 2651 422 2704 ες.
462 2635 600 2718 Opponit
620 2637 743 2698 Graecis
762 2635 896 2698 vestibus
916 2635 1101 2717 chlamydes.
1143 2635 1229 2718 Ergo
1248 2632 1357 2692 Graecis
1372 2643 1411 2682 sn·

357 2715 450 2797 tiquis
471 2721 502 2778 in
524 2736 580 2780 usu
601 2716 737 2802 chlamys
758 2740 820 2779 non
841 2729 924 2779 erat:
948 2739 1019 2800 ergo
1039 2716 1156 2778 alienae
1167 2717 1287 2800 originis
1305 2721 1354 2781 est,
1366 2708 1412 2765 ΗΟ·

356 2818 465 2860 manae
486 2801 624 2875 scilicet,
648 2803 728 2862 idem
749 2823 819 2863 cum
839 2800 1064 2884 paludamento.
1110 2801 1193 2861 Nam
1213 2807 1323 2860 vetusta
1340 2793 1413 2851 Grae·

358 2902 464 2942 corum
482 2884 574 2964 pallia
595 2883 725 2946 multum
745 2895 831 2946 erant
850 2907 869 2946 a
888 2881 1100 2966 chlamydibus
1121 2884 1252 2944 diversa.
1292 2874 1413 2940 patebant

357 2965 717 3110 affuffiiqultrquinque
737 2967 778 3029 ab
798 2967 1127 3111 implipedipustygcina
1147 2955 1413 3110 opatusquqtapssteq

357 3142 479 3211 possent
501 3072 740 3193 amboerlrlfflqqp
753 3071 882 3214 ,scyllltne
913 3071 949 3193 tlt
969 3070 1316 3193 cdudidmhludashldl'rd
1333 3120 1413 3204 plane·

356 3221 428 3290 tae,
443 3235 519 3296 quas
561 3215 760 3276 raedicatores
780 3219 876 3277 nostri
893 3218 1005 3297 passim
1025 3213 1173 3282 ,locorum
1193 3212 1291 3275 adhuc
1307 3210 1413 3290 gemnis

359 3295 520 3356 Chorltemb
558 3321 578 3360 n
599 3309 630 3360 et
651 3299 816 3360 chori-octe
835 3300 942 3361 dictas.
981 3297 1079 3359 Erant
1107 3319 1181 3380 ergo
1200 3301 1327 3378 ipsorum
1345 3280 1414 3368 palla

359 3375 507 3458 δι’σχιστα
537 3391 568 3444 et
587 3381 634 3442 ala
647 3384 817 3465 utriusque,
832 3393 895 3443 tam
908 3383 1023 3442 aulicae
1045 3402 1137 3462 quam
1152 3383 1305 3463 posticae,
1324 3382 1414 3432 ΠΜ·

359 3481 419 3541 que
441 3484 547 3543 oram,
571 3465 705 3526 dextram
727 3467 957 3547 sinistramque,
988 3463 1190 3524 revolvebant
1211 3479 1310 3522 versus
1327 3449 1414 3513 solun

358 3553 389 3602 et
409 3565 499 3626 super
519 3547 653 3610 humeris
676 3548 773 3609 infixis
795 3549 909 3608 acubus
917 3558 971 3607 aut
986 3545 1231 3608 traiectislibulis
1240 3533 1415 3604 consertlffll‘

357 3621 437 3706 *[ln
458 3639 561 3690 vetere
573 3653 697 3692 nummo
719 3631 877 3694 estAlexis
896 3630 964 3691 υὸῑιι
978 3630 1068 3690 ᾰ’ωιε
1082 3628 1284 3710 longnerobbe
1295 3627 1416 3686 omma

358 3704 500 3770 l'endroit
518 3712 556 3772 de
574 3715 606 3774 la
621 3715 737 3793 dicite,
759 3714 797 3774 de
810 3713 946 3799 laquelle
965 3713 992 3772 il
1015 3715 1089 3774 aaut
1105 3735 1146 3772 un
1173 3703 1311 3790 νάρθηξ,
1332 3711 1362 3761 ul
1383 3699 1416 3751 ²¹¹

357 3787 411 3848 Du
432 3790 533 3874 Gange
552 3795 591 3858 ad
612 3795 743 3859 loinvill.
775 3818 808 3879 p.
831 3793 944 3880 ²9⁶·l*
997 3796 1103 3878 Longa
1128 3793 1183 3856 illa
1203 3791 1277 3854 roba
1297 3796 1337 3848 etl
1351 3775 1417 3841 Μ’·

355 3879 763 4024 litatlttttt‘tl
780 3871 1417 4024 tmuttb‘ttttlllfdll

347 4055 426 4116 ,mm
445 4041 653 4122 quibusdam,
686 3985 992 4128 quanDmtionl
1020 4043 1202 4106 Leichianae
1221 4040 1260 4101 de
1276 4039 1335 4098 vita
1351 4028 1414 4087 ΟΝ·

355 4122 478 4187 stantiui
498 4124 649 4210 Porphyr.
671 4129 832 4212 praemisi,
857 4132 938 4192 etin
968 4127 1110 4192 omuibus
1126 4146 1222 4210 paene
1238 4169 1248 4204 ,
1267 4119 1413 4205 prtem
