2975 4892
271 283 350 370 10ss
496 311 553 376 io.
584 307 1154 374 ue.au1s111comruurami

351 461 665 548 10.A.1.[15‚17.]
700 462 842 542 sudoris.
882 462 1009 542 Eudyta
1032 470 1080 524 est
1094 471 1179 547 tapes
1195 456 1283 523 altari
1300 463 1352 524 lu-

265 559 396 628 stratus3
426 551 537 610 thecam
555 571 643 632 super
663 549 760 609 aleam
783 546 916 628 appellat
931 546 1076 628 Agnellus
1094 570 1126 630 p.
1152 543 1222 606 108.
1241 557 1272 608 et
1286 547 1354 629 ipsa

265 655 370 716 graeca
387 653 462 693 voce
478 643 593 710 retenta
612 633 777 694 Endotlu'm
793 631 922 711 passim,
950 642 986 690 ut
1007 652 1041 711 p.
1063 632 1131 690 103.
1145 627 1206 690 eol.
1224 651 1266 702 r.,
1293 633 1354 712 qui

265 717 349 778 locus
367 715 570 776 memorabilis
589 727 653 788 est,
683 726 714 774 et
728 725 862 773 meretur
876 726 957 774 totus
971 713 1114 774 adscribi.
1155 714 1242 773 Fecit
1257 713 1354 772 endo·

265 803 338 860 claim
360 821 449 884 arper-
471 798 506 858 S.
527 800 663 858 ecolesma
681 799 824 858 abarim
846 819 888 859 ex
905 818 981 857 mero
998 818 1077 880 puro
1097 817 1163 856 οιιιιι
1181 798 1359 856 staminibus

264 885 363 944 sericis
389 883 587 967 ponderosam
614 883 717 953 ιιίηιὶι,
755 880 886 940 aedium
911 882 1019 940 habeus
1047 901 1183 952 moratu,
1219 892 1249 939 et
1274 881 1361 938 ιἰιιει·

137 1132 141 1138 ’
265 1146 348 1192 rnta:
391 1069 687 1214 Victor'Effiopus
707 1139 767 1191 etc.
809 1128 845 1190 lu
875 1069 986 1198 bodio„
1002 1128 1148 1211 relinquit
1171 1067 1359 1189 Baeeffi

265 1214 305 1274 ad
320 1212 407 1274 illum
425 1212 562 1291 locum,
581 1215 655 1296 quid
675 1215 714 1274 sit
734 1209 836 1272 aredio
850 1235 949 1274 cocco.
990 1212 1122 1272 Videtur
1147 1211 1223 1272 mihi
1253 1208 1358 1289 μεσό-

265 1315 372 1368 κοιιιιος
392 1319 477 1377 esse,
510 1319 588 1380 quae
614 1296 771 1358 inmedio
790 1299 965 1356 coccineum
987 1317 1129 1396 pannum
1149 1294 1265 1372 babet,
1292 1315 1360 1354 un-

264 1380 424 1462 decunque
444 1403 568 1442 auream
587 1391 795 1461 praetextam,
819 1391 856 1440 ut
873 1398 1137 1460 μεσιιιιρφυρος,
1159 1373 1357 1454 μεσόλεικις

264 1473 295 1524 et
312 1463 396 1524 talia.
438 1467 486 1525 De
499 1466 666 1525 mutatione
684 1463 867 1546 endymrum
888 1483 1009 1542 annua,
1033 1472 1089 1522 aut
1104 1463 1137 1523 in
1156 1462 1274 1542 magnis
1291 1461 1360 1522 die·

264 1544 323 1608 bus
339 1547 419 1608 testis
436 1547 535 1625 faeta,
558 1548 657 1608 dicam
675 1546 734 1607 alio
752 1546 830 1607 loco.

327 1627 435 1698 ,Ab
462 1631 531 1715 [15,
551 1630 619 1714 aa]
641 1627 750 1710 ἀέρας.
789 1622 868 1710 ’Aio
889 1639 936 1690 est
957 1627 1137 1709 corporale,
1167 1626 1217 1688 vel
1241 1625 1357 1688 sindon

265 1709 356 1791 alba,
395 1735 457 1794 qua
481 1716 595 1797 tegitur
621 1713 802 1781 sacrificium
824 1711 1074 1772 consecrandum.
1117 1712 1232 1772 v.1)u
1251 1710 1360 1791 Gange

265 1794 365 1874 Gloss.
386 1799 442 1858 Gr.
458 1797 491 1857 h.
512 1818 544 1859 v.
590 1797 670 1857 Hinc
694 1795 793 1856 lucem
814 1797 923 1876 accipit
942 1793 1029 1856 locus
1052 1793 1143 1855 Pauli
1163 1793 1355 1869 silentiari,

264 1877 318 1940 ubi
335 1883 419 1940 varia
435 1883 595 1942 marmoris
614 1901 723 1961 genera
737 1889 895 1940 recenset:

270 1999 281 2028 ·.
351 1959 411 2024 Τὸν
430 1963 490 2040 μὲν
509 1961 588 2024 ἰδεῖν
600 1959 751 2045 (lodberta
765 1959 959 2039 μεμιγμένον
971 1959 1044 2042 ἠέρι
1064 1959 1173 2042 λευκῷ,

344 2039 400 2106 τὸν
422 2043 453 2105 δ’
474 2036 540 2122 ἅμα
560 2043 771 2144 πορφυρέοισι
789 2040 846 2105 καὶ
866 2040 1076 2127 ἀργυφέοισιν
1097 2040 1210 2114 deirae

269 2163 275 2170 ·
346 2121 449 2208 ἁβρὸν
469 2125 742 2206 αἰιαστραπτοντιι.
1085 2133 1088 2136 ’

269 2210 368 2274 umen
387 2232 485 2291 gemo,
508 2211 590 2295 quod
608 2211 748 2296 adspeem
768 2230 883 2270 rosamo
902 2211 994 2289 refiert
1007 2209 1145 2285 colorem,
1165 2211 1277 2293 sparsis
1284 2229 1360 2291 pas-

267 2299 323 2356 sim
342 2294 411 2354 latis
432 2295 556 2355 maridis
577 2296 670 2370 albas,
701 2295 845 2355 smulibus
863 2295 915 2353 illi
926 2293 1048 2353 sindoni
1054 2336 1064 2366 ,
1088 2313 1164 2377 quae
1183 2294 1240 2354 aar
1250 2295 1361 2376 appel·
1424 2353 1428 2357 ,

264 2381 362 2439 lara:
391 2378 517 2438 αἰισηιπι
538 2392 636 2438 aretem
657 2401 748 2459 gemes
757 2377 897 2462 flosculus
914 2378 1075 2460 propat-eir
1094 2389 1125 2436 et
1140 2375 1282 2436 candidis
1299 2373 1361 2434 de-

264 2461 481 2544 licatum-quid
497 2462 697 2562 resplendeas.
738 2461 963 2521 Commemorat
982 2469 1120 2537 nostium
1146 2457 1361 2520 Ceremoniale

263 2539 338 2617 ιούς
357 2537 488 2616 λευκοὸς
508 2534 613 2627 depae.
654 2545 754 2606 Erant
772 2546 854 2604 enim
882 2544 1002 2626 plures,
1033 2541 1204 2624 etquidem
1225 2562 1361 2601 numero

191 2637 194 2654 '
263 2639 325 2689 tres
336 2627 489 2704 sindones,
510 2649 589 2710 quae
602 2629 748 2689 sacrificio
763 2627 1022 2702 insternebantur,
1043 2647 1119 2707 quas
1130 2646 1236 2686 omnes
1245 2625 1361 2686 Noster·

264 2708 363 2791 ἀέρας
382 2711 531 2792 appellat:
562 2723 607 2774 est
630 2715 711 2774 euim
729 2732 841 2772 nomeu
864 2706 928 2791 ἀὴρ
950 2730 1111 2771 commune
1131 2709 1215 2769 omni
1232 2708 1359 2770 sindmi

264 2795 350 2852 tenui
374 2804 405 2853 et
428 2794 622 2875 perspicuae,
657 2793 763 2880 quales
786 2796 888 2856 Latini
918 2793 1039 2854 nesam
1066 2790 1242 2875 appellant,
1272 2791 1362 2852 uude

266 2875 373 2936 Graeci
389 2879 557 2955 promiscue
582 2877 718 2959 νεφέλας
737 2889 768 2938 et
798 2875 896 2955 α’έρας
916 2875 1079 2954 dixeurnt,
1108 2872 1257 2936 vocabula
1279 2873 1363 2936 baec

263 2979 319 3040 piro
343 2957 614 3038 aequipollentibus
635 2960 794 3021 habentes.
837 2960 875 3019 ln
892 2962 992 3040 specie
1014 2970 1118 3019 tamen
1140 2957 1217 3018 solet
1238 2953 1301 3038 ἇὴρ
1323 2971 1364 3018 et

263 3039 378 3122 νεφέλη
399 3039 508 3102 sindon
531 3043 641 3103 extima
667 3043 750 3119 dici,
778 3063 856 3126 quae
883 3042 1017 3124 calycem
1038 3053 1069 3103 et
1089 3042 1207 3102 discum
1220 3051 1259 3102 et
1279 3062 1362 3121 pu)-

227 3111 233 3131 ’
263 3127 364 3204 prium
387 3143 494 3184 eorum
521 3128 631 3206 cuique
661 3137 782 3208 tegmen
810 3124 998 3187 involvebat.
1043 3124 1130 3203 Quae
1160 3125 1200 3186 de
1227 3127 1362 3205 mystica

262 3209 374 3268 horum
409 3205 639 3269 involucrorum
672 3209 888 3291 significatione
918 3211 1190 3270 comminiscuntur
1224 3210 1363 3286 Graeci,

263 3280 1004 3457 apem
1022 3374 1363 3456 .

457 3420 464 3434 ·
662 3421 671 3450 ι

244 3458 295 3514 'in
315 3458 471 3518 ecelesiam
496 3461 621 3520 veniens
648 3461 730 3520 dona
758 3459 890 3520 debebat
913 3458 1042 3531 offerre,
1073 3458 1223 3518 manavit·
1241 3478 1277 3518 ex
1302 3455 1364 3520 illo

263 3541 373 3600 veteris
399 3540 541 3601 eeclesiae
566 3544 724 3621 instituto,
759 3565 823 3625 quo
846 3541 985 3606 soldrant
1008 3540 1113 3602 fideles
1142 3542 1174 3603 iu
1199 3538 1366 3602 ecclesiam

264 3624 418 3683 venientes
439 3624 636 3686 celebrandae
658 3629 878 3688 communionis
898 3628 998 3708 gratia
1019 3624 1173 3706 symbolas
1189 3623 1229 3685 ad
1250 3626 1364 3685 conm-

263 3708 349 3768 vium
374 3707 506 3766 caritatis
538 3705 754 3770 celebrandum
786 3709 895 3771 afferre
921 3720 953 3770 et
977 3710 1010 3768 iu
1036 3708 1193 3770 communi
1220 3727 1362 3788 ponere,

263 3787 366 3871 qualia
394 3791 534 3849 convivia
564 3789 709 3852 collatitio
736 3804 853 3854 veteres
885 3792 994 3874 pagani
1022 3804 1145 3873 quoque
1173 3793 1205 3850 in
1235 3789 1366 3871 templis

122 3873 404 3954 [abstergerent.
449 3873 484 3934 ln
505 3871 616 3934 harum
640 3873 847 3955 symbolarum
863 3875 966 3938 locum
979 3878 1122 3936 successit
1138 3873 1299 3954 deinceps,
1321 3885 1365 3935 ut

265 3957 433 4037 Imperator
457 3955 517 4016 alia
536 3956 616 4020 dona
639 3957 782 4020 ecclesiae
803 3959 908 4037 utilia,
934 3969 970 4018 ut
993 3979 1119 4033 cereos,
1150 3976 1281 4033 numos,
1302 3977 1363 4015 cu·

264 4039 285 4100 d
319 4061 370 4112 as,
393 4038 584 4120 corporalia,
615 4040 712 4102 disens
732 4063 860 4119 aurcos,
887 4041 997 4126 pocula
1016 4061 1109 4102 aurea
1132 4039 1256 4100 offerret
1273 4049 1305 4100 et
1324 4041 1361 4099 iu

265 4123 352 4184 utari
370 4122 534 4204 deponeret
554 4133 624 4182 ante
639 4126 896 4187 consecrationem
912 4145 1069 4186 sacrorum
1083 4124 1246 4182 donorum.
1283 4122 1366 4182 Pro·

266 4216 367 4288 pterea
380 4227 538 4270 eoncesms
552 4209 607 4290 ipsi
619 4210 772 4290 ingressu
787 4211 820 4270 in
835 4208 1014 4284 tribunam,
1036 4205 1090 4270 scd
1104 4207 1366 4296 nou-permissum
