2975 4892
175 313 236 378 so
266 269 492 378 cousrm
522 263 669 377 rosen
698 311 755 375 ns
783 311 1028 378 crum-un·
1049 318 1076 380 ι.
1118 287 1197 402 ¹37
1241 307 1245 314 ·

120 467 249 530 notabat
275 465 376 544 medio
397 487 473 528 aevo
497 485 630 528 reserm
647 465 746 564 fores,
765 469 903 549 aperire,
928 478 969 566 'et
988 477 1093 567 contra
1111 471 1198 558 ψ-

20 701 21 706 .
117 561 473 714 mim-5¹?
491 549 1197 719 ffbissbeimffphbffiass‘fffl

20 709 21 752 ί
115 717 271 794 cesis-rm
294 717 426 776 ωπιανὶα
449 725 506 776 etc.
551 715 833 800 lndefirmmtwn
859 737 915 797 pro
939 737 1025 792 sem,
1058 721 1198 793 chusan,

116 798 261 880 Ugutio:
302 799 523 883 Expectorare,
546 799 699 860 exsolvere
720 791 905 878 [ἅπαλόειη
925 797 1045 880 laxare,
1066 801 1199 886 egerere]

102 883 304 968 finnadrmr
324 887 355 960 α’
361 883 478 968 pectore
496 901 658 940 renrooere.
798 939 807 950 ,

201 965 286 1062 ¹³·.7·
302 961 454 1048 [32‚25.]
483 959 654 1034 συνιόντος.
694 963 824 1026 Mesobe.
854 957 1065 1043 σανιαιίπος,
1098 965 1132 1028 id
1157 977 1202 1030 est

113 1065 341 1117 Μεισωντος.

199 1131 237 1190 Β.
252 1151 284 1212 9.
300 1127 370 1214 [52
385 1128 433 1212 a.]
450 1121 549 1188 ’καθὰ
588 1129 634 1190 M.
654 1123 750 1192 καθὰ.
790 1127 876 1193 Nihil
894 1130 1001 1191 refert.

142 1233 148 1241 ·
200 1213 240 1272 Β.
262 1233 312 1272 ra.
326 1211 394 1294 βᾶ,
410 1213 439 1272 3.
480 1207 500 1290 ἡ
528 1209 588 1270 τοῦ
620 1205 849 1290 romaicum&
880 1211 1074 1289 αραίλεασις.
1112 1214 1201 1300 ’[ῠε

118 1294 175 1358 hnc
193 1293 431 1376 processioneh
520 1295 631 1377 Georg.
656 1294 800 1354 Monacb.
820 1317 851 1378 p.
872 1293 946 1377 548,
970 1295 1041 1379 539.
1084 1299 1120 1359 ln
1134 1321 1202 1382 pro·

117 1381 255 1445 ensium
273 1377 335 1438 disi
356 1377 596 1438 annunciationis
619 1377 659 1440 ad
679 1376 894 1459 Chalcopraten
913 1378 1080 1460 imperator
1100 1383 1201 1444 a'Pa-

118 1461 254 1536 biarche
276 1458 432 1542 prolatrun
450 1463 626 1542 sanguinem
647 1461 771 1521 Domini
788 1463 851 1522 acci
873 1461 952 1522 'ebat
976 1483 1048 1522 curn
1071 1465 1200 1544 basilio,

120 1545 227 1606 foedus
264 1543 448 1617 sanciturus.
498 1545 583 1626 Sym.
620 1541 750 1648 Lopotb.
780 1565 814 1624 p.
842 1485 914 1626 [ip.
964 1539 1202 1625 Είαγγελιαμόν

120 1629 174 1706 τῆς
194 1618 421 1704 ὁπεραμώμαυ
442 1626 604 1702 παρθένου
623 1645 675 1686 και
700 1619 859 1688 &serisso
878 1637 1026 1688 memoret
1045 1629 1200 1713 Anonym
1219 1669 1225 1681 ·

118 1712 150 1771 iu
169 1711 289 1794 script.
364 1709 570 1790 theophan.
591 1729 624 1792 p.
645 1706 751 1790 affl*

201 1793 243 1853 C.
257 1813 289 1852 a.
325 1793 376 1864 35,
389 1790 440 1877 6.]
462 1781 590 1870 ὄργανα.
631 1792 678 1852 De
699 1791 818 1872 organis
835 1811 867 1852 r.
885 1791 938 1852 Du
956 1792 1057 1874 Gange
1072 1789 1107 1852 h.
1119 1793 1156 1852 v.
1173 1805 1205 1854 α

119 1876 240 1957 copiose
264 1875 306 1934 de
326 1872 384 1934 illis
401 1885 538 1958 agentem
546 1876 748 1936 Muratorium
764 1877 804 1936 T.
823 1875 866 1936 11.
884 1875 961 1936 Ant.
987 1875 1058 1936 ital.
1077 1895 1110 1956 p.
1129 1874 1204 1938 356.

119 1981 202 2041 sqq.
248 1957 435 2035 Dubitatur,
462 1957 658 2020 habuerintne
679 1959 786 2021 Graeci
809 1979 923 2040 organa
942 1958 1004 2018 suis
1025 1959 1058 2018 in
1076 1957 1206 2020 muniis

120 2053 150 2102 et
166 2042 275 2102 sacris.
322 2041 358 2100 ln
378 2040 435 2100 hoc
456 2040 578 2124 quidem
598 2041 699 2103 codice
719 2061 782 2102 non
798 2041 921 2102 munini
943 2039 1044 2123 legere
1063 2040 1146 2122 quod
1164 2041 1206 2102 as·

120 2126 232 2185 firmet.
278 2121 357 2182 Nam
376 2144 439 2184 non
464 2129 507 2184 ita
533 2126 651 2204 stringit
673 2135 704 2184 et
732 2124 828 2207 liquet
852 2122 935 2185 locus
954 2146 988 2206 p.
1007 2121 1081 2202 442.
1097 2125 1140 2183 D.
1158 2123 1204 2201 5„

121 2220 157 2268 nt
177 2227 248 2268 rein
266 2206 418 2267 conficiat.
460 2206 612 2268 Dicuntu'r
632 2193 674 2266 ibi
695 2205 750 2284 τῆς
769 2205 861 2278 θείας
881 2207 1076 2289 λειτουργίας
1094 2201 1207 2266 scioe-

124 2289 236 2368 μένης,
256 2292 291 2350 in
316 2288 438 2350 ecclesis
457 2289 571 2368 Phari,
599 2285 679 2366 perci
697 2285 754 2366 τήν
773 2283 949 2372 teporque»
974 2289 1033 2350 τοῦ
1051 2287 1207 2364 μυστικοῦ

125 2367 259 2451 ὀργάνου
287 2391 393 2432 omnes
418 2384 517 2434 vestes
536 2384 663 2434 mutare.
706 2373 775 2436 Non
803 2375 886 2433 enirn
910 2371 1021 2434 dicitur
1046 2371 1089 2432 ibi
1118 2392 1207 2454 orgu-

123 2475 195 2516 unm
220 2457 254 2515 in
272 2453 399 2523 ecclesia
416 2467 514 2530 stare,
545 2467 597 2516 aut
617 2455 728 2516 audiri.
770 2453 899 2516 Stabant
917 2467 1019 2516 antem
1043 2453 1209 2516 munt·-

123 2559 180 2620 que
194 2537 273 2599 talia
292 2545 426 2620 organa,
448 2550 478 2600 et
501 2559 589 2599 usum
604 2539 799 2620 praestabant
817 2539 928 2612 ilium,
955 2558 1048 2619 quern
1069 2539 1102 2596 in
1122 2535 1209 2598 urbi·

123 2621 182 2684 hus
201 2633 235 2682 et
254 2619 334 2681 aulis
350 2619 504 2682 hodiernis
521 2621 671 2682 interdurn
689 2642 854 2702 campanae
877 2630 931 2680 aut
946 2619 1035 2683 nolae
1055 2620 1207 2694 minores,

122 2705 278 2764 interdum
292 2703 384 2763 tubae
402 2715 568 2784 praestant,
593 2704 680 2764 idest
694 2703 929 2764 moderabantur
942 2705 1094 2762 actionum
1109 2701 1211 2764 dictio·

122 2807 239 2848 nurnre
257 2797 412 2847 certarum
426 2797 561 2868 tempora
576 2808 671 2868 eaque
691 2786 884 2859 indicabant,
907 2785 938 2844 in
956 2807 1066 2868 magno
1079 2784 1209 2846 triclinio

121 2870 213 2930 xlx.
235 2869 463 2944 accubitorum,
487 2872 517 2930 in
539 2873 728 2952 Magusum,
750 2871 783 2929 in
802 2869 890 2930 Circo
912 2879 942 2928 et
962 2868 1054 2945 alibi3
1075 2869 1209 2949 saepius·

122 2974 185 3038 que
205 2953 291 3032 apud
314 2953 455 3012 Nostrum
476 2951 616 3013 dicuntur
635 2953 784 3029 exerceri,
806 2972 901 3034 quum
916 2963 969 3012 aut
983 2950 1211 3012 exclamandum

102 3035 242 3118 -populo
262 3036 402 3096 Circensi
421 3039 452 3096 in
467 3035 572 3096 laudes
591 3037 811 3116 imperatorum
831 3047 894 3110 est,
915 3047 970 3096 aut
987 3037 1128 3095 convivio
1146 3034 1212 3093 Au-

122 3120 204 3200 gusti
217 3118 421 3190 ‘assidendum
440 3118 659 3200 surgendumve
680 3119 717 3180 de
744 3140 867 3190 mensa,
897 3129 951 3178 aut
969 3117 1076 3200 legatis
1095 3118 1134 3176 ad
1155 3113 1353 3198 ‹io-HM}

122 3203 246 3262 minum
267 3202 474 3264 accedendum
488 3201 737 3262 recedendumve.
761 3203 803 3261 V.
825 3202 864 3260 ad
884 3222 915 3281 p.
945 3201 1013 3282 167.
1036 3200 1073 3256 C.
1089 3198 1122 3259 6.
1164 3199 1213 3258 lta

122 3306 154 3354 e.
177 3306 206 3344 e.
235 3283 438 3366 Theophanes
454 3307 486 3370 p.
506 3285 579 3344 521.
604 3283 645 3344 A.
662 3285 693 3345 5.
716 3277 928 3361 καβαλλάριαν
947 3274 1028 3358 μετὰ
1051 3279 1148 3358 δοχῆς
1160 3277 1216 3340 καί

87 3389 96 3408 ·
124 3361 276 3446 dpydvmv
297 3377 461 3446 memorat,
490 3377 626 3450 equestre
646 3377 817 3443 certarnen,
851 3368 883 3424 in
899 3385 961 3446 quo
982 3361 1148 3444 Imperator
1165 3383 1215 3427 κ·

123 3463 251 3510 natores
267 3460 307 3509 ¹et
329 3449 470 3512 sactiones
487 3448 668 3532 excipiebat,
693 3470 746 3512 seu
776 3449 892 3529 copiam
912 3449 959 3508 sui
977 3445 1124 3507 adorandi
1146 3465 1214 3527 spe·

123 3534 272 3594 ctandive
290 3531 350 3593 illis
369 3534 469 3608 dabat,
493 3545 523 3594 et
540 3555 651 3615 organa
667 3531 829 3594 sonabant.
871 3531 994 3592 Necesse
1014 3541 1071 3605 est,
1084 3539 1215 3610 utgmn-

124 3617 179 3676 dia·
197 3638 263 3676 non
280 3615 394 3676 suerint
414 3615 465 3678 illa
486 3637 621 3700 organa,
651 3617 704 3677 sed
725 3615 826 3696 quella
845 3635 924 3676 unus
946 3613 1038 3674 homo
1057 3623 1212 3694 portaret,
1312 3675 1318 3684 ,

126 3703 181 3758 ant
206 3699 247 3760 ad
270 3692 423 3758 surhrnum
446 3701 519 3760 duo.
561 3699 649 3759 Patet
673 3720 690 3758 e
714 3697 813 3758 Nostri
835 3718 866 3777 p.
886 3717 958 3780 219.
987 3696 1098 3756 Bjult.
1140 3695 1216 3758 Pas-

127 3785 187 3842 sim
210 3781 325 3842 dieitur
349 3775 500 3858 κροίουσι
520 3775 560 3841 sci
584 3771 723 3860 ὄργανα,
745 3780 794 3841 vel
813 3785 903 3840 etism
922 3773 1070 3854 παίουσι,
1089 3779 1215 3861 pulsan-

125 3879 197 3938 tur,
227 3864 464 3944 velfiriwetur,
494 3863 567 3926 alias
587 3861 733 3924 αὐλοῦσι.
775 3863 846 3940 Quo
867 3864 980 3946 siquis
1007 3861 1039 3920 in
1066 3881 1132 3921 eam
1148 3861 1217 3940 opi·

124 3949 254 4008 nionem
272 3949 394 4024 veniat,
417 3969 471 4028 per
492 3969 605 4029 organa
624 3946 741 4028 pulsata
762 3952 906 4028 tympana
923 3957 953 4006 et
975 3944 1218 4026 ahenotympsna

127 4029 282 4112 intelligi,
305 4051 358 4111 per
378 4029 480 4090 inflata
502 4053 574 4091 vero
595 4029 667 4108 illa,
689 4051 767 4111 quac
786 4051 841 4089 nos
859 4029 961 4089 stricte
983 4026 1112 4088 soiemus
1129 4047 1218 4106 orga-

129 4113 589 4264 ᾘαωῗαιὶξιαωᾟρεῦαἷῐε,
621 4113 732 4260 milcibii'
742 4111 1219 4278 a'dverorfflilpsupitbmrprantppp

143 4239 232 4269 ¹‚.
306 4217 326 4256 o
458 4215 644 4280 enuaque
732 4215 856 4259 ocor
978 4215 997 4257 s
1112 4211 1217 4264 noo,
