2975 4892
294 252 351 357 42
529 273 694 342 1o.nc.
724 275 871 339 nursnn
898 272 1182 341 commortuo
1244 256 1246 264 '

295 432 397 496 eundi.
439 431 709 495 &micheliu
730 428 832 513 Gange
856 426 956 491 Gloss.
977 429 1033 492 Gr.
1116 428 1241 493 .1285.
1263 432 1390 499 &ambos
1457 484 1458 493 ,

294 516 341 588 εἰς
358 508 433 588 τούς
454 512 570 599 pripek
589 505 662 595 ἦτοι
686 506 898 593 βεστιαρίους.
941 512 1056 573 Omnes
1080 514 1087 527 ”
1113 534 1146 575 os
1172 534 1236 577 uno
1256 518 1391 593 nomine

295 596 503 682 complectitur
515 599 606 660 dictio
637 590 669 657 oi
688 593 744 659 eu*
761 591 1046 673 continctrices,
1071 594 1122 659 vel
1149 590 1388 675 ἅλλαξρμάτων.

179 728 183 735 ,
295 683 461 745 vestim
471 683 496 743 si
515 681 791 763 officiumapectes‚
812 676 957 739 deberent
969 678 1091 760 quidem
1106 680 1256 768 spadonea
1270 680 1387 762 fuisse3

293 766 330 826 id
339 776 422 827 certe
438 766 476 827 de
488 764 661 827 hominihus
674 773 877 847 exspectares,
897 761 950 843 qui
961 782 1080 823 sacrum
1092 782 1201 845 corpus
1212 772 1277 860 ιφ
1288 786 1391 848 prope

294 850 515 931 contingerent.
555 848 660 910 Fuisse
681 858 784 907 tamen
801 842 963 923 barbatos,
990 866 1044 907 seu
1065 848 1195 927 integrus
1218 866 1323 926 uiros,
1344 868 1387 909 ex

292 950 332 992 eo
343 943 427 1014 patet
436 932 519 1015 quod
535 951 604 1013 pag.
626 930 680 1009 4¹·
693 931 729 990 Β.
751 930 845 990 nostri
866 927 977 989 codicis
993 924 1232 1007 βεστιτορίσσας
1249 952 1386 991 comme-

293 1019 407 1077 morati
420 1015 520 1093 video,
540 1015 835 1093 cenomannici-run,
853 1022 919 1094 etp.
930 1008 1080 1089 4ι3.Α.4.
1093 1013 1250 1075 vestitores
1256 1012 1388 1095 Syncle-

293 1099 363 1159 ticis
382 1097 556 1181 proceribus
572 1106 832 1173 annumerantur,
852 1115 915 1157 non
927 1092 1068 1155 basilicis.
1110 1092 1195 1177 Ergo
1216 1096 1388 1178 nequibant

293 1180 427 1244 eunuchi
444 1202 518 1243 esse.
558 1180 647 1242 Patet
658 1181 749 1241 etiam
766 1199 801 1239 ex
818 1198 866 1255 eo,
885 1176 968 1260 quod
980 1198 1049 1258 pag.
1068 1176 1135 1260 173.
1150 1175 1266 1258 mult.
1280 1178 1393 1241 dicun.

187 1262 191 1267 ’
293 1272 347 1327 ttu·
359 1268 513 1326 vestitores
526 1275 686 1348 postquam
697 1261 875 1345 Imperatori
887 1259 1077 1341 chlamydem
1099 1259 1388 1343 circumponnssent

157 1367 161 1372 ·
294 1367 331 1407 ex
351 1348 416 1409 eius
433 1358 594 1429 conspectu
612 1345 713 1423 abire,
744 1366 808 1429 quo
825 1344 871 1405 lm

294 1432 436 1512 antiquus
460 1430 500 1491 sit
515 1432 729 1513 Imperatorem
752 1449 854 1491 coram
872 1339 1389 1519 llmlaoiiltuiiilhilrilrllarilimidmgi

294 1524 388 1595 caput
405 1512 542 1590 nudare,
565 1513 649 1595 quod
670 1513 735 1573 fieri
750 1510 860 1591 debet,
883 1512 909 1572 ei
928 1509 1031 1570 demto
1053 1505 1237 1573 camelaucio
1255 1520 1386 1573 sternma

292 1616 347 1656 seu
371 1594 469 1657 infula
490 1595 673 1694 imponenda
692 1606 748 1657 est.
791 1594 857 1655 Hae
881 1595 1038 1655 vestitores
1057 1589 1190 1675 appellat
1214 1592 1386 1655 Cinnamus

292 1698 326 1760 p.
341 1679 393 1740 23.
408 1679 450 1740 A.
491 1698 565 1749 τους
584 1677 639 1740 ent
657 1679 715 1758 τῆς
734 1676 795 1737 τοῦ
813 1674 970 1755 βασιλέως
991 1667 1182 1754 ἁλουργίδες
1204 1667 1384 1757 iuppiter,-

292 1780 364 1821 nam
382 1763 517 1843 ipsorum
529 1759 710 1822 officiumid
729 1780 827 1821 unum
842 1780 936 1843 paene
953 1768 1029 1835 erat,
1053 1767 1089 1816 ut
1102 1778 1286 1840 purpuream
1297 1756 1388 1819 chla-

429 1969 432 1973 ‘
732 1969 743 1999 t
1059 1967 1069 2003 I
1116 1996 1120 2008 .

292 2010 504 2092 imponerent,
534 2031 607 2091 prae
661 2010 695 2069 'ti
712 2028 833 2091 nempe.

375 2092 418 2152 D.
433 2090 465 2170 4.
491 2090 541 2174 [6,
556 2030 724 2175 adpotum»
742 2082 909 2170 μωσαῖκὴν
930 2082 1059 2170 ῥάβδον.
1098 2086 1173 2149 Fuit
1202 2090 1291 2171 uirga
1312 2090 1391 2152 Mo-

291 2175 374 2235 saica
397 2178 477 2235 iuter
495 2171 615 2235 cimelia
640 2175 801 2257 praecipua
826 2173 949 2255 Imperii
967 2172 1106 2251 CPtani,
1139 2182 1174 2232 ut
1193 2183 1276 2255 patet
1297 2194 1386 2234 eca-

291 2256 354 2338 pite
374 2253 446 2318 libri
462 2257 587 2319 secundi
607 2256 855 2340 quadragesimo,
882 2276 944 2337 quo
961 2254 1081 2316 cimelia
1099 2256 1192 2315 variis
1207 2258 1241 2316 in
1256 2256 1387 2319 aedibim

292 2338 415 2401 condita
435 2351 640 2401 recensentur.
682 2340 750 2400 Non
769 2349 864 2421 puto,
897 2339 1029 2399 Graecos
1052 2346 1117 2399 tam
1143 2336 1243 2399 fatuos
1268 2339 1381 2419 fuisse,

292 2432 329 2484 ut
341 2422 515 2500 crederent,
534 2427 629 2505 ipsam
639 2424 756 2505 virgam
764 2422 857 2481 Mosis
870 2420 1082 2481 miraculosam
1094 2440 1126 2479 ee
1140 2419 1271 2481 habere.
1306 2422 1384 2502 Sed,
1457 2484 1458 2487 ,

292 2515 330 2565 ut
347 2504 424 2566 mihi
436 2507 560 2589 quidem
573 2506 715 2583 videtur,
736 2505 874 2565 fecerunt
886 2524 921 2563 ex
939 2514 1065 2585 argento
1086 2522 1200 2565 aurove
1220 2525 1291 2565 cum
1301 2526 1384 2588 gem-

289 2588 348 2649 mIs
369 2589 591 2651 imitamentum
608 2587 690 2649 illius
706 2588 830 2671 virgae,
851 2585 934 2669 quod
953 2588 1071 2669 virgam
1085 2586 1250 2647 Mosaicam
1265 2590 1386 2649 asimi-.
1457 2648 1458 2651 ,

291 2666 421 2733 litudine
434 2672 586 2734 dixerunt.
630 2670 752 2733 Habent
770 2668 872 2731 adhuc
894 2663 1012 2753 virgam
1034 2670 1127 2731 Musis
1149 2669 1284 2748 Romae,
1305 2670 1386 2731 Flo-

290 2756 429 2895 pentiae‚
463 2754 804 2899 VpiepnpessAustriacae
829 2764 876 2898 et8
892 2752 1106 2815 Hanncverae.
1147 2751 1221 2815 Vid.
1250 2750 1384 2819 Keisleri

308 2845 458 2978 melitii..
473 2835 990 3002 2[istil]etiaitsvppiltlall'ucteraiz,
1001 2908 1006 2915 ⁶
1016 2922 1170 3000 oratoria,
1192 2931 1280 2981 erant
1290 2920 1371 2983 racel

290 2998 344 3079 la,
366 3010 430 3061 tam
449 3001 484 3061 in
505 2999 571 3061 eliis
591 2998 741 3080 ecclesiis,
762 3021 854 3083 quam
868 3000 901 3061 in
914 3001 1040 3083 privatis
1058 3002 1184 3064 aedibus
1194 3016 1381 3083 constructa,

290 3082 332 3145 ab
347 3083 499 3165 Episcopo
518 3094 713 3163 consecrata,
741 3082 923 3165 imaginibus
937 3094 975 3145 et
994 3106 1048 3146 ara
1067 3086 1233 3164 instructa,
1263 3090 1297 3149 in
1316 3109 1384 3171 qua
1457 3130 1458 3161 ;

289 3187 376 3227 saera
390 3165 499 3229 licebat
519 3186 682 3249 peragere,
710 3168 839 3248 exceptis
860 3164 967 3229 diebus
986 3168 1068 3229 festis
1085 3168 1260 3231 maioribus.
1302 3170 1383 3231 Vid.

289 3248 343 3310 Du
355 3249 455 3333 Gange
467 3248 519 3313 Gl·
533 3248 589 3310 lat.
603 3269 637 3311 v.
655 3251 817 3311 oratorium
831 3258 862 3309 et
878 3250 1041 3312 orandum.
1082 3250 1116 3313 Si
1136 3253 1169 3312 in
1184 3248 1303 3333 templis
1314 3252 1387 3315 eliis

290 3344 389 3395 essent
410 3332 484 3395 talia
504 3324 671 3414 εὔκτήρια,
701 3344 789 3395 eram
814 3333 894 3393 intra
918 3332 1028 3412 Bema,
1061 3356 1115 3396 seu
1140 3333 1315 3415 tribunam,
1350 3346 1385 3397 et

290 3426 379 3475 erant
398 3414 452 3476 alii
470 3426 574 3477 sauma
593 3415 751 3495 dedicata,
814 3436 864 3477 am
883 3417 934 3479 cui
949 3412 1005 3489 reli
1047 3438 1100 3477 um
1117 3416 1275 3515 templum.
1316 3418 1385 3479 Ex-

290 3494 424 3578 emplum
445 3501 570 3560 oratorii
584 3500 711 3580 privatis
732 3438 877 3577 aelilliue,
899 3510 953 3559 aut
1037 3498 1118 3562 iorlo
1138 3501 1293 3579 adiuncti,
1322 3498 1384 3561 ha-

290 3577 415 3655 bemus,
446 3592 566 3663 praeter
588 3581 674 3642 hunc
698 3592 886 3665 praesentem
909 3580 1030 3661 locum,
1066 3582 1148 3665 apud
1175 3584 1285 3687 Script.
1311 3596 1385 3665 post

289 3661 473 3745 Theophan.
496 3685 530 3746 p.
545 3661 598 3747 89.
613 3664 657 3724 D.
675 3665 721 3743 5.,
748 3665 802 3727 ubi
820 3686 917 3727 unum
938 3664 1189 3748 illudprivatum
1213 3660 1386 3745 ευκτὴριον

290 3743 354 3805 duo
373 3738 519 3825 βήματα,
539 3767 593 3807 seu
611 3746 751 3808 tribunes
767 3770 837 3809 cum
853 3747 946 3810 anilis
966 3747 1078 3810 dicitur
1098 3748 1259 3826 habuisse,
1282 3770 1384 3811 unum

290 3848 346 3908 pro
371 3828 481 3908 B.V.,
506 3828 637 3891 alterum
659 3852 716 3913 pro
733 3831 767 3892 S.
784 3830 932 3893 Michaele
954 3830 1159 3915 Archangelo.
1203 3831 1269 3893 lam
1289 3832 1385 3893 lusti-

290 3910 373 3973 uiani
389 3922 523 3995 tempore
535 3911 609 3974 talia
630 3916 762 3976 oratoria
780 3916 898 3997 privata
916 3917 948 3975 in
961 3936 1020 3977 usu
1039 3926 1136 3977 erant.
1180 3913 1384 3976 Innocentius

287 3994 446 4055 Maroniae
466 3993 610 4078 praesul,
631 3998 773 4079 quicum
790 4019 892 4059 coram
907 3994 1043 4077 audivit,
1065 4000 1098 4059 in
1115 3996 1237 4080 epistola
1250 3996 1289 4057 ad
1301 3995 1385 4057 Thr>

289 4086 401 4137 matem
417 4090 522 4140 narrat
535 4080 599 4139 eius
610 4101 663 4140 oue
675 4079 763 4142 haec.
793 4080 942 4162 Ingressus
957 4102 1021 4142 sum
1031 4084 1065 4143 io
1082 4082 1243 4143 oratorum
1259 4080 1389 4162 gloriosi

290 4159 447 4223 Michaelis
471 4161 668 4244 Archangeli,
707 4164 850 4247 praedest
870 4166 903 4245 ip
930 4164 1049 4227 coctile
1056 4209 1066 4242 ‚
1103 4178 1132 4226 et
1149 4165 1257 4245 iugavi
1283 4162 1389 4223 ἅοιηὺ-
