<?xml version="1.0" encoding="UTF-8"?>
<!DOCTYPE html PUBLIC "-//W3C//DTD XHTML 1.0 Transitional//EN"
    "http://www.w3.org/TR/xhtml1/DTD/xhtml1-transitional.dtd">
<html xmlns="http://www.w3.org/1999/xhtml" xml:lang="en" lang="en">
 <head>
  <title>
</title>
<meta http-equiv="Content-Type" content="text/html;charset=utf-8" />
  <meta name='ocr-system' content='tesseract 3.04.00' />
  <meta name='ocr-capabilities' content='ocr_page ocr_carea ocr_par ocr_line ocrx_word'/>
</head>
<body>
  <div class='ocr_page' id='page_1' title='image "./corpusscriptoru45theogoog/corpusscriptoru45theogoog_0134.png"; bbox 0 0 2975 4892; ppageno 0'>
   <div class='ocr_carea' id='block_1_1' title="bbox 215 332 1202 429">
    <p class='ocr_par' dir='ltr' id='par_1_1' title="bbox 215 332 1202 429">
     <span class='ocr_line' id='line_1_1' title="bbox 215 332 1202 429; baseline -0.011 -2"><span class='ocrx_word' id='word_1_1' title='bbox 215 362 270 429; x_wconf 81' lang='lat' dir='ltr'><strong>m</strong></span> <span class='ocrx_word' id='word_1_2' title='bbox 296 360 525 427; x_wconf 75' lang='lat' dir='ltr'><strong>corcrsru.</strong></span> <span class='ocrx_word' id='word_1_3' title='bbox 547 359 696 425; x_wconf 77' lang='lat' dir='ltr'><strong>roam.</strong></span> <span class='ocrx_word' id='word_1_4' title='bbox 716 360 771 423; x_wconf 72' lang='lat' dir='ltr'><strong>nr,</strong></span> <span class='ocrx_word' id='word_1_5' title='bbox 798 360 934 425; x_wconf 82' lang='lat' dir='ltr'><strong>maru.</strong></span> <span class='ocrx_word' id='word_1_6' title='bbox 958 362 1032 425; x_wconf 86' lang='lat' dir='ltr'><strong>un</strong></span> <span class='ocrx_word' id='word_1_7' title='bbox 1059 364 1085 425; x_wconf 89' lang='lat' dir='ltr'><strong>r.</strong></span> <span class='ocrx_word' id='word_1_8' title='bbox 1124 332 1202 418; x_wconf 77' lang='lat'><strong>125</strong></span> 
     </span>
    </p>
   </div>
   <div class='ocr_carea' id='block_1_2' title="bbox 114 513 1205 681">
    <p class='ocr_par' dir='ltr' id='par_1_2' title="bbox 114 513 1205 681">
     <span class='ocr_line' id='line_1_2' title="bbox 114 513 1205 592; baseline -0.002 -13"><span class='ocrx_word' id='word_1_9' title='bbox 114 540 173 579; x_wconf 84' lang='lat' dir='ltr'><strong>nos</strong></span> <span class='ocrx_word' id='word_1_10' title='bbox 192 517 330 592; x_wconf 77' lang='lat' dir='ltr'><strong>seilicet3</strong></span> <span class='ocrx_word' id='word_1_11' title='bbox 373 514 533 576; x_wconf 80' lang='lat' dir='ltr'><strong>videamus</strong></span> <span class='ocrx_word' id='word_1_12' title='bbox 551 524 585 575; x_wconf 82' lang='lat' dir='ltr'><strong>te</strong></span> <span class='ocrx_word' id='word_1_13' title='bbox 602 513 721 576; x_wconf 76' lang='lat' dir='ltr'><strong>salvum</strong></span> <span class='ocrx_word' id='word_1_14' title='bbox 742 525 772 575; x_wconf 88' lang='lat' dir='ltr'><strong>et</strong></span> <span class='ocrx_word' id='word_1_15' title='bbox 792 513 910 575; x_wconf 81' lang='lat' dir='ltr'><strong>felicem</strong></span> <span class='ocrx_word' id='word_1_16' title='bbox 922 557 935 591; x_wconf 45' lang='grc' dir='ltr'><strong>,ι</strong></span> <span class='ocrx_word' id='word_1_17' title='bbox 952 514 1038 577; x_wconf 81' lang='lat' dir='ltr'><strong>bonis</strong></span> <span class='ocrx_word' id='word_1_18' title='bbox 1058 519 1091 577; x_wconf 82' lang='lat' dir='ltr'><strong>in</strong></span> <span class='ocrx_word' id='word_1_19' title='bbox 1110 518 1205 577; x_wconf 88' lang='lat' dir='ltr'><strong>omni·</strong></span> 
     </span>
     <span class='ocr_line' id='line_1_3' title="bbox 114 596 1203 681; baseline -0.003 -17"><span class='ocrx_word' id='word_1_20' title='bbox 114 603 186 665; x_wconf 68' lang='lat' dir='ltr'><strong>bers.</strong></span> <span class='ocrx_word' id='word_1_21' title='bbox 228 600 311 679; x_wconf 86' lang='lat' dir='ltr'><strong>Vel,</strong></span> <span class='ocrx_word' id='word_1_22' title='bbox 332 600 360 659; x_wconf 85' lang='lat' dir='ltr'><strong>si</strong></span> <span class='ocrx_word' id='word_1_23' title='bbox 381 620 418 659; x_wconf 81' lang='lat' dir='ltr'><strong>ea</strong></span> <span class='ocrx_word' id='word_1_24' title='bbox 438 597 568 659; x_wconf 75' lang='lat' dir='ltr'><strong>formula</strong></span> <span class='ocrx_word' id='word_1_25' title='bbox 588 618 704 659; x_wconf 86' lang='lat' dir='ltr'><strong>novum</strong></span> <span class='ocrx_word' id='word_1_26' title='bbox 723 596 813 658; x_wconf 84' lang='lat' dir='ltr'><strong>alicui</strong></span> <span class='ocrx_word' id='word_1_27' title='bbox 835 618 946 659; x_wconf 85' lang='lat' dir='ltr'><strong>munus</strong></span> <span class='ocrx_word' id='word_1_28' title='bbox 966 598 1203 681; x_wconf 80' lang='lat' dir='ltr'><strong>gratularentur,</strong></span> 
     </span>
    </p>
   </div>
   <div class='ocr_carea' id='block_1_3' title="bbox 3 678 1203 766">
    <p class='ocr_par' dir='ltr' id='par_1_3' title="bbox 3 678 1203 766">
     <span class='ocr_line' id='line_1_4' title="bbox 3 678 1203 766; baseline -0.002 -21"><span class='ocrx_word' id='word_1_29' title='bbox 3 717 4 754; x_wconf 47' lang='grc' dir='ltr'>ι</span> <span class='ocrx_word' id='word_1_30' title='bbox 116 685 265 766; x_wconf 79' lang='lat' dir='ltr'><strong>ngniiieat</strong></span> <span class='ocrx_word' id='word_1_31' title='bbox 283 684 357 743; x_wconf 80' lang='lat' dir='ltr'><strong>berre</strong></span> <span class='ocrx_word' id='word_1_32' title='bbox 386 684 524 756; x_wconf 70' lang='lat' dir='ltr'><strong>veneni,</strong></span> <span class='ocrx_word' id='word_1_33' title='bbox 552 680 649 741; x_wconf 71' lang='lat' dir='ltr'><strong>husto</strong></span> <span class='ocrx_word' id='word_1_34' title='bbox 675 680 753 765; x_wconf 83' lang='lat' dir='ltr'><strong>pede</strong></span> <span class='ocrx_word' id='word_1_35' title='bbox 782 678 871 743; x_wconf 82' lang='lat' dir='ltr'><strong>adeas</strong></span> <span class='ocrx_word' id='word_1_36' title='bbox 903 682 942 741; x_wconf 84' lang='lat' dir='ltr'><strong>ad</strong></span> <span class='ocrx_word' id='word_1_37' title='bbox 972 682 1055 743; x_wconf 87' lang='lat' dir='ltr'><strong>illam</strong></span> <span class='ocrx_word' id='word_1_38' title='bbox 1075 683 1203 765; x_wconf 73' lang='lat' dir='ltr'><strong>dignita·</strong></span> 
     </span>
    </p>
   </div>
   <div class='ocr_carea' id='block_1_4' title="bbox 113 763 1206 1683">
    <p class='ocr_par' dir='ltr' id='par_1_4' title="bbox 113 763 1206 1683">
     <span class='ocr_line' id='line_1_5' title="bbox 113 763 1204 846; baseline -0.001 -18"><span class='ocrx_word' id='word_1_39' title='bbox 113 778 188 828; x_wconf 86' lang='lat' dir='ltr'><strong>tem.</strong></span> <span class='ocrx_word' id='word_1_40' title='bbox 232 768 284 827; x_wconf 87' lang='lat' dir='ltr'><strong>Sic</strong></span> <span class='ocrx_word' id='word_1_41' title='bbox 302 785 386 827; x_wconf 83' lang='lat' dir='ltr'><strong>novo</strong></span> <span class='ocrx_word' id='word_1_42' title='bbox 404 765 532 846; x_wconf 78' lang='lat' dir='ltr'><strong>patricio</strong></span> <span class='ocrx_word' id='word_1_43' title='bbox 551 763 693 824; x_wconf 74' lang='lat' dir='ltr'><strong>dicebant</strong></span> <span class='ocrx_word' id='word_1_44' title='bbox 710 776 846 843; x_wconf 80' lang='lat' dir='ltr'><strong>veteres,</strong></span> <span class='ocrx_word' id='word_1_45' title='bbox 877 767 939 825; x_wconf 86' lang='lat' dir='ltr'><strong>iam</strong></span> <span class='ocrx_word' id='word_1_46' title='bbox 958 764 1036 827; x_wconf 87' lang='lat' dir='ltr'><strong>colle</strong></span> <span class='ocrx_word' id='word_1_47' title='bbox 1055 786 1108 827; x_wconf 81' lang='lat' dir='ltr'><strong>ae:</strong></span> <span class='ocrx_word' id='word_1_48' title='bbox 1142 766 1204 827; x_wconf 86' lang='lat' dir='ltr'><strong>Be-</strong></span> 
     </span>
     <span class='ocr_line' id='line_1_6' title="bbox 113 788 1200 929; baseline -0.005 -18"><span class='ocrx_word' id='word_1_49' title='bbox 113 873 151 911; x_wconf 75' lang='lat' dir='ltr'><strong>ne</strong></span> <span class='ocrx_word' id='word_1_50' title='bbox 172 852 318 923; x_wconf 67' lang='lat' dir='ltr'><strong>wamhs,</strong></span> <span class='ocrx_word' id='word_1_51' title='bbox 340 848 462 909; x_wconf 62' lang='lat' dir='ltr'><strong>donatae</strong></span> <span class='ocrx_word' id='word_1_52' title='bbox 481 849 616 909; x_wconf 81' lang='lat' dir='ltr'><strong>Patn&#39;oie</strong></span> <span class='ocrx_word' id='word_1_53' title='bbox 641 858 699 907; x_wconf 86' lang='lat' dir='ltr'><strong>etc.</strong></span> <span class='ocrx_word' id='word_1_54' title='bbox 742 848 783 909; x_wconf 93' lang='lat' dir='ltr'><strong>V.</strong></span> <span class='ocrx_word' id='word_1_55' title='bbox 806 848 857 907; x_wconf 85' lang='lat' dir='ltr'><strong>Du</strong></span> <span class='ocrx_word' id='word_1_56' title='bbox 878 848 982 929; x_wconf 84' lang='lat' dir='ltr'><strong>Gange</strong></span> <span class='ocrx_word' id='word_1_57' title='bbox 1010 788 1108 909; x_wconf 78' lang='lat' dir='ltr'><strong>Gloss.</strong></span> <span class='ocrx_word' id='word_1_58' title='bbox 1132 849 1200 908; x_wconf 85' lang='lat' dir='ltr'><strong>Lat.</strong></span> 
     </span>
     <span class='ocr_line' id='line_1_7' title="bbox 113 926 1206 1013; baseline -0.003 -19"><span class='ocrx_word' id='word_1_59' title='bbox 113 934 197 994; x_wconf 81' lang='lat' dir='ltr'><strong>Infra</strong></span> <span class='ocrx_word' id='word_1_60' title='bbox 224 936 259 993; x_wconf 92' lang='lat' dir='ltr'><strong>in</strong></span> <span class='ocrx_word' id='word_1_61' title='bbox 277 933 405 991; x_wconf 84' lang='lat' dir='ltr'><strong>Tactioo</strong></span> <span class='ocrx_word' id='word_1_62' title='bbox 435 942 540 991; x_wconf 78' lang='lat' dir='ltr'><strong>nostro</strong></span> <span class='ocrx_word' id='word_1_63' title='bbox 566 928 688 990; x_wconf 80' lang='lat' dir='ltr'><strong>militari</strong></span> <span class='ocrx_word' id='word_1_64' title='bbox 708 931 875 992; x_wconf 77' lang='lat' dir='ltr'><strong>acclamant</strong></span> <span class='ocrx_word' id='word_1_65' title='bbox 895 926 1005 991; x_wconf 83' lang='lat' dir='ltr'><strong>milites</strong></span> <span class='ocrx_word' id='word_1_66' title='bbox 1026 931 1206 1013; x_wconf 82' lang='lat' dir='ltr'><strong>imperatori</strong></span> 
     </span>
     <span class='ocr_line' id='line_1_8' title="bbox 113 1003 1206 1095; baseline -0.002 -18"><span class='ocrx_word' id='word_1_67' title='bbox 113 1020 146 1077; x_wconf 88' lang='lat' dir='ltr'><strong>in</strong></span> <span class='ocrx_word' id='word_1_68' title='bbox 165 1026 266 1077; x_wconf 80' lang='lat' dir='ltr'><strong>castra</strong></span> <span class='ocrx_word' id='word_1_69' title='bbox 286 1016 432 1081; x_wconf 84' lang='lat' dir='ltr'><strong>venienti:</strong></span> <span class='ocrx_word' id='word_1_70' title='bbox 453 1013 557 1083; x_wconf 75' lang='grc' dir='ltr'><strong><em>καλῶς</em></strong></span> <span class='ocrx_word' id='word_1_71' title='bbox 576 1003 706 1091; x_wconf 65' lang='grc' dir='ltr'><strong>ἤλθετε,</strong></span> <span class='ocrx_word' id='word_1_72' title='bbox 729 1025 760 1074; x_wconf 86' lang='lat' dir='ltr'><strong>et</strong></span> <span class='ocrx_word' id='word_1_73' title='bbox 785 1012 858 1073; x_wconf 83' lang='lat' dir='ltr'><strong>alibi</strong></span> <span class='ocrx_word' id='word_1_74' title='bbox 878 1016 990 1095; x_wconf 83' lang='lat' dir='ltr'><strong>possim</strong></span> <span class='ocrx_word' id='word_1_75' title='bbox 1011 1016 1043 1075; x_wconf 92' lang='lat' dir='ltr'><strong>in</strong></span> <span class='ocrx_word' id='word_1_76' title='bbox 1064 1014 1154 1074; x_wconf 91' lang='lat' dir='ltr'><strong>Circo</strong></span> <span class='ocrx_word' id='word_1_77' title='bbox 1175 1025 1206 1075; x_wconf 86' lang='lat' dir='ltr'><strong>et</strong></span> 
     </span>
     <span class='ocr_line' id='line_1_9' title="bbox 113 1086 1205 1179; baseline -0.001 -20"><span class='ocrx_word' id='word_1_78' title='bbox 113 1102 149 1159; x_wconf 90' lang='lat' dir='ltr'><strong>in</strong></span> <span class='ocrx_word' id='word_1_79' title='bbox 160 1099 293 1161; x_wconf 82' lang='lat' dir='ltr'><strong>eeclesiis</strong></span> <span class='ocrx_word' id='word_1_80' title='bbox 306 1097 454 1179; x_wconf 76' lang='lat' dir='ltr'><strong>populus:</strong></span> <span class='ocrx_word' id='word_1_81' title='bbox 468 1096 570 1168; x_wconf 73' lang='grc' dir='ltr'><strong><em>καλῶς</em></strong></span> <span class='ocrx_word' id='word_1_82' title='bbox 584 1086 723 1178; x_wconf 51' lang='lat' dir='ltr'><strong>diherst}</strong></span> <span class='ocrx_word' id='word_1_83' title='bbox 742 1091 880 1177; x_wconf 71' lang='grc' dir='ltr'><em>προβολή</em></span> <span class='ocrx_word' id='word_1_84' title='bbox 896 1096 953 1176; x_wconf 82' lang='grc' dir='ltr'><strong>τῆς</strong></span> <span class='ocrx_word' id='word_1_85' title='bbox 971 1090 1109 1178; x_wconf 75' lang='grc' dir='ltr'><strong>τριάδος.</strong></span> <span class='ocrx_word' id='word_1_86' title='bbox 1129 1096 1205 1158; x_wconf 90' lang='lat' dir='ltr'><strong>Pot-</strong></span> 
     </span>
     <span class='ocr_line' id='line_1_10' title="bbox 115 1178 1206 1264; baseline -0.002 -21"><span class='ocrx_word' id='word_1_87' title='bbox 115 1194 161 1243; x_wconf 88' lang='lat' dir='ltr'><strong>est</strong></span> <span class='ocrx_word' id='word_1_88' title='bbox 191 1202 317 1264; x_wconf 77' lang='lat' dir='ltr'><strong>quoque</strong></span> <span class='ocrx_word' id='word_1_89' title='bbox 334 1180 421 1241; x_wconf 80' lang='lat' dir='ltr'>reddi</span> <span class='ocrx_word' id='word_1_90' title='bbox 444 1181 514 1240; x_wconf 82' lang='lat' dir='ltr'><strong>bene</strong></span> <span class='ocrx_word' id='word_1_91' title='bbox 529 1182 711 1262; x_wconf 71' lang='lat' dir='ltr'><strong><em>provenias,</em></strong></span> <span class='ocrx_word' id='word_1_92' title='bbox 745 1178 795 1239; x_wconf 86' lang='lat' dir='ltr'><strong>vel</strong></span> <span class='ocrx_word' id='word_1_93' title='bbox 821 1183 992 1263; x_wconf 70' lang='lat' dir='ltr'><strong>peruenias.</strong></span> <span class='ocrx_word' id='word_1_94' title='bbox 1035 1181 1206 1241; x_wconf 71' lang='lat' dir='ltr'><strong>provenire</strong></span> 
     </span>
     <span class='ocr_line' id='line_1_11' title="bbox 116 1262 1205 1349; baseline -0.004 -22"><span class='ocrx_word' id='word_1_95' title='bbox 116 1278 147 1327; x_wconf 85' lang='lat' dir='ltr'><strong>et</strong></span> <span class='ocrx_word' id='word_1_96' title='bbox 159 1268 326 1349; x_wconf 62' lang='lat' dir='ltr'><strong>perrenae</strong></span> <span class='ocrx_word' id='word_1_97' title='bbox 337 1265 441 1323; x_wconf 84' lang='lat' dir='ltr'><strong>Latini</strong></span> <span class='ocrx_word' id='word_1_98' title='bbox 461 1263 613 1345; x_wconf 70' lang='lat' dir='ltr'><strong>aequiores</strong></span> <span class='ocrx_word' id='word_1_99' title='bbox 635 1262 775 1323; x_wconf 88' lang='lat' dir='ltr'><strong>dicebant</strong></span> <span class='ocrx_word' id='word_1_100' title='bbox 785 1284 841 1345; x_wconf 92' lang='lat' dir='ltr'><strong>pro</strong></span> <span class='ocrx_word' id='word_1_101' title='bbox 855 1262 934 1333; x_wconf 73' lang='lat' dir='ltr'><strong>laeto</strong></span> <span class='ocrx_word' id='word_1_102' title='bbox 956 1282 1079 1324; x_wconf 78' lang='lat' dir='ltr'><strong>suarum</strong></span> <span class='ocrx_word' id='word_1_103' title='bbox 1098 1282 1205 1324; x_wconf 87' lang='lat' dir='ltr'><strong>rerum</strong></span> 
     </span>
     <span class='ocr_line' id='line_1_12' title="bbox 115 1344 1205 1430; baseline -0.001 -20"><span class='ocrx_word' id='word_1_104' title='bbox 115 1370 256 1410; x_wconf 66' lang='lat' dir='ltr'><strong>necessu</strong></span> <span class='ocrx_word' id='word_1_105' title='bbox 276 1347 429 1430; x_wconf 79' lang='lat' dir='ltr'><strong>gaudere,</strong></span> <span class='ocrx_word' id='word_1_106' title='bbox 459 1346 498 1407; x_wconf 83' lang='lat' dir='ltr'><strong>ed</strong></span> <span class='ocrx_word' id='word_1_107' title='bbox 519 1346 632 1406; x_wconf 83' lang='lat' dir='ltr'><strong>lautam</strong></span> <span class='ocrx_word' id='word_1_108' title='bbox 659 1344 812 1409; x_wconf 81' lang='lat' dir='ltr'><strong>fortunam</strong></span> <span class='ocrx_word' id='word_1_109' title='bbox 831 1347 1008 1427; x_wconf 85' lang='lat' dir='ltr'><strong>pervenire,</strong></span> <span class='ocrx_word' id='word_1_110' title='bbox 1038 1350 1087 1425; x_wconf 85' lang='lat' dir='ltr'><strong>(v.</strong></span> <span class='ocrx_word' id='word_1_111' title='bbox 1111 1346 1205 1429; x_wconf 79' lang='lat' dir='ltr'><strong>Sper·</strong></span> 
     </span>
     <span class='ocr_line' id='line_1_13' title="bbox 115 1428 1201 1511; baseline -0.004 -18"><span class='ocrx_word' id='word_1_112' title='bbox 115 1436 189 1493; x_wconf 79' lang='lat' dir='ltr'><strong>sian.</strong></span> <span class='ocrx_word' id='word_1_113' title='bbox 211 1434 275 1492; x_wconf 85' lang='lat' dir='ltr'><strong>fine</strong></span> <span class='ocrx_word' id='word_1_114' title='bbox 295 1452 364 1511; x_wconf 86' lang='lat' dir='ltr'><strong>cap.</strong></span> <span class='ocrx_word' id='word_1_115' title='bbox 392 1452 418 1489; x_wconf 89' lang='lat' dir='ltr'><strong>r.</strong></span> <span class='ocrx_word' id='word_1_116' title='bbox 442 1429 597 1490; x_wconf 84' lang='lat' dir='ltr'><strong>Pescennii</strong></span> <span class='ocrx_word' id='word_1_117' title='bbox 619 1428 724 1511; x_wconf 77' lang='lat' dir='ltr'><strong>Nigri,</strong></span> <span class='ocrx_word' id='word_1_118' title='bbox 759 1440 790 1490; x_wconf 83' lang='lat' dir='ltr'><strong>ct</strong></span> <span class='ocrx_word' id='word_1_119' title='bbox 809 1448 887 1511; x_wconf 87' lang='lat' dir='ltr'><strong>quae</strong></span> <span class='ocrx_word' id='word_1_120' title='bbox 910 1430 942 1488; x_wconf 93' lang='lat' dir='ltr'><strong>in</strong></span> <span class='ocrx_word' id='word_1_121' title='bbox 964 1428 1091 1489; x_wconf 85' lang='lat' dir='ltr'><strong>Miscell.</strong></span> <span class='ocrx_word' id='word_1_122' title='bbox 1116 1430 1201 1509; x_wconf 81' lang='lat' dir='ltr'><strong>Lips.</strong></span> 
     </span>
     <span class='ocr_line' id='line_1_14' title="bbox 118 1511 1204 1595; baseline -0.001 -20"><span class='ocrx_word' id='word_1_123' title='bbox 118 1516 154 1575; x_wconf 83' lang='lat' dir='ltr'><strong>ad</strong></span> <span class='ocrx_word' id='word_1_124' title='bbox 165 1515 244 1576; x_wconf 89' lang='lat' dir='ltr'><strong>illud</strong></span> <span class='ocrx_word' id='word_1_125' title='bbox 261 1511 475 1575; x_wconf 83' lang='lat' dir='ltr'><strong>Trimalcionis</strong></span> <span class='ocrx_word' id='word_1_126' title='bbox 487 1512 672 1574; x_wconf 85' lang='lat' dir='ltr'><strong>Petroniani:</strong></span> <span class='ocrx_word' id='word_1_127' title='bbox 694 1515 765 1573; x_wconf 76' lang='lat' dir='ltr'><strong>sau&#39;s</strong></span> <span class='ocrx_word' id='word_1_128' title='bbox 783 1512 870 1575; x_wconf 81' lang='lat' dir='ltr'><strong>uiuus</strong></span> <span class='ocrx_word' id='word_1_129' title='bbox 889 1529 1054 1595; x_wconf 73' lang='lat' dir='ltr'><strong>pertenere</strong></span> <span class='ocrx_word' id='word_1_130' title='bbox 1074 1515 1204 1595; x_wconf 78' lang='lat' dir='ltr'><strong>notavi.)</strong></span> 
     </span>
     <span class='ocr_line' id='line_1_15' title="bbox 117 1593 804 1683; baseline -0.006 -22"><span class='ocrx_word' id='word_1_131' title='bbox 117 1599 181 1661; x_wconf 87' lang='lat' dir='ltr'><strong>lmo</strong></span> <span class='ocrx_word' id='word_1_132' title='bbox 200 1602 269 1683; x_wconf 77' lang='lat' dir='ltr'><strong>ipse</strong></span> <span class='ocrx_word' id='word_1_133' title='bbox 290 1599 353 1658; x_wconf 88' lang='lat' dir='ltr'><strong>iam</strong></span> <span class='ocrx_word' id='word_1_134' title='bbox 372 1595 519 1680; x_wconf 80' lang='lat' dir='ltr'><strong>Virgilius</strong></span> <span class='ocrx_word' id='word_1_135' title='bbox 538 1594 647 1679; x_wconf 79' lang='lat' dir='ltr'><strong>Eclog.</strong></span> <span class='ocrx_word' id='word_1_136' title='bbox 670 1593 725 1656; x_wconf 78' lang='lat' dir='ltr'><strong>[X.</strong></span> <span class='ocrx_word' id='word_1_137' title='bbox 751 1616 804 1659; x_wconf 66' lang='lat' dir='ltr'><strong>m:</strong></span> 
     </span>
    </p>
   </div>
   <div class='ocr_carea' id='block_1_5' title="bbox 118 1726 1212 3511">
    <p class='ocr_par' dir='ltr' id='par_1_5' title="bbox 118 1726 1212 3511">
     <span class='ocr_line' id='line_1_16' title="bbox 247 1726 1205 1814; baseline 0 -25"><span class='ocrx_word' id='word_1_138' title='bbox 247 1729 279 1789; x_wconf 93' lang='lat'><em>0</em></span> <span class='ocrx_word' id='word_1_139' title='bbox 298 1728 437 1811; x_wconf 66' lang='lat' dir='ltr'><strong>Lycida,</strong></span> <span class='ocrx_word' id='word_1_140' title='bbox 470 1731 538 1790; x_wconf 82' lang='lat' dir='ltr'><strong>vivi</strong></span> <span class='ocrx_word' id='word_1_141' title='bbox 561 1730 755 1814; x_wconf 80' lang='lat' dir='ltr'><strong>pervenimus</strong></span> <span class='ocrx_word' id='word_1_142' title='bbox 788 1727 845 1813; x_wconf 88' lang='lat' dir='ltr'><strong>[eo</strong></span> <span class='ocrx_word' id='word_1_143' title='bbox 874 1726 1046 1814; x_wconf 84' lang='lat' dir='ltr'><strong>praeclarae</strong></span> <span class='ocrx_word' id='word_1_144' title='bbox 1066 1726 1205 1789; x_wconf 77' lang='lat' dir='ltr'><strong>formnse</strong></span> 
     </span>
     <span class='ocr_line' id='line_1_17' title="bbox 410 1810 843 1895; baseline 0 -22"><span class='ocrx_word' id='word_1_145' title='bbox 410 1810 565 1895; x_wconf 82' lang='lat' dir='ltr'><strong>scilicet]‚</strong></span> <span class='ocrx_word' id='word_1_146' title='bbox 590 1811 710 1871; x_wconf 74' lang='lat' dir='ltr'><strong>aclverro</strong></span> <span class='ocrx_word' id='word_1_147' title='bbox 729 1816 843 1892; x_wconf 83' lang='lat' dir='ltr'><strong>nostri,</strong></span> 
     </span>
     <span class='ocr_line' id='line_1_18' title="bbox 242 1894 1181 2062; baseline -0.005 -20"><span class='ocrx_word' id='word_1_148' title='bbox 242 1897 960 2062; x_wconf 52' lang='lat' dir='ltr'><strong>bffmwmfflfmieffliffii</strong></span> <span class='ocrx_word' id='word_1_149' title='bbox 968 1894 1076 2039; x_wconf 62' lang='lat' dir='ltr'><strong>tili.</strong></span> <span class='ocrx_word' id='word_1_150' title='bbox 1179 1966 1181 1971; x_wconf 69' lang='grc'>’</span> 
     </span>
     <span class='ocr_line' id='line_1_19' title="bbox 118 2088 1206 2180; baseline -0.003 -20"><span class='ocrx_word' id='word_1_151' title='bbox 118 2096 212 2160; x_wconf 86' lang='lat' dir='ltr'><strong>Unde</strong></span> <span class='ocrx_word' id='word_1_152' title='bbox 233 2094 346 2157; x_wconf 85' lang='lat' dir='ltr'><strong>Franci</strong></span> <span class='ocrx_word' id='word_1_153' title='bbox 375 2099 564 2160; x_wconf 83' lang='lat' dir='ltr'><strong>retinuerunt</strong></span> <span class='ocrx_word' id='word_1_154' title='bbox 592 2116 680 2157; x_wconf 88' lang='lat' dir='ltr'><strong>suum</strong></span> <span class='ocrx_word' id='word_1_155' title='bbox 693 2088 859 2180; x_wconf 52' lang='lat' dir='ltr'><strong>persenit.</strong></span> <span class='ocrx_word' id='word_1_156' title='bbox 888 2096 937 2156; x_wconf 90' lang='lat' dir='ltr'><strong>cui</strong></span> <span class='ocrx_word' id='word_1_157' title='bbox 967 2094 1129 2178; x_wconf 79' lang='lat' dir='ltr'><strong>respondet</strong></span> <span class='ocrx_word' id='word_1_158' title='bbox 1148 2116 1206 2157; x_wconf 83' lang='lat' dir='ltr'><strong>no·</strong></span> 
     </span>
     <span class='ocr_line' id='line_1_20' title="bbox 118 2172 1206 2262; baseline -0.001 -20"><span class='ocrx_word' id='word_1_159' title='bbox 118 2194 216 2242; x_wconf 87' lang='lat' dir='ltr'><strong>strum</strong></span> <span class='ocrx_word' id='word_1_160' title='bbox 223 2181 444 2261; x_wconf 73' lang='lat' dir='ltr'><strong>fhrtlrommen,</strong></span> <span class='ocrx_word' id='word_1_161' title='bbox 466 2182 510 2239; x_wconf 86' lang='lat' dir='ltr'><strong>ita</strong></span> <span class='ocrx_word' id='word_1_162' title='bbox 534 2199 655 2262; x_wconf 89' lang='lat' dir='ltr'><strong>quoque</strong></span> <span class='ocrx_word' id='word_1_163' title='bbox 668 2181 775 2240; x_wconf 84' lang='lat' dir='ltr'><strong>Graeci</strong></span> <span class='ocrx_word' id='word_1_164' title='bbox 796 2178 934 2261; x_wconf 80' lang='lat' dir='ltr'><strong>vulgares</strong></span> <span class='ocrx_word' id='word_1_165' title='bbox 955 2172 1110 2259; x_wconf 72' lang='grc' dir='ltr'><strong><em>ἔρχεσθαι</em></strong></span> <span class='ocrx_word' id='word_1_166' title='bbox 1129 2180 1206 2241; x_wconf 88' lang='lat' dir='ltr'><strong>dioe-</strong></span> 
     </span>
     <span class='ocr_line' id='line_1_21' title="bbox 119 2261 1208 2347; baseline -0.002 -22"><span class='ocrx_word' id='word_1_167' title='bbox 119 2264 195 2325; x_wconf 76' lang='lat' dir='ltr'><strong>bant</strong></span> <span class='ocrx_word' id='word_1_168' title='bbox 215 2285 275 2347; x_wconf 89' lang='lat' dir='ltr'><strong>pro</strong></span> <span class='ocrx_word' id='word_1_169' title='bbox 295 2266 360 2324; x_wconf 83' lang='lat' dir='ltr'><strong>vita</strong></span> <span class='ocrx_word' id='word_1_170' title='bbox 378 2274 409 2323; x_wconf 89' lang='lat' dir='ltr'><strong>et</strong></span> <span class='ocrx_word' id='word_1_171' title='bbox 428 2263 570 2341; x_wconf 75' lang='lat' dir='ltr'><strong>fortuna,</strong></span> <span class='ocrx_word' id='word_1_172' title='bbox 590 2264 767 2343; x_wconf 85' lang='lat' dir='ltr'><strong>praesertim</strong></span> <span class='ocrx_word' id='word_1_173' title='bbox 786 2261 887 2339; x_wconf 83' lang='lat' dir='ltr'><strong>bona,</strong></span> <span class='ocrx_word' id='word_1_174' title='bbox 917 2262 998 2339; x_wconf 84' lang='lat' dir='ltr'><strong>frui,</strong></span> <span class='ocrx_word' id='word_1_175' title='bbox 1032 2274 1068 2323; x_wconf 89' lang='lat' dir='ltr'><strong>ut</strong></span> <span class='ocrx_word' id='word_1_176' title='bbox 1088 2272 1208 2325; x_wconf 81' lang='lat' dir='ltr'><strong>constat</strong></span> 
     </span>
     <span class='ocr_line' id='line_1_22' title="bbox 120 2342 1207 2428; baseline -0.002 -21"><span class='ocrx_word' id='word_1_177' title='bbox 120 2370 153 2407; x_wconf 84' lang='lat' dir='ltr'><strong>er</strong></span> <span class='ocrx_word' id='word_1_178' title='bbox 181 2344 384 2428; x_wconf 74' lang='lat' dir='ltr'><strong>inscriptione</strong></span> <span class='ocrx_word' id='word_1_179' title='bbox 404 2347 520 2407; x_wconf 83' lang='lat' dir='ltr'><strong>Graeca</strong></span> <span class='ocrx_word' id='word_1_180' title='bbox 540 2342 661 2406; x_wconf 85' lang='lat' dir='ltr'><strong>laudata</strong></span> <span class='ocrx_word' id='word_1_181' title='bbox 681 2347 733 2405; x_wconf 91' lang='lat' dir='ltr'><strong>Du</strong></span> <span class='ocrx_word' id='word_1_182' title='bbox 754 2346 867 2427; x_wconf 81' lang='lat' dir='ltr'><strong>Cangio</strong></span> <span class='ocrx_word' id='word_1_183' title='bbox 888 2344 939 2406; x_wconf 90' lang='lat' dir='ltr'><strong>Gl.</strong></span> <span class='ocrx_word' id='word_1_184' title='bbox 962 2347 1017 2407; x_wconf 89' lang='lat' dir='ltr'><strong>Gr.</strong></span> <span class='ocrx_word' id='word_1_185' title='bbox 1041 2366 1073 2407; x_wconf 80' lang='lat' dir='ltr'><strong>v.</strong></span> <span class='ocrx_word' id='word_1_186' title='bbox 1096 2344 1207 2427; x_wconf 68' lang='lat' dir='ltr'><strong>haudq-</strong></span> 
     </span>
     <span class='ocr_line' id='line_1_23' title="bbox 119 2422 1207 2528; baseline -0.002 -37"><span class='ocrx_word' id='word_1_187' title='bbox 119 2435 191 2509; x_wconf 77' lang='grc' dir='ltr'><strong>μεῖν</strong></span> <span class='ocrx_word' id='word_1_188' title='bbox 212 2441 245 2491; x_wconf 84' lang='lat' dir='ltr'><strong>et</strong></span> <span class='ocrx_word' id='word_1_189' title='bbox 265 2430 341 2491; x_wconf 87' lang='lat' dir='ltr'><strong>CPli</strong></span> <span class='ocrx_word' id='word_1_190' title='bbox 362 2428 475 2490; x_wconf 85' lang='lat' dir='ltr'><strong>Christ.</strong></span> <span class='ocrx_word' id='word_1_191' title='bbox 496 2451 529 2510; x_wconf 89' lang='lat' dir='ltr'><strong>p.</strong></span> <span class='ocrx_word' id='word_1_192' title='bbox 555 2428 647 2528; x_wconf 71' lang='lat' dir='ltr'><strong>¹l5’²</strong></span> <span class='ocrx_word' id='word_1_193' title='bbox 670 2426 785 2503; x_wconf 80' lang='grc' dir='ltr'>Βίζζος</span> <span class='ocrx_word' id='word_1_194' title='bbox 804 2422 922 2507; x_wconf 79' lang='lat' dir='ltr'><strong>flciodo</strong></span> <span class='ocrx_word' id='word_1_195' title='bbox 948 2422 1129 2510; x_wconf 72' lang='grc' dir='ltr'><strong><em>ἐπεδήμησα</em></strong></span> <span class='ocrx_word' id='word_1_196' title='bbox 1148 2446 1207 2491; x_wconf 81' lang='grc' dir='ltr'><strong>κα-</strong></span> 
     </span>
     <span class='ocr_line' id='line_1_24' title="bbox 120 2500 1208 2594; baseline -0.001 -22"><span class='ocrx_word' id='word_1_197' title='bbox 120 2511 200 2589; x_wconf 72' lang='grc' dir='ltr'><strong>λῶς,</strong></span> <span class='ocrx_word' id='word_1_198' title='bbox 233 2500 319 2592; x_wconf 73' lang='grc' dir='ltr'><strong>ἦλθα</strong></span> <span class='ocrx_word' id='word_1_199' title='bbox 341 2513 458 2590; x_wconf 78' lang='grc' dir='ltr'><strong><em>καλῶς,</em></strong></span> <span class='ocrx_word' id='word_1_200' title='bbox 478 2506 534 2571; x_wconf 74' lang='grc' dir='ltr'><strong>καὶ</strong></span> <span class='ocrx_word' id='word_1_201' title='bbox 550 2534 607 2588; x_wconf 71' lang='lat' dir='ltr'><strong>urps</strong></span> <span class='ocrx_word' id='word_1_202' title='bbox 636 2510 687 2594; x_wconf 88' lang='lat' dir='ltr'><strong>[id</strong></span> <span class='ocrx_word' id='word_1_203' title='bbox 707 2524 753 2574; x_wconf 79' lang='lat' dir='ltr'><strong>eet</strong></span> <span class='ocrx_word' id='word_1_204' title='bbox 772 2508 897 2593; x_wconf 74' lang='grc' dir='ltr'><strong><em>κεῖμαι]</em></strong></span> <span class='ocrx_word' id='word_1_205' title='bbox 927 2511 1046 2583; x_wconf 70' lang='grc' dir='ltr'><strong><em>καλῶς.</em></strong></span> <span class='ocrx_word' id='word_1_206' title='bbox 1081 2502 1208 2592; x_wconf 64' lang='grc' dir='ltr'><strong>εὔξηται</strong></span> 
     </span>
     <span class='ocr_line' id='line_1_25' title="bbox 121 2580 1209 2683; baseline -0.004 -26"><span class='ocrx_word' id='word_1_207' title='bbox 121 2597 179 2675; x_wconf 88' lang='lat' dir='ltr'><strong>[id</strong></span> <span class='ocrx_word' id='word_1_208' title='bbox 198 2608 246 2657; x_wconf 79' lang='lat' dir='ltr'><strong>est</strong></span> <span class='ocrx_word' id='word_1_209' title='bbox 266 2585 387 2672; x_wconf 67' lang='grc' dir='ltr'><strong>εὔξιῑε,</strong></span> <span class='ocrx_word' id='word_1_210' title='bbox 413 2598 456 2655; x_wconf 85' lang='lat' dir='ltr'><strong>sic</strong></span> <span class='ocrx_word' id='word_1_211' title='bbox 479 2593 660 2677; x_wconf 79' lang='lat' dir='ltr'><strong>loquebatur</strong></span> <span class='ocrx_word' id='word_1_212' title='bbox 677 2606 745 2655; x_wconf 89' lang='lat' dir='ltr'><strong>tum</strong></span> <span class='ocrx_word' id='word_1_213' title='bbox 763 2594 872 2683; x_wconf 75' lang='lat' dir='ltr'><strong>vulgus</strong></span> <span class='ocrx_word' id='word_1_214' title='bbox 891 2594 1046 2671; x_wconf 83' lang='lat' dir='ltr'><strong>Graecus,</strong></span> <span class='ocrx_word' id='word_1_215' title='bbox 1078 2614 1135 2674; x_wconf 90' lang='lat' dir='ltr'><strong>pro</strong></span> <span class='ocrx_word' id='word_1_216' title='bbox 1155 2580 1209 2653; x_wconf 84' lang='lat' dir='ltr'><strong>eii-</strong></span> 
     </span>
     <span class='ocr_line' id='line_1_26' title="bbox 120 2671 1209 2761; baseline 0 -22"><span class='ocrx_word' id='word_1_217' title='bbox 120 2677 249 2761; x_wconf 44' lang='lat' dir='ltr'><strong>taam]</strong></span> <span class='ocrx_word' id='word_1_218' title='bbox 269 2674 351 2757; x_wconf 69' lang='lat' dir='ltr'><strong>tinio</strong></span> <span class='ocrx_word' id='word_1_219' title='bbox 374 2671 460 2757; x_wconf 81' lang='grc' dir='ltr'><strong>ἧμοῦ</strong></span> <span class='ocrx_word' id='word_1_220' title='bbox 468 2724 478 2754; x_wconf 89' lang='grc'><strong><em>,</em></strong></span> <span class='ocrx_word' id='word_1_221' title='bbox 498 2678 530 2738; x_wconf 93' lang='lat' dir='ltr'><strong>id</strong></span> <span class='ocrx_word' id='word_1_222' title='bbox 550 2689 596 2739; x_wconf 88' lang='lat' dir='ltr'><strong>est</strong></span> <span class='ocrx_word' id='word_1_223' title='bbox 616 2676 709 2755; x_wconf 74' lang='grc' dir='ltr'>ἐμοῦ.</span> <span class='ocrx_word' id='word_1_224' title='bbox 736 2676 791 2737; x_wconf 89' lang='lat' dir='ltr'><strong>Ait</strong></span> <span class='ocrx_word' id='word_1_225' title='bbox 812 2679 900 2756; x_wconf 85' lang='lat' dir='ltr'><strong>cippo</strong></span> <span class='ocrx_word' id='word_1_226' title='bbox 921 2678 1084 2757; x_wconf 86' lang='lat' dir='ltr'><strong>interprete</strong></span> <span class='ocrx_word' id='word_1_227' title='bbox 1105 2676 1209 2739; x_wconf 76' lang='lat' dir='ltr'><strong>Biacut</strong></span> 
     </span>
     <span class='ocr_line' id='line_1_27' title="bbox 119 2758 1210 2843; baseline -0.003 -21"><span class='ocrx_word' id='word_1_228' title='bbox 119 2762 255 2839; x_wconf 81' lang='lat' dir='ltr'><strong>Pardus,</strong></span> <span class='ocrx_word' id='word_1_229' title='bbox 277 2783 310 2823; x_wconf 89' lang='lat' dir='ltr'><strong>se</strong></span> <span class='ocrx_word' id='word_1_230' title='bbox 329 2762 409 2821; x_wconf 84' lang='lat' dir='ltr'><strong>bene</strong></span> <span class='ocrx_word' id='word_1_231' title='bbox 430 2763 627 2843; x_wconf 71' lang='lat' dir='ltr'><strong>immigrasse,</strong></span> <span class='ocrx_word' id='word_1_232' title='bbox 648 2780 758 2841; x_wconf 84' lang='lat' dir='ltr'><strong>nempe</strong></span> <span class='ocrx_word' id='word_1_233' title='bbox 779 2761 811 2821; x_wconf 90' lang='lat' dir='ltr'><strong>in</strong></span> <span class='ocrx_word' id='word_1_234' title='bbox 830 2760 914 2819; x_wconf 89' lang='lat' dir='ltr'><strong>hunc</strong></span> <span class='ocrx_word' id='word_1_235' title='bbox 933 2759 1101 2833; x_wconf 84' lang='lat' dir='ltr'><strong>mundum,</strong></span> <span class='ocrx_word' id='word_1_236' title='bbox 1129 2758 1210 2821; x_wconf 84' lang='lat' dir='ltr'><strong>felici</strong></span> 
     </span>
     <span class='ocr_line' id='line_1_28' title="bbox 119 2842 1210 2927; baseline 0 -22"><span class='ocrx_word' id='word_1_237' title='bbox 119 2844 221 2905; x_wconf 85' lang='lat' dir='ltr'><strong>sidere</strong></span> <span class='ocrx_word' id='word_1_238' title='bbox 241 2855 270 2905; x_wconf 86' lang='lat' dir='ltr'><strong>et</strong></span> <span class='ocrx_word' id='word_1_239' title='bbox 290 2843 468 2927; x_wconf 82' lang='lat' dir='ltr'><strong>perentibus</strong></span> <span class='ocrx_word' id='word_1_240' title='bbox 488 2864 550 2905; x_wconf 92' lang='lat' dir='ltr'><strong>non</strong></span> <span class='ocrx_word' id='word_1_241' title='bbox 579 2843 692 2904; x_wconf 88' lang='lat' dir='ltr'><strong>infimis</strong></span> <span class='ocrx_word' id='word_1_242' title='bbox 710 2854 817 2903; x_wconf 82' lang='lat' dir='ltr'><strong>netum</strong></span> <span class='ocrx_word' id='word_1_243' title='bbox 838 2843 947 2919; x_wconf 78' lang='lat' dir='ltr'><strong>fuisse3</strong></span> <span class='ocrx_word' id='word_1_244' title='bbox 969 2842 999 2903; x_wconf 90' lang='lat' dir='ltr'><strong>id</strong></span> <span class='ocrx_word' id='word_1_245' title='bbox 1021 2844 1102 2904; x_wconf 89' lang='lat' dir='ltr'><strong>enirn</strong></span> <span class='ocrx_word' id='word_1_246' title='bbox 1122 2844 1210 2925; x_wconf 80' lang='lat' dir='ltr'><strong>signi·</strong></span> 
     </span>
     <span class='ocr_line' id='line_1_29' title="bbox 120 2924 1208 3007; baseline -0.002 -18"><span class='ocrx_word' id='word_1_247' title='bbox 120 2930 194 2989; x_wconf 74' lang='lat' dir='ltr'><strong>fioet</strong></span> <span class='ocrx_word' id='word_1_248' title='bbox 224 2926 407 3007; x_wconf 73' lang='lat' dir='ltr'><strong>iutdqpeiv3</strong></span> <span class='ocrx_word' id='word_1_249' title='bbox 447 2947 479 2988; x_wconf 90' lang='lat' dir='ltr'><strong>se</strong></span> <span class='ocrx_word' id='word_1_250' title='bbox 498 2928 563 2989; x_wconf 84' lang='lat' dir='ltr'><strong>vita</strong></span> <span class='ocrx_word' id='word_1_251' title='bbox 583 2939 613 2988; x_wconf 87' lang='lat' dir='ltr'><strong>et</strong></span> <span class='ocrx_word' id='word_1_252' title='bbox 639 2924 763 2986; x_wconf 84' lang='lat' dir='ltr'><strong>fortuna</strong></span> <span class='ocrx_word' id='word_1_253' title='bbox 794 2947 884 2989; x_wconf 85' lang='lat' dir='ltr'><strong>usum</strong></span> <span class='ocrx_word' id='word_1_254' title='bbox 912 2926 1002 2987; x_wconf 84' lang='lat' dir='ltr'><strong>luisse</strong></span> <span class='ocrx_word' id='word_1_255' title='bbox 1030 2924 1208 3004; x_wconf 87' lang='lat' dir='ltr'><strong>commoda,</strong></span> 
     </span>
     <span class='ocr_line' id='line_1_30' title="bbox 119 3006 1211 3094; baseline -0.002 -21"><span class='ocrx_word' id='word_1_256' title='bbox 119 3034 154 3073; x_wconf 87' lang='lat' dir='ltr'><strong>se</strong></span> <span class='ocrx_word' id='word_1_257' title='bbox 176 3010 254 3073; x_wconf 90' lang='lat' dir='ltr'><strong>bene</strong></span> <span class='ocrx_word' id='word_1_258' title='bbox 274 3012 458 3094; x_wconf 62' lang='lat' dir='ltr'><strong>peruenisse,</strong></span> <span class='ocrx_word' id='word_1_259' title='bbox 478 3031 587 3091; x_wconf 88' lang='lat' dir='ltr'><strong>nempe</strong></span> <span class='ocrx_word' id='word_1_260' title='bbox 607 3006 644 3070; x_wconf 88' lang='lat' dir='ltr'><strong>ad</strong></span> <span class='ocrx_word' id='word_1_261' title='bbox 665 3020 817 3081; x_wconf 84' lang='lat' dir='ltr'><strong>votorum,</strong></span> <span class='ocrx_word' id='word_1_262' title='bbox 843 3021 905 3086; x_wconf 85' lang='lat' dir='ltr'><strong>aut,</strong></span> <span class='ocrx_word' id='word_1_263' title='bbox 928 3010 1065 3092; x_wconf 82' lang='lat' dir='ltr'><strong>simelis,</strong></span> <span class='ocrx_word' id='word_1_264' title='bbox 1079 3010 1211 3072; x_wconf 83' lang='lat' dir='ltr'><strong>advitae</strong></span> 
     </span>
     <span class='ocr_line' id='line_1_31' title="bbox 120 3089 1210 3213; baseline -0.001 -57"><span class='ocrx_word' id='word_1_265' title='bbox 120 3096 236 3172; x_wconf 80' lang='lat' dir='ltr'><strong>linem3</strong></span> <span class='ocrx_word' id='word_1_266' title='bbox 271 3115 303 3155; x_wconf 90' lang='lat' dir='ltr'><strong>se</strong></span> <span class='ocrx_word' id='word_1_267' title='bbox 317 3094 452 3213; x_wconf 47' lang='lat' dir='ltr'><strong>*tandem</strong></span> <span class='ocrx_word' id='word_1_268' title='bbox 471 3089 556 3154; x_wconf 55' lang='lat' dir='ltr'><strong>&#39;bene</strong></span> <span class='ocrx_word' id='word_1_269' title='bbox 584 3097 681 3153; x_wconf 81' lang='lat' dir='ltr'><strong>iecere</strong></span> <span class='ocrx_word' id='word_1_270' title='bbox 708 3092 842 3155; x_wconf 84' lang='lat' dir='ltr'><strong>honestis</strong></span> <span class='ocrx_word' id='word_1_271' title='bbox 868 3096 1014 3176; x_wconf 78' lang='lat' dir='ltr'><strong>exsequiis</strong></span> <span class='ocrx_word' id='word_1_272' title='bbox 1042 3104 1072 3154; x_wconf 87' lang='lat' dir='ltr'><strong>et</strong></span> <span class='ocrx_word' id='word_1_273' title='bbox 1092 3090 1210 3163; x_wconf 82' lang='lat' dir='ltr'><strong>tumulo</strong></span> 
     </span>
     <span class='ocr_line' id='line_1_32' title="bbox 120 3174 1212 3343; baseline -0.005 -20"><span class='ocrx_word' id='word_1_274' title='bbox 120 3174 616 3343; x_wconf 49' lang='lat' dir='ltr'><strong>tfflmihfflffib</strong></span> <span class='ocrx_word' id='word_1_275' title='bbox 634 3176 1212 3342; x_wconf 58' lang='lat' dir='ltr'><strong>tlt..?t⁰ttl{“tlst⁰t³tlsttt</strong></span> 
     </span>
     <span class='ocr_line' id='line_1_33' title="bbox 121 3340 1209 3428; baseline -0.004 -25"><span class='ocrx_word' id='word_1_276' title='bbox 121 3345 184 3421; x_wconf 83' lang='grc' dir='ltr'><em>ξοι.</em></span> <span class='ocrx_word' id='word_1_277' title='bbox 192 3342 224 3428; x_wconf 75' lang='lat' dir='ltr'><strong>J*</strong></span> <span class='ocrx_word' id='word_1_278' title='bbox 245 3346 333 3405; x_wconf 82' lang='lat' dir='ltr'><strong>Bene</strong></span> <span class='ocrx_word' id='word_1_279' title='bbox 343 3346 537 3427; x_wconf 67' lang='lat' dir='ltr'><strong>per-venibat,</strong></span> <span class='ocrx_word' id='word_1_280' title='bbox 561 3342 611 3404; x_wconf 88' lang='lat' dir='ltr'><strong>vel</strong></span> <span class='ocrx_word' id='word_1_281' title='bbox 623 3343 693 3403; x_wconf 84' lang='lat' dir='ltr'><strong>bene</strong></span> <span class='ocrx_word' id='word_1_282' title='bbox 704 3345 760 3403; x_wconf 79' lang='lat' dir='ltr'><strong>buc</strong></span> <span class='ocrx_word' id='word_1_283' title='bbox 773 3344 832 3405; x_wconf 83' lang='lat' dir='ltr'><strong>loci</strong></span> <span class='ocrx_word' id='word_1_284' title='bbox 842 3344 981 3416; x_wconf 67' lang='lat' dir='ltr'><strong>vestiant,</strong></span> <span class='ocrx_word' id='word_1_285' title='bbox 1004 3340 1054 3403; x_wconf 89' lang='lat' dir='ltr'><strong>vel</strong></span> <span class='ocrx_word' id='word_1_286' title='bbox 1065 3342 1209 3403; x_wconf 57' lang='lat' dir='ltr'><strong>venerim.</strong></span> 
     </span>
     <span class='ocr_line' id='line_1_34' title="bbox 208 3416 1212 3511; baseline -0.005 -22"><span class='ocrx_word' id='word_1_287' title='bbox 208 3429 247 3489; x_wconf 88' lang='grc' dir='ltr'><strong>Β.</strong></span> <span class='ocrx_word' id='word_1_288' title='bbox 265 3449 312 3488; x_wconf 77' lang='grc' dir='ltr'><strong>η.</strong></span> <span class='ocrx_word' id='word_1_289' title='bbox 330 3424 399 3511; x_wconf 83' lang='lat'>[21,</span> <span class='ocrx_word' id='word_1_290' title='bbox 416 3424 482 3509; x_wconf 64' lang='lat' dir='ltr'><strong>ru]</strong></span> <span class='ocrx_word' id='word_1_291' title='bbox 515 3420 544 3487; x_wconf 88' lang='lat' dir='ltr'><strong>oi</strong></span> <span class='ocrx_word' id='word_1_292' title='bbox 554 3416 828 3502; x_wconf 71' lang='lat' dir='ltr'><strong>‘pooiroo&#39;oorvoo</strong></span> <span class='ocrx_word' id='word_1_293' title='bbox 868 3424 1060 3485; x_wconf 86' lang='lat' dir='ltr'><strong>Vocabulum</strong></span> <span class='ocrx_word' id='word_1_294' title='bbox 1088 3424 1212 3485; x_wconf 82' lang='lat' dir='ltr'><strong>adiecti·</strong></span> 
     </span>
    </p>
   </div>
   <div class='ocr_carea' id='block_1_6' title="bbox 121 3506 1351 3585">
    <p class='ocr_par' dir='ltr' id='par_1_6' title="bbox 121 3506 1351 3585">
     <span class='ocr_line' id='line_1_35' title="bbox 121 3506 1351 3585; baseline -0.001 -13"><span class='ocrx_word' id='word_1_295' title='bbox 121 3533 202 3572; x_wconf 78' lang='lat' dir='ltr'><strong>vum</strong></span> <span class='ocrx_word' id='word_1_296' title='bbox 230 3506 481 3583; x_wconf 70' lang='lat' dir='ltr'><strong>uovirov&#39;oovvoc</strong></span> <span class='ocrx_word' id='word_1_297' title='bbox 507 3508 679 3570; x_wconf 75' lang='lat' dir='ltr'><strong>moctorrdm</strong></span> <span class='ocrx_word' id='word_1_298' title='bbox 697 3510 924 3585; x_wconf 69' lang='lat' dir='ltr'><strong>wiltbannis,</strong></span> <span class='ocrx_word' id='word_1_299' title='bbox 955 3518 1008 3571; x_wconf 82' lang='lat' dir='ltr'><strong>aut</strong></span> <span class='ocrx_word' id='word_1_300' title='bbox 1027 3509 1133 3571; x_wconf 80' lang='lat' dir='ltr'><strong>multos</strong></span> <span class='ocrx_word' id='word_1_301' title='bbox 1155 3528 1213 3571; x_wconf 82' lang='lat' dir='ltr'><strong>ort·</strong></span> <span class='ocrx_word' id='word_1_302' title='bbox 1347 3529 1351 3540; x_wconf 77' lang='lat'><strong><em>¹</em></strong></span> 
     </span>
    </p>
   </div>
   <div class='ocr_carea' id='block_1_7' title="bbox 106 3591 1232 4357">
    <p class='ocr_par' dir='ltr' id='par_1_7' title="bbox 122 3591 1232 3929">
     <span class='ocr_line' id='line_1_36' title="bbox 122 3591 1211 3671; baseline -0.004 -14"><span class='ocrx_word' id='word_1_303' title='bbox 122 3617 181 3657; x_wconf 77' lang='lat' dir='ltr'><strong>nos</strong></span> <span class='ocrx_word' id='word_1_304' title='bbox 206 3616 356 3671; x_wconf 72' lang='lat' dir='ltr'><strong>anemio,</strong></span> <span class='ocrx_word' id='word_1_305' title='bbox 392 3592 556 3655; x_wconf 80' lang='lat' dir='ltr'><strong>formatum</strong></span> <span class='ocrx_word' id='word_1_306' title='bbox 577 3612 595 3651; x_wconf 86' lang='lat' dir='ltr'><strong>a</strong></span> <span class='ocrx_word' id='word_1_307' title='bbox 616 3591 773 3653; x_wconf 85' lang='lat' dir='ltr'><strong>Graeculis</strong></span> <span class='ocrx_word' id='word_1_308' title='bbox 793 3614 811 3653; x_wconf 89' lang='lat' dir='ltr'><strong>e</strong></span> <span class='ocrx_word' id='word_1_309' title='bbox 831 3592 940 3655; x_wconf 85' lang='lat' dir='ltr'><strong>Latino</strong></span> <span class='ocrx_word' id='word_1_310' title='bbox 967 3594 1071 3653; x_wconf 68' lang='lat' dir='ltr'><strong>nultos</strong></span> <span class='ocrx_word' id='word_1_311' title='bbox 1098 3612 1211 3668; x_wconf 81' lang='lat' dir='ltr'><strong>annos,</strong></span> 
     </span>
     <span class='ocr_line' id='line_1_37' title="bbox 124 3674 1214 3759; baseline -0.003 -21"><span class='ocrx_word' id='word_1_312' title='bbox 124 3698 239 3759; x_wconf 87' lang='lat' dir='ltr'><strong>nempe</strong></span> <span class='ocrx_word' id='word_1_313' title='bbox 258 3677 347 3738; x_wconf 85' lang='lat' dir='ltr'><strong>vobis</strong></span> <span class='ocrx_word' id='word_1_314' title='bbox 367 3687 526 3758; x_wconf 84' lang='lat' dir='ltr'><strong>optamus,</strong></span> <span class='ocrx_word' id='word_1_315' title='bbox 555 3695 613 3757; x_wconf 87' lang='lat' dir='ltr'><strong>pro</strong></span> <span class='ocrx_word' id='word_1_316' title='bbox 633 3697 695 3759; x_wconf 88' lang='lat' dir='ltr'><strong>quo</strong></span> <span class='ocrx_word' id='word_1_317' title='bbox 723 3676 810 3758; x_wconf 85' lang='lat' dir='ltr'><strong>plebs</strong></span> <span class='ocrx_word' id='word_1_318' title='bbox 830 3677 938 3739; x_wconf 85' lang='lat' dir='ltr'><strong>Latina</strong></span> <span class='ocrx_word' id='word_1_319' title='bbox 959 3676 1077 3738; x_wconf 86' lang='lat' dir='ltr'><strong>dicebat</strong></span> <span class='ocrx_word' id='word_1_320' title='bbox 1107 3674 1214 3735; x_wconf 79' lang='lat' dir='ltr'><strong>mrtltm</strong></span> 
     </span>
     <span class='ocr_line' id='line_1_38' title="bbox 125 3757 1211 3844; baseline -0.003 -23"><span class='ocrx_word' id='word_1_321' title='bbox 125 3782 233 3821; x_wconf 75' lang='lat' dir='ltr'><strong>aruurs.</strong></span> <span class='ocrx_word' id='word_1_322' title='bbox 277 3760 319 3820; x_wconf 90' lang='lat' dir='ltr'><strong>V.</strong></span> <span class='ocrx_word' id='word_1_323' title='bbox 335 3759 375 3819; x_wconf 85' lang='lat' dir='ltr'><strong>ad</strong></span> <span class='ocrx_word' id='word_1_324' title='bbox 386 3781 417 3841; x_wconf 89' lang='lat' dir='ltr'><strong>p.</strong></span> <span class='ocrx_word' id='word_1_325' title='bbox 434 3758 505 3821; x_wconf 82' lang='lat'><strong>235.</strong></span> <span class='ocrx_word' id='word_1_326' title='bbox 519 3760 557 3821; x_wconf 88' lang='lat' dir='ltr'><strong>C.</strong></span> <span class='ocrx_word' id='word_1_327' title='bbox 572 3758 602 3821; x_wconf 75' lang='lat'><strong>3.</strong></span> <span class='ocrx_word' id='word_1_328' title='bbox 626 3770 747 3843; x_wconf 86' lang='lat' dir='ltr'><strong>etquae</strong></span> <span class='ocrx_word' id='word_1_329' title='bbox 765 3780 858 3842; x_wconf 85' lang='lat' dir='ltr'><strong>supra</strong></span> <span class='ocrx_word' id='word_1_330' title='bbox 876 3760 914 3821; x_wconf 80' lang='lat' dir='ltr'><strong>ad</strong></span> <span class='ocrx_word' id='word_1_331' title='bbox 934 3783 965 3844; x_wconf 90' lang='lat' dir='ltr'><strong>p.</strong></span> <span class='ocrx_word' id='word_1_332' title='bbox 981 3759 1012 3823; x_wconf 88' lang='lat'><strong>8.</strong></span> <span class='ocrx_word' id='word_1_333' title='bbox 1036 3759 1071 3819; x_wconf 91' lang='lat' dir='ltr'><strong>C.</strong></span> <span class='ocrx_word' id='word_1_334' title='bbox 1094 3757 1211 3841; x_wconf 86' lang='lat' dir='ltr'><strong>penult.</strong></span> 
     </span>
     <span class='ocr_line' id='line_1_39' title="bbox 125 3842 1232 3929; baseline 0.005 -26"><span class='ocrx_word' id='word_1_335' title='bbox 125 3842 168 3904; x_wconf 90' lang='lat' dir='ltr'><strong>de</strong></span> <span class='ocrx_word' id='word_1_336' title='bbox 180 3844 382 3929; x_wconf 68' lang='lat' dir='ltr'><strong>polycluonio</strong></span> <span class='ocrx_word' id='word_1_337' title='bbox 406 3843 547 3905; x_wconf 83' lang='lat' dir='ltr'><strong>diximus.</strong></span> <span class='ocrx_word' id='word_1_338' title='bbox 1016 3902 1021 3907; x_wconf 94' lang='lat'><strong>.</strong></span> <span class='ocrx_word' id='word_1_339' title='bbox 1231 3846 1232 3853; x_wconf 64' lang='lat'><em>&#39;</em></span> 
     </span>
    </p>

    <p class='ocr_par' dir='ltr' id='par_1_8' title="bbox 106 3917 1217 4357">
     <span class='ocr_line' id='line_1_40' title="bbox 212 3917 1215 4029; baseline 0.001 -43"><span class='ocrx_word' id='word_1_340' title='bbox 212 3928 251 3986; x_wconf 83' lang='lat' dir='ltr'><strong>B.</strong></span> <span class='ocrx_word' id='word_1_341' title='bbox 262 3926 321 3987; x_wconf 87' lang='lat' dir='ltr'><strong>ult.</strong></span> <span class='ocrx_word' id='word_1_342' title='bbox 337 3924 409 4009; x_wconf 58' lang='grc' dir='ltr'><strong>[πῃ</strong></span> <span class='ocrx_word' id='word_1_343' title='bbox 427 3924 491 4009; x_wconf 61' lang='lat' dir='ltr'><strong>rm]</strong></span> <span class='ocrx_word' id='word_1_344' title='bbox 518 3917 639 4029; x_wconf 56' lang='lat' dir='ltr'><strong>psyo&#39;ip</strong></span> <span class='ocrx_word' id='word_1_345' title='bbox 668 3927 812 4011; x_wconf 76' lang='grc' dir='ltr'><strong><em>κυριακῇ.</em></strong></span> <span class='ocrx_word' id='word_1_346' title='bbox 851 3928 933 3990; x_wconf 88' lang='lat' dir='ltr'><strong>Bene</strong></span> <span class='ocrx_word' id='word_1_347' title='bbox 963 3928 1047 3989; x_wconf 84' lang='lat' dir='ltr'><strong>addit</strong></span> <span class='ocrx_word' id='word_1_348' title='bbox 1066 3927 1145 3989; x_wconf 87' lang='lat' dir='ltr'><strong>hanc</strong></span> <span class='ocrx_word' id='word_1_349' title='bbox 1166 3929 1215 3987; x_wconf 80' lang='lat' dir='ltr'><strong>in-</strong></span> 
     </span>
     <span class='ocr_line' id='line_1_41' title="bbox 124 3999 1215 4091; baseline 0.002 -22"><span class='ocrx_word' id='word_1_350' title='bbox 124 4013 388 4091; x_wconf 81' lang='lat' dir='ltr'><strong>terpretationem:</strong></span> <span class='ocrx_word' id='word_1_351' title='bbox 410 3999 508 4088; x_wconf 78' lang='grc' dir='ltr'>ἤγουν</span> <span class='ocrx_word' id='word_1_352' title='bbox 528 4009 584 4069; x_wconf 77' lang='grc' dir='ltr'><strong>τοῦ</strong></span> <span class='ocrx_word' id='word_1_353' title='bbox 603 4009 694 4087; x_wconf 79' lang='lat' dir='ltr'><strong>oyloo</strong></span> <span class='ocrx_word' id='word_1_354' title='bbox 714 4001 833 4087; x_wconf 75' lang='grc' dir='ltr'><em>πάσχα.</em></span> <span class='ocrx_word' id='word_1_355' title='bbox 847 4010 973 4073; x_wconf 86' lang='lat' dir='ltr'><strong>Festum</strong></span> <span class='ocrx_word' id='word_1_356' title='bbox 987 4014 1068 4071; x_wconf 88' lang='lat' dir='ltr'><strong>enim</strong></span> <span class='ocrx_word' id='word_1_357' title='bbox 1081 4010 1215 4072; x_wconf 79' lang='lat' dir='ltr'><strong>Pascha·</strong></span> 
     </span>
     <span class='ocr_line' id='line_1_42' title="bbox 106 4090 1217 4176; baseline 0.004 -25"><span class='ocrx_word' id='word_1_358' title='bbox 106 4096 165 4153; x_wconf 89' lang='lat' dir='ltr'><strong>.tis</strong></span> <span class='ocrx_word' id='word_1_359' title='bbox 198 4096 284 4154; x_wconf 90' lang='lat' dir='ltr'><strong>omni</strong></span> <span class='ocrx_word' id='word_1_360' title='bbox 310 4098 450 4175; x_wconf 82' lang='lat' dir='ltr'><strong>tempore</strong></span> <span class='ocrx_word' id='word_1_361' title='bbox 479 4090 617 4152; x_wconf 84' lang='lat' dir='ltr'><strong>habitum</strong></span> <span class='ocrx_word' id='word_1_362' title='bbox 649 4094 812 4155; x_wconf 83' lang='lat' dir='ltr'><strong>eGraecis</strong></span> <span class='ocrx_word' id='word_1_363' title='bbox 840 4116 896 4176; x_wconf 89' lang='lat' dir='ltr'><strong>pro</strong></span> <span class='ocrx_word' id='word_1_364' title='bbox 924 4117 1042 4157; x_wconf 89' lang='lat' dir='ltr'><strong>summo</strong></span> <span class='ocrx_word' id='word_1_365' title='bbox 1071 4095 1217 4155; x_wconf 81' lang='lat' dir='ltr'><strong>festorum</strong></span> 
     </span>
     <span class='ocr_line' id='line_1_43' title="bbox 130 4173 1217 4257; baseline 0.006 -21"><span class='ocrx_word' id='word_1_366' title='bbox 130 4180 266 4239; x_wconf 87' lang='lat' dir='ltr'><strong>omnium</strong></span> <span class='ocrx_word' id='word_1_367' title='bbox 290 4176 370 4254; x_wconf 83' lang='lat' dir='ltr'><strong>fuit,</strong></span> <span class='ocrx_word' id='word_1_368' title='bbox 400 4186 477 4235; x_wconf 89' lang='lat' dir='ltr'><strong>teste</strong></span> <span class='ocrx_word' id='word_1_369' title='bbox 497 4173 648 4257; x_wconf 88' lang='lat' dir='ltr'><strong>Procopio</strong></span> <span class='ocrx_word' id='word_1_370' title='bbox 669 4176 706 4235; x_wconf 93' lang='lat' dir='ltr'><strong>L.</strong></span> <span class='ocrx_word' id='word_1_371' title='bbox 730 4174 850 4257; x_wconf 56' lang='lat' dir='ltr'><strong>hbent</strong></span> <span class='ocrx_word' id='word_1_372' title='bbox 871 4178 1057 4240; x_wconf 86' lang='lat' dir='ltr'><strong>Wandalici.</strong></span> <span class='ocrx_word' id='word_1_373' title='bbox 1080 4180 1141 4239; x_wconf 88' lang='lat' dir='ltr'><strong>.V.</strong></span> <span class='ocrx_word' id='word_1_374' title='bbox 1165 4180 1217 4243; x_wconf 83' lang='lat' dir='ltr'><strong>Du</strong></span> 
     </span>
     <span class='ocr_line' id='line_1_44' title="bbox 132 4252 1214 4357; baseline 0.001 -35"><span class='ocrx_word' id='word_1_375' title='bbox 132 4258 229 4347; x_wconf 69' lang='lat' dir='ltr'><strong>(Lange</strong></span> <span class='ocrx_word' id='word_1_376' title='bbox 250 4281 287 4357; x_wconf 49' lang='lat' dir='ltr'><strong>v.</strong></span> <span class='ocrx_word' id='word_1_377' title='bbox 308 4252 466 4344; x_wconf 75' lang='grc' dir='ltr'><strong><em>κνριακὴ,</em></strong></span> <span class='ocrx_word' id='word_1_378' title='bbox 488 4257 587 4322; x_wconf 85' lang='lat' dir='ltr'><strong>etheo</strong></span> <span class='ocrx_word' id='word_1_379' title='bbox 604 4261 669 4343; x_wconf 85' lang='lat' dir='ltr'><strong>ipsa</strong></span> <span class='ocrx_word' id='word_1_380' title='bbox 688 4260 797 4344; x_wconf 82' lang='lat' dir='ltr'><strong>pagina</strong></span> <span class='ocrx_word' id='word_1_381' title='bbox 812 4260 846 4321; x_wconf 89' lang='lat' dir='ltr'><strong>in</strong></span> <span class='ocrx_word' id='word_1_382' title='bbox 866 4260 947 4343; x_wconf 84' lang='lat' dir='ltr'><strong>linc,</strong></span> <span class='ocrx_word' id='word_1_383' title='bbox 970 4274 1043 4345; x_wconf 83' lang='lat' dir='ltr'><strong>etp.</strong></span> <span class='ocrx_word' id='word_1_384' title='bbox 1064 4256 1168 4339; x_wconf 62' lang='lat' dir='ltr'><strong>sits.</strong></span> <span class='ocrx_word' id='word_1_385' title='bbox 1183 4260 1214 4325; x_wconf 82' lang='lat'><strong>5.</strong></span> 
     </span>
    </p>
   </div>
   <div class='ocr_carea' id='block_1_8' title="bbox 0 0 1504 4892">
    <p class='ocr_par' dir='ltr' id='par_1_9' title="bbox 0 0 1504 4892">
     <span class='ocr_line' id='line_1_45' title="bbox 0 0 1504 4892; baseline 0 0"><span class='ocrx_word' id='word_1_386' title='bbox 0 0 1504 4892; x_wconf 95' lang='lat' dir='ltr'><strong> </strong></span> 
     </span>
    </p>
   </div>
  </div>
 </body>
</html>
