2975 4892
117 383 172 448 λο
204 379 602 448 consummana.
632 383 847 453 nnumin.
879 387 952 454 nu.
983 395 1023 456 11.
1058 391 1134 476 τοι

66 547 128 610 tes,
148 545 201 596 aut
222 537 290 607 ταῖς
311 529 560 616 προρῥηόεόσως
587 547 639 598 ant
672 532 868 617 δναβοὶθροις
887 539 1045 624 legendnm
1069 566 1142 610 esse.

64 619 121 680 Sed
152 621 226 680 novi
259 619 366 678 Graeci
398 622 607 700 grammaticos
635 642 742 702 parum
775 629 892 689 curant,
945 625 976 684 Si
1011 627 1143 708 exempla

63 701 133 762 huic
153 699 262 762 similia
282 703 314 760 in
335 701 506 762 adversaria
527 701 710 780 retulissem,
732 725 849 786 possem
869 728 973 766 eorum
994 707 1142 790 ingentem

65 805 206 845 acervum
226 784 309 844 dare.
365 783 423 844 Sed
444 786 571 868 paucis,
594 808 671 868 quae
692 791 858 865 annotavi,
878 789 1035 871 deflrngar.
1076 793 1141 852 Eu-

64 867 163 928 sebius
196 867 275 930 Hist.
304 867 419 928 Eccles.
460 869 502 928 V.
524 867 573 930 ὄσ.
602 892 633 951 p.
658 867 722 954 159.
736 871 779 932 D.
802 893 834 956 9.
857 871 928 932 edit.
949 873 1141 954 Mogontia:

64 947 213 1023 ἐξουσιῶν
239 943 510 1030 παραπεμπόντων
523 969 578 1054 pro
593 951 879 1032 παραπιμπουσῶν.
922 953 1031 1016 Noster
1052 979 1143 1038 supra

64 1055 96 1113 p.
119 1031 284 1093 16.1).2.:
307 1033 414 1094 πυλυῑν
432 1031 493 1094 τῶν
514 1027 667 1112 αγόντων,
685 1045 714 1094 et
734 1035 825 1116 paulo
846 1042 913 1116 post
933 1033 1143 1118 εἰσφερόντων

63 1137 120 1196 pro
140 1113 283 1194 οἶγουσῶν
305 1126 334 1176 et
354 1111 577 1196 elopepooooiv.
621 1115 755 1177 Herodes
766 1118 884 1178 Atticus
903 1121 936 1178 in
956 1119 1143 1182 dedicatione

63 1199 232 1258 Statuacll
269 1197 338 1258 illae
359 1217 388 1256 v.
421 1191 595 1277 ἐλαιὴεντες
623 1188 760 1278 ἄρουραι
780 1201 855 1260 ducit
874 1221 929 1282 pro
949 1197 1145 1282 ε’λαιὴεσσαι.

64 1282 101 1340 ln
123 1281 219 1340 edicto
262 1279 355 1340 uliani
375 1279 471 1340 Prisci
492 1281 574 1360 apud
603 1279 769 1342 Pocolium
791 1283 823 1342 in
844 1284 982 1364 lnscript.
1013 1307 1045 1368 p.
1059 1284 1141 1346 66.τ

62 1359 183 1424 εἴσοδον
203 1357 408 1442 ποιησάμενος
428 1361 473 1432 εἰς
493 1352 528 1423 τό
550 1355 700 1442 ἡμέτερον
725 1359 925 1445 δικαστήριον
946 1364 1141 1447 α’τοπωτότηι

62 1441 139 1524 ἡμῖν
160 1439 377 1526 προσήγγειλεν
416 1441 519 1528 [περι]
537 1442 680 1526 πράξεων
700 1443 871 1508 τελούντων
892 1445 937 1518 εἰς
956 1440 990 1507 τό
1010 1451 1143 1526 βουλευ-

64 1521 170 1606 τήριον
189 1523 250 1588 τῶν
271 1521 398 1586 όποίτων
418 1537 477 1586 etc.
517 1525 612 1588 Plura
630 1529 763 1612 exempla
784 1549 802 1590 e
820 1530 1027 1590 vetustissimis
1089 1531 1142 1592 ”tis

63 1609 184 1691 collegit
201 1609 396 1670 casaubonus
416 1609 455 1669 ad
472 1605 661 1670 Athenaeum
681 1633 712 1692 p.
729 1613 799 1672 αδδ.
822 1613 938 1689 Duker.
959 1613 998 1672 ad
1017 1553 1143 1696 Tldiy-

65 1692 130 1752 did.
153 1691 193 1751 N.
215 1713 264 1775 79.
288 1712 318 1772 p.
343 1689 437 1770 564,
479 1691 533 1752 uhi
562 1711 623 1752 non
651 1703 771 1754 tantum
806 1694 913 1754 κοινᾶν
939 1690 1054 1755 ἐόντων
1085 1695 1144 1755 τᾶν

64 1771 201 1835 σπονδᾶν
229 1779 294 1856 (pro
319 1773 430 1835 κοινῶν
457 1771 560 1835 οόσῶν
590 1773 653 1836 τῶν
673 1773 840 1856 σπονδῶν),
862 1776 1023 1836 sedetiam
1039 1772 1072 1836 ai
1089 1766 1146 1836 ἄλ-

23 1915 25 1920 ,
63 1857 118 1915 λαι
139 1851 303 1928 πόλιος-
333 1847 522 1936 αότόνομοι,
554 1849 674 1934 ἔχοντες
696 1853 757 1918 τόν
778 1856 882 1919 αὐτῶν
908 1871 965 1919 etc.
1006 1858 1089 1918 ldem
1111 1881 1142 1940 p.

65 1937 137 1998 553.
159 1937 215 1998 ult.
235 1926 280 2000 οἷν
311 1937 543 2018 κυρωθέντων,
569 1939 708 2020 quamvis
737 1942 928 2022 praecesserit
957 1941 1090 2000 πίστεων
1116 1951 1147 2001 et

63 2012 234 2100 συνθήκας.
276 2021 445 2082 Observavi
464 2021 583 2082 schema
604 2021 662 2081 hoc
684 2025 774 2083 etiam
794 2024 876 2105 apud
889 2021 1068 2105 Sophoclem
1089 2022 1145 2082 ali·

64 2103 204 2183 quoties3
225 2106 297 2186 quia
318 2116 418 2164 tamen
439 2101 520 2164 locos
544 2124 604 2164 non
626 2109 769 2179 enotavi,
792 2127 873 2166 nunc
894 2128 954 2166 non
976 2106 1144 2181 succurrit,

65 2187 120 2244 nisi
142 2187 250 2246 unicus
271 2185 321 2247 ille
343 2187 372 2246 in
396 2187 514 2269 Oedipo
536 2185 668 2248 Coloneo
690 2210 720 2256 v.
740 2183 844 2272 1747„
867 2187 921 2250 uhi
935 2189 1046 2272 Oedipi
1067 2190 1145 2249 duae

63 2267 142 2328 filiae
164 2267 203 2328 de
223 2289 254 2329 se
275 2269 401 2330 dicunt:
975 2329 979 2337 .

190 2361 224 2426 ἓν
244 2362 377 2470 πυμότρι
398 2364 425 2426 δ
443 2358 592 2447 ἇλόγιστα
614 2359 806 2450 παροόσσμεν

192 2443 294 2508 ἰδόντε
316 2469 366 2510 ναι
388 2449 549 2510 παθοῦσα.

63 2544 112 2606 Ad
134 2567 228 2628 quem
251 2547 352 2607 locum
370 2546 537 2608 Scholiasta
564 2548 637 2608 haec
667 2557 777 2608 notate
800 2540 904 2608 ἰδόντε
924 2540 979 2608 καὶ
997 2545 1147 2610 παθοῦσα

66 2627 141 2688 α’ντὶ
161 2627 218 2688 τοῦ
248 2627 376 2690 ἰδοῦσαι
403 2626 458 2689 καί
483 2630 666 2704 παθοῦσαι,
695 2629 857 2727 πολλρχοῦ
887 2629 923 2690 δὲ
941 2630 984 2711 τῷ
1003 2627 1145 2715 σχήματι

63 2709 185 2876 titt
198 2709 560 2876 ’.ῗᾟλὶὤέιῗλόῗδό
577 2706 1149 2869 'i.sli⁰2”lli.“{{lis.liiflii}

61 2885 166 2956 patet,
191 2874 311 2936 schema
331 2877 362 2938 id
382 2876 454 2938 olim
474 2878 599 2960 vulgare
619 2887 649 2938 et
670 2875 810 2958 frequens
828 2875 931 2936 luisse.

149 2959 188 3018 C.
205 2959 235 3018 3.
257 2957 425 3043 [609,21.]
445 2958 617 3034 ταξεωτῶν.
662 2953 756 3032 Tem
784 2969 815 3020 et
832 2956 938 3037 τάγμα
958 2967 1020 3032 est,
1045 2969 1079 3018 ut
1094 2976 1147 3018 sua

62 3063 119 3122 pra
133 3041 419 3118 demonstravimus,
442 3042 562 3120 cohors,
579 3061 658 3123 quae
678 3041 717 3100 ad
738 3045 950 3123 magistratus,
972 3043 1148 3123 praesertim

60 3125 216 3185 Praefecti
236 3124 328 3201 Urbi,
352 3125 573 3206 dispositionem
595 3135 660 3198 est,
684 3125 741 3204 ipsi
763 3136 882 3206 praesto
903 3136 964 3202 est,
985 3127 1147 3184 eiusman·

61 3207 143 3266 datis
170 3207 365 3288 expediundis
385 3210 503 3285 servit,
523 3207 631 3268 cohors
650 3208 854 3288 apparitoria3
876 3207 947 3266 hinc
967 3206 1077 3266 milites
1095 3227 1149 3265 ur·

61 3287 137 3348 bani
169 3290 367 3371 praesidiarii.
417 3288 435 3324 *
449 3287 625 3373 [Ταξιῶται
646 3289 677 3350 in
698 3289 758 3350 Ed.
781 3291 845 3350 lur.
865 3291 921 3349 Gr.
950 3301 980 3350 et
1007 3291 1096 3349 llum.
1118 3294 1150 3348 et

60 3371 184 3432 Chron.
206 3371 411 3432 Alexandrino
437 3393 494 3455 pro
524 3370 700 3432 officialibus
732 3383 763 3433 et
782 3372 945 3443 ministris,
979 3375 1031 3452 qui
1053 3372 1149 3451 magi·

60 3456 213 3515 stratibus
236 3465 265 3514 et
284 3456 481 3516 assessoribus
492 3464 609 3538 praesto
623 3465 712 3532 sunt,
733 3455 808 3516 alias
828 3452 1016 3526 cohortales,
1038 3453 1148 3512 cohor-

58 3536 180 3616 talini,
203 3533 369 3616 όπαρχικοί
388 3547 419 3598 et
438 3537 641 3620 praefectiani.
684 3537 718 3598 ln
733 3534 860 3599 novellis
878 3537 1057 3628 lastiniani}
1074 3527 1150 3596 τότ·

57 3623 181 3681 scottae
202 3617 237 3680 δν
256 3615 422 3694 catedram
451 3619 506 3681 τοῦ
530 3613 751 3702 λαμπροτάτου
783 3617 840 3697 τῆς
862 3612 1016 3695 ἐπαρχίαις
1036 3637 1150 3695 αρχον-

58 3721 113 3774 τος
149 3701 176 3763 l.
206 3724 235 3764 c.
256 3723 287 3785 p.
311 3701 429 3787 279.]*
479 3702 546 3763 Hoc
573 3699 613 3762 cl.
633 3700 735 3764 Leich.
767 3702 799 3762 in
830 3699 970 3775 schedis,
990 3703 1022 3760 in
1041 3700 1150 3780 quibus

59 3783 163 3846 multa
185 3785 225 3846 de
242 3786 449 3847 correctoribus
474 3785 699 3870 prooirrciarum
728 3793 935 3866 congesserat,
954 3793 991 3843 ut
1011 3783 1150 3843 videatur

57 3861 119 3930 hoc
142 3867 187 3928 de
207 3879 384 3951 argumento
399 3869 595 3930 commentari
617 3865 759 3928 voluisse.

145 3949 188 4011 C.
203 3948 235 4011 8.
257 3949 345 4035 [610‚
358 3949 410 4033 4.[
426 3941 552 4035 ᾄσωμεν
571 3949 615 4033 τῷ
634 3948 740 4030 κυρίῳ.
766 3947 838 4009 Ἐολ
856 3965 891 4008 ex
912 3945 1026 4044 hympo
1043 3939 1150 4023 Mons,
1278 3929 1280 3933 ¹

57 4053 156 4114 quem
181 4043 250 4113 post
268 4033 420 4094 traductos
449 4055 503 4116 per
524 4051 608 4094 mare
634 4030 763 4092 rubrum
786 4031 912 4091 ludaeos
931 4033 1048 4091 cecinit.
1091 4026 1152 4088 Sed

58 4116 154 4192 illud,
172 4115 257 4195 quod
266 4119 402 4198 sequitur
413 4137 444 4198 p.
462 4116 533 4178 553.
547 4115 586 4175 A.
596 4134 606 4174 1
617 4135 642 4173 ι.
651 4107 782 4184 τόςδεός
793 4113 902 4191 μόνας,
923 4123 996 4174 este
1010 4109 1150 4176 Psalmis.

56 4197 172 4259 Fuisse
196 4197 348 4260 'solennem
376 4201 498 4260 Graecis
528 4194 687 4258 formulam
709 4195 856 4259 iubilandi
875 4207 943 4280 post
965 4205 1084 4278 partam
1103 4193 1152 4251 vi⁴

91 4305 304 4372 Constantinus
324 4315 455 4387 Porphyr.
480 4313 537 4368 Vot
556 4313 591 4368 ll.
755 4395 761 4413 ι
921 4311 955 4380 46
