2975 4892
307 297 390 388 832
521 319 862 389 ro.r.tc.a1·:1sn1
893 317 1177 386 οοιιιιιιιιιιιιιι

307 481 348 544 ad
366 501 400 543 se
417 479 516 563 legato
539 481 621 562 pacis
635 477 987 552 constituendaecanaa,
1010 475 1151 558 gallicam
1164 493 1253 536 suam
1274 485 1386 535 vatem
1461 492 1462 582 p

305 585 432 646 corpore
454 561 619 624 detractam
638 563 788 624 donares
818 556 877 641 τὴν
896 558 1107 640 ἐπιθωράκιον
1125 554 1246 639 στολὴν
1274 545 1389 626 daedale
1461 609 1462 616 ,

309 647 417 730 lxer'rp
442 642 556 707 δίδωσι
586 640 736 728 πορφύρᾳ
767 645 823 706 καὶ
846 642 956 724 χρυσῷ
985 641 1223 721 διηνθισμέιιην.
1264 641 1310 702 Et
1327 639 1390 699 talis

311 732 403 792 vestis
437 750 457 789 a
489 730 625 811 principe
653 739 787 810 gestata,
815 725 929 804 alicui,
964 728 1012 786 cui
1042 723 1293 786 benevolentiam
1312 743 1388 783 m

310 837 479 890 monstrare
497 827 633 903 volebat,
655 827 786 901 donata,
814 827 898 886 initio
919 824 982 886 sola
1003 823 1161 884 dicebatur
1180 811 1297 901 We,
1320 821 1391 882 ctat-

313 913 368 990 ln,
388 912 475 972 aresb's
493 923 594 972 esraa.
633 909 751 970 Deinde
779 907 920 990 ampliato
945 929 1003 968 usu
1030 917 1061 966 et
1091 907 1266 988 significatu
1303 907 1392 965 omnis

315 995 406 1056 testis
426 994 586 1053 honoraria
606 1013 625 1051 n
647 991 807 1074 principe,
842 994 932 1052 etiam
960 991 985 1050 si
1009 1009 1167 1070 nunquam
1196 989 1241 1048 ab
1261 987 1333 1048 ullo
1353 1009 1395 1069 ge·

316 1087 413 1152 anta,
433 1073 545 1136 vasallo
565 1084 667 1134 tanam
687 1072 780 1135 alicui
801 1093 857 1134 suo
877 1083 929 1133 aut
947 1070 1043 1154 legato
1063 1072 1104 1132 ad
1126 1093 1160 1132 se
1182 1071 1276 1132 aulae
1298 1073 1394 1132 cuins·

315 1159 386 1220 dam
404 1159 577 1239 peregrinae
597 1154 722 1217 honoris
758 1163 788 1218 et
818 1149 1043 1216 benevolentiae
1074 1175 1165 1215 eausa
1187 1157 1285 1214 mima
1305 1166 1340 1214 et
1358 1159 1398 1213 in·

315 1242 409 1317 lecta,
430 1239 488 1299 luit
508 1233 631 1316 ἔκδυμα
651 1239 823 1320 appellata,
844 1237 885 1298 sic
906 1259 1019 1319 paene,
1047 1248 1082 1298 ut
1101 1231 1265 1312 α’λλάξιμα
1286 1249 1320 1296 et
1341 1259 1399 1296 ma·

315 1325 425 1385 rasoria
435 1317 532 1382 restes
541 1324 572 1382 in
586 1343 694 1404 genere
704 1332 786 1382 sunt.
814 1321 879 1382 Hae
898 1323 978 1380 euim
993 1319 1100 1380 ambae
1118 1341 1209 1380 voces
1224 1339 1294 1380 nou
1313 1322 1402 1400 magis
1462 1359 1463 1366 ι

316 1401 355 1466 τὰ
377 1397 562 1483 ἐνδύματα,
590 1423 682 1486 quam
701 1399 743 1464 τὰ
764 1397 925 1482 ἐκθύματα
964 1414 1081 1464 notant.
1125 1399 1194 1462 Mos
1214 1404 1318 1484 igitur
1339 1401 1403 1476 ille,

316 1487 356 1548 de
386 1508 448 1568 qao
469 1487 614 1548 bacteum
640 1483 850 1569 exposuimus,
877 1507 942 1568 quo
962 1487 1025 1548 cius
1046 1483 1156 1560 vestis,
1187 1487 1245 1565 qui
1266 1485 1403 1544 trabem

316 1589 336 1630 a
367 1570 492 1632 domino
520 1567 639 1630 miasarn
667 1569 784 1647 induit,
813 1565 857 1628 illi
885 1564 987 1647 cedit,
1018 1569 1071 1651 qui
1095 1571 1220 1628 mnsam
1240 1568 1402 1629 adomim

317 1651 448 1796 perfert,
477 1654 568 1713 etiarn
599 1653 630 1714 in
658 1650 727 1713 aula
746 1651 910 1735 Byzantina
929 1650 1002 1712 olim
1021 1649 1200 1726 obtinebat,
1235 1661 1274 1710 ut
1289 1671 1329 1710 ex
1351 1649 1404 1710 boc

330 1755 387 1797 ooo
413 1745 444 1797 et
463 1734 553 1818 paulo
572 1743 639 1818 post
658 1733 713 1794 liu.
748 1753 794 1795 ra.
808 1744 909 1816 patet,
931 1745 961 1796 et
977 1756 1048 1796 cum
1068 1731 1133 1796 aliis
1156 1730 1265 1796 multis
1285 1735 1404 1795 instita-

322 1823 362 1882 aa
383 1821 415 1880 in
435 1819 578 1879 Turciam
597 1839 616 1880 e
635 1817 761 1878 Graecia
784 1819 935 1900 migravit.

403 1901 437 1963 B.
452 1899 582 1986 a.[711,
610 1899 658 1980 8.]
690 1895 887 1960 lurdtil'mrat.
928 1900 974 1960 lta
1004 1897 1209 1958 membranae.
1257 1897 1335 1982 Leg.
1356 1907 1405 1958 ant

322 1978 541 2060 institorem,
563 1992 597 2042 ut
616 1981 769 2043 Draudius
790 2002 911 2064 qnoque
941 1984 972 2043 in
996 1980 1168 2062 apographo
1200 1992 1405 2057 exaraverat,

322 2077 376 2130 ant
401 2066 534 2126 exaravit
573 2064 714 2126 librariae
741 2085 827 2124 more
858 2085 913 2125 auo
942 2061 1125 2124 e‘urd‘r'rl'ntnr
1144 2083 1204 2144 pro
1231 2059 1405 2124 a’rrrddintut

323 2149 474 2212 acheronte
494 2148 675 2218 Pindarico,
698 2167 760 2228 quo
779 2146 936 2230 singularis
956 2166 1011 2228 pro
1029 2143 1138 2227 plurali
1161 2146 1310 2248 ponitur,
1343 2145 1403 2204 vid.
1464 2179 1465 2202 t

325 2231 366 2292 ad
395 2253 428 2312 p.
453 2227 525 2308 aad.
550 2229 585 2290 ll.
602 2227 633 2289 8.
655 2229 755 2299 dicta,
789 2230 842 2290 ubi
867 2224 900 2290 ni
924 2223 1031 2308 ciprani
1049 2221 1137 2302 ὑμῶν
1158 2226 1325 2290 ornans»
1343 2229 1408 2310 unic

321 2309 404 2391 μέγα
435 2311 544 2393 legitur
571 2331 628 2394 pro
658 2309 832 2373 ἀνέτειλαν.
880 2311 984 2394 Neque
1004 2309 1122 2388 dubito,
1144 2309 1276 2372 schema
1304 2311 1365 2373 boc
1382 2321 1409 2372 tt

323 2393 397 2456 olim
416 2393 508 2476 vulgo
531 2395 647 2454 Graeco
670 2395 877 2478 antiquissimo
898 2397 929 2454 in
950 2415 1007 2455 usu
1029 2403 1060 2454 et
1080 2391 1145 2453 aliis
1159 2413 1290 2476 quoque
1310 2415 1410 2456 mnen-

321 2479 409 2538 tioria
431 2479 536 2538 aetnae
556 2476 677 2537 Graecis
699 2479 895 2558 scriptoribus
914 2477 1020 2537 tritum
1037 2475 1148 2548 fuisse,
1175 2480 1324 2557 panaris
1343 2499 1408 2560 pro

323 2559 454 2621 batiores
475 2571 504 2620 et
525 2562 610 2620 aurei
631 2559 726 2621 veluti
748 2563 905 2643 scriptores
924 2561 963 2620 ab
985 2581 1020 2620 eo
1041 2559 1098 2619 sibi
1116 2563 1272 2620 caverint.
1319 2560 1411 2622 bialu-

325 2641 369 2705 las
389 2651 470 2704 certe
490 2642 530 2703 ab
560 2663 596 2703 eo
623 2661 655 2703 se
686 2665 749 2703 non
769 2643 932 2715 abstinuit,
965 2643 1018 2724 qui
1039 2664 1073 2724 p.
1094 2639 1237 2724 161.9.:
1262 2633 1306 2722 ἦν
1325 2639 1413 2724 εἰιῇ

327 2722 418 2786 πόλει
438 2723 634 2804 oornllnyni
649 2722 815 2802 ‘rapaton
832 2727 889 2786 καί
914 2717 1064 2797 olem,
1089 2727 1123 2784 ιἰι
1141 2746 1180 2784 ea
1202 2723 1282 2785 arte
1306 2727 1413 2787 llam·
1465 2771 1466 2774 ι

219 2809 224 2820 ’
327 2810 375 2869 nir
393 2807 599 2868 amnone
618 2822 713 2881 emat,
735 2808 974 2884 intercedebant,
994 2809 1194 2881 comparia,-
1223 2807 1287 2868 ubi
1309 2811 1413 2870 srustn

265 2938 269 2947 .
326 2903 373 2952 est
395 2889 563 2952 Cbilmead.
584 2901 702 2950 mutare
733 2902 863 2952 tentans.
905 2891 994 2952 Siluit
1012 2901 1093 2968 certe
1126 2889 1164 2950 ad
1186 2911 1219 2970 p.
1248 2911 1329 2952 arn.
1360 2893 1411 2956 5..

327 2972 524 3055 abilegiturt
557 2961 597 3052 ἦν
615 2969 677 3053 γὰρ
698 2967 847 3049 λαβόντες
869 2969 1034 3052 ἀπόκρισιν
1062 2965 1124 3032 eni
1145 2974 1208 3031 rori
1226 2965 1343 3035 αὐτῶν
1360 2977 1415 3050 βα-

328 3055 450 3126 σιλέως.
492 3055 611 3117 Pariter
631 3046 670 3136 ἢν
688 3076 744 3136 pro
764 3045 847 3134 ἦσαν
866 3055 957 3116 habet
975 3053 1136 3138 Sophocles
1155 3054 1315 3118 Traebin.
1339 3059 1415 3140 529..

330 3139 384 3198 ubi
403 3137 467 3198 vid.
488 3135 593 3198 Sebol.
615 3137 673 3197 Sed
698 3148 807 3214 erunt,
826 3141 935 3220 quibus
955 3140 1027 3199 hacc
1054 3139 1153 3198 forma
1181 3151 1347 3200 contracta
1364 3160 1417 3220 pru

329 3225 448 3302 integro
469 3209 553 3299 ἦσαν
569 3219 731 3298 videatur,
762 3232 796 3301 at
828 3218 950 3302 μίχθην
981 3242 1037 3304 pro
1055 3219 1220 3301 μίχθησαν
1256 3233 1290 3282 et
1312 3221 1418 3284 similia

331 3303 413 3388 apud
438 3303 616 3362 Homerum.

413 3385 448 3445 C.
466 3407 495 3447 a.
516 3383 612 3468 [711,
638 3381 978 3468 18.]ἄναβιβασμοι)ς.
1017 3387 1241 3458 Prometheae,
1275 3387 1318 3448 ab
1347 3387 1420 3448 dra·

331 3461 496 3547 βιβᾶζειν,
525 3471 557 3529 in
588 3469 723 3530 altiorem
748 3469 845 3528 loriam
868 3491 1062 3552 proniorem,
1090 3469 1154 3528 vid.
1184 3469 1235 3528 Du
1261 3471 1365 3552 Cane-*e
1386 3491 1418 3528 r.

333 3553 530 3614 Araborum.
576 3551 637 3610 Sed
669 3552 822 3631 φιοιιιοάο
848 3563 966 3633 poterat
1001 3551 1184 3636 Curopalata
1211 3559 1421 3632 pronosim-s

332 3633 427 3694 darei
448 3635 517 3694 Non
536 3643 617 3694 certe
635 3635 668 3694 in
687 3631 864 3695 officialibus
884 3635 991 3712 aulae,
1021 3635 1074 3695 sed
1095 3637 1124 3694 in
1148 3635 1319 3696 ministerio
1340 3659 1421 3710 suo,

333 3714 365 3775 in
386 3716 498 3777 familia
516 3718 656 3861 purete,
684 3716 725 3777 ad
744 3717 971 3800 dispositionem
991 3737 1079 3778 suam
1098 3721 1280 3801 pertinente.
1325 3720 1422 3782 Cous.

358 3839 368 3859 .
404 3820 450 3859 ra.
465 3799 507 3860 D.
539 3841 548 3858 .

332 3799 669 3964 Ρ41).4.[7ω,7.]
690 3874 890 3966 σὺνιῷτοῦ
912 3881 1143 3962 ιουβουκλείοιι.
1182 3881 1308 3946 Sabint.
1319 3881 1420 3966 χαρᾷ,

333 3962 392 4027 niti
412 3962 499 4024 malis
518 3968 583 4033 τοῖς
606 3963 714 4046 legere.

397 4043 683 4130 415.A·a.[712,
714 4043 773 4127 14]
806 4045 846 4126 τῆ
878 4044 1037 4132 συγκλήτῳ
1066 4041 1270 4128 ἁρμόζονται.
1331 4049 1422 4108 flunt

336 4127 440 4192 locam
459 4127 555 4188 fateor
578 4149 629 4190 me
658 4151 720 4189 non
751 4109 926 4212 intelligere.
968 4133 1069 4209 Quare
1098 4133 1178 4191 enirn
1200 4142 1327 4205 rector,
1357 4153 1424 4190 naa-

337 4215 431 4296 geter
455 4231 610 4275 sacrorum
646 4212 817 4275 officiorum
837 4211 1055 4298 Cumpalates,
1081 4215 1197 4296 patricii
1226 4219 1327 4297 magis
1343 4217 1424 4275 iuter
