2975 4892
12 400 28 461 ’,ι
124 356 601 483 inconstantiorem.
631 351 842 447 brorum.
871 367 948 447 ua.
969 317 1010 447 ri
1071 356 1158 446 883

15 584 25 595 .
67 537 185 597 cantico
205 534 244 595 ab
264 534 330 617 ipso
349 537 530 619 composito,
549 532 656 619 procui
676 534 771 596 dubio
790 532 951 617 legendum
971 548 1017 599 eat
1026 538 1154 621 χειροῖν,-

11 648 12 677 ;
64 620 125 679 nisi
139 618 278 678 malimus
297 619 407 696 dicere,
428 630 582 680 auctorem
597 618 761 679 admodum
774 620 887 700 tragice
902 617 1036 682 locutum
1052 623 1153 685 fuisse.

11 698 13 705 ’
65 703 183 762 Verum
195 701 327 784 ‘quidem
350 714 417 781 est,
450 704 650 785 Imperatores
671 702 753 763 haud
779 713 850 761 raro
868 702 949 783 ipsos
967 709 1084 766 cantica
1102 728 1155 773 ομ,

10 844 11 849 ,
64 806 114 846 sos
132 785 222 845 suisne
240 803 295 845 suo
315 788 415 845 coetui
435 796 498 845 tam
519 789 551 845 in
571 786 712 862 ecclesia,
733 806 826 867 quam
846 784 952 864 domi,
981 798 1016 847 ut
1035 779 1156 851 constat

10 868 24 938 ’,
63 865 203 949 exemplo
224 868 333 927 Leonis
355 870 503 943 Armeni,
524 869 562 929 de
581 890 642 953 quo
657 868 813 929 Cedrenns
830 889 862 949 p.
877 866 949 951 491.
969 868 1021 933 cs
1047 868 1157 933 εἰώθει

10 1014 14 1023 ,
62 950 101 1011 ἓν
120 954 191 1020 ταῖς
209 950 414 1033 ψαλμῳδιάις
437 946 584 1031 ἐξάρχειν
606 953 671 1012 τῶν
689 946 807 1030 αἴνων,
834 951 891 1011 καί
907 944 1101 1025 patiendas
1119 954 1156 1015 ἐν

10 1036 20 1102 ²
61 1030 198 1175 nrt
216 1028 541 1177 nstituit
565 1024 1157 1180 :turerrmntios

9 1252 16 1280 ,ι
61 1198 207 1259 dicuntur
233 1198 380 1279 hymnum
412 1202 475 1260 eius
504 1138 645 1261 maynibus
670 1209 784 1261 textum
805 1162 981 1281 calamdque
1004 1204 1068 1262 eius
1086 1195 1157 1263 eia·

9 1296 11 1303 ’
61 1292 164 1343 ratum
185 1282 290 1341 ordiri.
335 1282 461 1344 Celeber
488 1293 590 1343 autem
618 1285 681 1343 Leo
708 1284 834 1364 Sapiens
860 1294 906 1343 est
924 1287 1005 1345 iuter
1021 1284 1155 1368 hymno·

11 1378 16 1386 ’
61 1362 194 1447 g'rapbos
215 1368 358 1439 Graecos,
380 1377 415 1426 nt
433 1386 469 1426 ex
490 1370 562 1427 actis
582 1366 764 1427 Sanctorum
787 1366 825 1431 T.
848 1366 874 1426 l.
896 1366 975 1428 Iunii
996 1378 1125 1429 constat.

9 1452 10 1455 ’
147 1448 180 1513 Β.
201 1447 258 1508 ult.
282 1446 376 1531 ,[757,
396 1446 457 1531 tn]
494 1444 633 1525 δεξᾴιου.
675 1448 721 1509 lta
741 1447 834 1530 paulo
853 1447 1030 1511 insolentius
1050 1452 1156 1534 appel·

8 1552 13 1557 ·
62 1528 108 1591 tat
128 1541 223 1591 totam
243 1548 299 1612 pet·
320 1532 390 1593 xit.
411 1530 475 1592 dies
497 1532 703 1593 continuatam
721 1531 920 1607 hilaritatem,
944 1532 1055 1613 quibus
1068 1556 1156 1596 uem·

8 1610 12 1641 ³
61 1634 105 1695 pe
125 1615 202 1696 imp.
224 1634 362 1697 proceres
377 1612 415 1673 ad
436 1636 468 1677 se
489 1614 576 1675 etad
598 1608 732 1675 creusam
754 1635 839 1675 suam
859 1613 1049 1676 admittebat.

148 1698 183 1758 C.
204 1718 234 1779 7.
255 1696 345 1793 [757.
368 1694 426 1779 ι7.]
453 1696 677 1759 Ἰουστινιανοῦ
696 1696 756 1758 τοῦ
773 1695 926 1776 μεγάλου.
970 1692 1157 1763 iustinianrid

11 1769 16 1784 ’
62 1779 110 1844 Μ.
127 1779 177 1841 ille
204 1780 264 1841 dici
290 1778 387 1858 solet,
419 1784 472 1861 qui
494 1780 654 1857 belisario,
679 1782 832 1863 Procopio
857 1790 887 1839 et
907 1777 1057 1863 A'g'athiae
1083 1786 1158 1845 vixit

63 1862 199 1945 aequalis
218 1864 318 1923 medio
339 1862 458 1925 saeculo
480 1865 534 1930 VI.
553 1875 583 1925 et
604 1863 656 1925 diu
687 1884 857 1945 magnaque
885 1884 955 1925 cnm
976 1862 1072 1945 gloria
1107 1887 1156 1927 rc-

7 1948 13 1964 *
63 1950 194 2027 gonrit,
228 1946 368 2007 omnibns
390 1958 490 2007 notus.
530 1948 627 2029 Atqui
647 1946 812 2009 triclinium
831 1948 989 2007 iustiniani
1009 1968 1071 2007 nou
1092 1946 1155 2023 ilie,

64 2030 119 2089 sed
141 2030 324 2091 iustiniauus
352 2020 368 2088 ri
399 2027 466 2101 νέος
492 2041 523 2091 et
550 2022 790 2110 ὃρινότμητος,
809 2040 860 2089 -ut
883 2027 1029 2109 appellari
1058 2029 1156 2105 soiet,

7 2140 8 2145 ¹
64 2113 120 2193 qui
140 2112 259 2173 saeculo
279 2112 353 2171 vlt.
376 2122 501 2173 exeunte
522 2115 658 2195 regnavit
678 2112 766 2173 foeda
786 2133 856 2173 oum
876 2112 978 2190 sarna,
999 2113 1155 2189 condidit,

6 2234 7 2237 =
62 2206 103 2253 ut
121 2206 237 2257 constat
258 2216 275 2255 e
295 2196 345 2254 Du
368 2196 472 2277 Gangii
492 2196 569 2259 CPii
591 2194 704 2257 Christ.
728 2197 821 2257 L.11.
840 2217 870 2275 p.
899 2194 969 2256 118.
1010 2196 1068 2257 Est
1086 2201 1160 2278 ergo'

6 2300 7 2305 ¹
65 2299 153 2338 error
177 2290 230 2339 aut
252 2280 414 2338 memoriae
432 2282 586 2356 auctoris,
612 2289 665 2339 aut
691 2278 809 2341 calamo
830 2277 947 2339 librarii
976 2278 1158 2347 tribuendus

65 2372 99 2420 et
117 2360 188 2421 νέου
210 2360 436 2443 reponendum,
463 2373 517 2423 ant
537 2360 580 2447 τῷ
600 2356 748 2447 μεγάλῳ,
772 2373 807 2423 ut
826 2384 857 2445 p.
869 2360 942 2439 440.
964 2362 1000 2423 C.
1015 2383 1048 2445 7.
1069 2360 1160 2429 conf.

5 2464 7 2487 t
66 2444 149 2505 dieta
176 2444 215 2505 ad
241 2466 273 2525 p.
298 2445 370 2525 372.
393 2445 432 2503 A.
455 2442 512 2511 ult.
1032 2508 1037 2519 ,
1153 2496 1159 2515 ,

152 2527 192 2592 D.
213 2526 244 2588 8.
266 2526 353 2609 [758‚
369 2524 418 2609 8.]
439 2524 482 2609 τῷ
533 2524 648 2605 &tyrsos
691 2526 738 2587 lta
760 2526 967 2589 membranae.¹
1017 2524 1082 2589 Aut
1112 2526 1159 2612 τᾷ

67 2608 232 2694 φθέγματι
253 2609 311 2691 leg.
345 2618 399 2669 aut
419 2603 453 2668 τὸ
477 2546 619 2689 ecdippa.
658 2608 751 2668 Prius
773 2610 895 2670 rectius.

73 2778 76 2784 ,
151 2690 225 2776 439.
248 2695 286 2757 A.
324 2690 434 2775 Ι[758.
455 2688 517 2774 15.]
533 2684 822 2767 τῶνκαθισμάτων.
849 2692 899 2751 Sic
913 2703 943 2751 et
955 2693 1036 2789 inira
1050 2686 1163 2789 legitur⁸

5 2818 6 2823 '
65 2772 457 2941 {auditiauditi}
475 2772 817 2937 &dinitidat
834 2774 1161 2938 Atttddtttitt

66 2940 150 3008 illud
177 2940 310 3002 tribunal
356 2940 407 3001 vei
434 2940 603 3001 aedificium
628 2960 718 3023 super
739 2941 854 3001 circum
873 2943 1027 3017 eminens,
1055 2962 1073 3001 e
1097 2961 1160 3021 qrro

68 3026 151 3106 lmp.
175 3024 263 3086 ludos
286 3026 435 3085 circenses
463 3023 636 3106 spectabat,
663 3034 697 3083 ut
720 3023 839 3103 saepius
862 3023 989 3085 dictum.
1031 3023 1162 3085 Videtur

68 3106 216 3186 inferius,
245 3108 276 3168 iu
304 3108 364 3167 ima
384 3106 476 3167 huius
498 3106 625 3167 aedificii
645 3107 893 3187 contignatione,
915 3108 979 3168 saia
1003 3104 1162 3189 pransorid

68 3191 183 3268 misse,
213 3210 305 3271 quam
331 3190 441 3251 Noster
462 3188 513 3251 hic
540 3184 596 3250 τὸν
617 3184 774 3267 τρίκλινον
794 3189 856 3251 τῶν
875 3188 1083 3266 καθωμάτων
1106 3210 1161 3271 ap·

68 3272 173 3356 pellat.
216 3274 299 3335 lni'm
317 3282 418 3335 autem
442 3270 558 3356 7.·450.
574 3264 686 3351 sadai
714 3272 869 3354 τρύιλινος
889 3272 948 3333 τοῦ
967 3268 1164 3349 καθώματος

69 3372 89 3418 a
134 3356 252 3420 ellatur.
583 3414 586 3423 ,
635 3394 640 3406 ,
1018 3413 1020 3418 .

90 3378 133 3440 pp
156 3424 197 3507 A.
219 3460 252 3523 9.
274 3434 359 3525 [758,
373 3419 434 3522 co]
467 3432 606 3523 ἅκταρίῳ
627 3435 683 3498 καί
695 3436 742 3521 τῷ
754 3433 968 3523 daaooypoiprp'.
1008 3438 1054 3498 ita
1067 3440 1168 3498 mema‘

68 3512 199 3597 branae.
243 3524 382 3584 Aerarius
406 3524 477 3584 satis
504 3522 582 3583 bene
605 3532 702 3603 potest
731 3520 792 3581 dici
820 3519 861 3581 ab
875 3536 962 3598 acta,
990 3541 1089 3603 neque
1109 3528 1165 3602 pe&

69 3608 133 3679 ius,
150 3626 244 3688 quam
262 3608 410 3667 actuarius
427 3605 468 3667 ab
490 3618 591 3680 actm
615 3598 941 3685 dauneypcipocautem
959 3602 1039 3663 male
1060 3608 1166 3664 erara2

69 3692 141 3751 tum
163 3700 208 3751 est
226 3706 282 3771 pro
302 3684 528 3773 δεησογράφος.
567 3686 609 3749 Et
626 3686 824 3773 adscripscrat
844 3684 885 3749 cl.
907 3685 1019 3747 Leicbe
1034 3685 1165 3767 margini

73 3772 241 3855 apographi
255 3771 437 3849 Drandiani,
467 3768 526 3853 leg.
549 3776 612 3831 esse
631 3765 853 3856 deqooypoipat'.
907 3768 967 3829 Sed
989 3790 1009 3829 a
1040 3779 1167 3851 repreto‘

72 3857 152 3921 ficus
168 3854 297 3937 quaerit,
322 3856 375 3937 qui
398 3852 620 3916 accurationem
640 3854 672 3912 e't
694 3852 858 3935 puritatem
879 3850 1023 3913 sermonis
1043 3874 1061 3913 a
1078 3855 1167 3913 novis

73 3936 200 4001 Graecis
223 3948 384 4020 exspectat·
426 3936 475 3999 Sic
495 3928 711 4017 εὕὲυχοφόρος
731 3934 837 3996 ditum
860 3933 915 4018 pro
931 3929 1169 4017 Ιεὔτυχιὸφόρος

76 4019 129 4093 uel
150 4012 408 4103 εὕτυχειοφόρος,
436 4032 472 4081 ut
495 4020 528 4080 in
543 4019 658 4081 Latinis
684 4020 758 4079 meis
777 4014 894 4101 ubique'
916 4020 1045 4100 reposui,
1072 4027 1103 4077 et
1122 4018 1169 4075 iu·‘

73 4104 122 4167 fra
137 4126 169 4186 p.
192 4104 265 4181 462.
282 4104 321 4165 A.
341 4126 367 4164 t.
388 4111 433 4163 est
452 4096 652 4181 γείτονάρχης
670 4123 727 4183 pro
746 4098 986 4200 7ειτονιάρχ7ς.
1019 4098 1102 4161 Taiis
1126 4082 1171 4182 est

72 4180 217 4250 formatio
235 4180 446 4262 ὀπισθόδομος
465 4206 521 4266 pro
536 4178 774 4261 ὄπισθιόδομος,
796 4184 827 4243 id
846 4178 1171 4263 estdonoqdurir31033

77 4264 334 4356 xmprpdnypnipoe
352 4288 411 4354 pro
438 4261 717 4355 κωμῳδιογρὰφος.
768 4260 972 4351 Ποσωχάρης
995 4270 1028 4328 in
1049 4261 1173 4327 Audio-⁴
