2975 4892
14 325 15 402 ,
141 297 203 364 sn
235 295 649 365 consciunronrn.
679 299 732 362 nn
761 298 1049 368 erumnas.
1142 307 1188 362 11

82 455 180 517 ham
225 452 454 513 Differentiam
472 453 576 512 statuit
595 451 711 512 Gnarus
734 452 774 512 ad
795 454 902 515 Codin.
923 455 1034 537 pub.
1054 457 1125 538 nd„
1143 460 1191 520 in·

83 549 133 598 ter
150 535 356 618 προέλευσιν
385 545 417 594 et
437 528 618 614 npduevoov.
659 533 766 616 Illam,
786 538 847 614 ait,
875 537 965 598 lirisse
988 549 1107 603 tantam
1126 543 1193 622 pie-

85 623 158 680 tatis
183 639 302 680 caussa
318 618 495 677 institutam
515 617 748 697 processionem,
768 639 839 677 cum
857 620 1091 701 supplicatione:
1114 621 1192 684 hanc

87 723 162 762 vum
187 711 322 762 unnim
352 719 486 782 pompae
509 710 540 759 et
563 698 648 758 luxua
675 700 843 760 ostentandi
865 706 971 782 gratia.
1022 705 1081 766 Sed
1101 704 1192 768 allata

86 789 149 844 iam
169 783 323 864 exempla
338 784 405 842 riri
427 782 504 842 docti
520 782 696 842 sententiam
717 785 788 845 satis
802 795 953 864 evertunt,
972 798 1002 848 et
1019 789 1084 869 ipsa
1102 787 1193 850 huius

88 871 196 949 cupitis
228 866 422 946 inscriptio,
452 865 485 923 in
513 883 574 945 qna
598 867 747 944 processio
771 866 963 947 Imperatoris
994 869 1033 930 ad
1054 891 1192 951 magnam

87 949 262 1012 Ecclesiam
302 947 403 1008 modo
431 939 602 1026 πρόκενσος
613 992 623 1022 ,
663 947 753 1007 modo
791 949 974 1029 προέλευσις
1011 951 1191 1034 appellabar.

89 1033 187 1092 Erant
211 1041 331 1092 autem
360 1031 483 1089 omnino
519 1027 631 1088 diversi
651 1033 768 1112 generis
791 1035 1013 1114 processiones,
1040 1055 1143 1096 merae
1164 1045 1195 1096 et

93 1116 251 1196 pesenae.
303 1111 446 1172 Melioris
466 1111 581 1171 ordinis
594 1115 689 1193 gratia
697 1114 735 1173 de
753 1113 878 1196 singulis
899 1120 1022 1178 seorsim
1037 1139 1145 1200 agam,
1163 1129 1195 1179 et

95 1199 132 1260 ὼ
154 1197 221 1258 illis
244 1195 384 1278 quidem
407 1195 507 1276 primo
527 1192 605 1254 loco.

178 1280 300 1340 Sacrae
325 1279 535 1360 processiones
559 1287 644 1337 eram
665 1299 769 1339 rursus
798 1280 926 1364 duplicis
955 1283 1081 1364 generis.
1131 1282 1192 1343 Vel

96 1365 180 1424 aun
215 1373 308 1422 esunt
336 1361 500 1438 litanicae,
530 1353 633 1435 terat,
658 1361 909 1444 supplicatorias,
935 1366 1057 1446 quando
1082 1367 1193 1426 summi

97 1445 262 1526 Principes
284 1465 361 1504 mm
389 1442 471 1503 eles-o
493 1451 523 1502 et
585 1439 657 1523 pulo
676 1445 865 1526 nudipedes,
886 1458 939 1506 aut
955 1459 1035 1508 certe
1054 1448 1190 1529 pedites,

100 1526 331 1588 averruncandi
353 1547 432 1608 gran
455 1528 460 1540 '
498 1463 584 1602 mali:
605 1535 657 1584 aut
676 1527 830 1589 obtinendi
853 1529 1093 1590 desideratissimi
1106 1531 1192 1609 boni,

102 1621 135 1669 nt
150 1610 307 1691 pluviae,
330 1611 451 1690 gratia,
479 1628 535 1687 per
558 1607 665 1667 urbem
686 1620 717 1670 et
735 1611 849 1692 templa
868 1615 1081 1692 poenitentiam
1104 1633 1193 1672 mon-

103 1704 230 1753 strantes
257 1691 377 1753 humili
391 1691 498 1750 habitu
522 1689 672 1751 obibant:
694 1704 749 1752 aut
771 1705 856 1753 eram
872 1699 1075 1775 processiones
1093 1696 1194 1776 lmpe-

104 1787 238 1836 mma
264 1796 285 1836 e
310 1773 435 1856 palatiis
459 1774 521 1832 suis
542 1775 575 1832 in
602 1771 726 1855 templa.
770 1776 920 1856 Imagines
946 1775 1053 1836 talium
1073 1797 1195 1857 proees-

106 1861 221 1918 sionum
251 1859 290 1917 in
311 1854 489 1937 Menologio
511 1853 660 1916 Basiliano
684 1857 721 1919 T.
740 1858 767 1917 Ι.
791 1857 892 1918 tribus
910 1856 983 1917 locis
1008 1860 1194 1939 conspiciun-

106 1951 175 2018 tur,
195 1940 303 2023 μθ).
326 1951 361 1999 et
388 1959 461 1998 nro.
503 1937 692 1998 Observntnr
708 1941 740 1999 in
766 1938 826 2000 illis
845 1939 1024 2002 Patriamha
1048 1962 1117 2000 cnm
1140 1941 1196 2001 lm·
1287 1981 1291 1988 -

178 2035 246 2084 tore
266 2034 376 2101 stans,
398 2021 542 2082 diaconus
566 2019 677 2081 librum
701 2033 830 2102 tenens,
859 2034 890 2083 et
914 2022 1033 2084 sumans
1054 2023 1195 2084 thuribu-

195 2107 364 2188 qustiens‚
384 2103 463 2164 alius
492 2103 654 2182 diaconus,
684 2116 735 2165 ant
754 2127 866 2187 papas,
887 2127 1007 2166 crucem
1029 2107 1195 2188 processio·

113 2188 210 2250 nalem
230 2189 412 2270 praeferens
431 2207 511 2268 pone
529 2188 622 2248 istim
643 2179 697 2246 τὸν
711 2183 963 2270 θυμιατοφόρον,
989 2199 1020 2248 et
1037 2189 1196 2270 processio

112 2271 194 2332 mles
216 2271 311 2332 multi
336 2291 409 2329 cum
425 2270 518 2329 cereis
542 2269 723 2333 ardentibus.
773 2271 831 2331 llic
847 2271 941 2332 ferme
955 2282 1115 2352 apparatus
1132 2281 1197 2332 emt

116 2354 219 2414 talimn
242 2351 441 2436 publicarum
461 2352 710 2432 supplicationum
735 2373 752 2413 e
778 2356 904 2414 vetustis
927 2352 1087 2436 gentilibus
1113 2375 1196 2414 cere·

117 2441 223 2498 moniis
244 2437 425 2512 derivatus,
446 2456 538 2517 penes
555 2455 629 2516 qrros
650 2438 680 2496 in
704 2437 944 2517 processionibus
965 2435 1198 2518 triumphalibus
1229 2496 1239 2514 ,

117 2517 268 2580 limatos
292 2539 364 2579 eum
389 2517 543 2578 funalibus
570 2519 743 2579 ardentibus
770 2531 799 2580 et
826 2518 989 2579 thuribulis
1014 2518 1199 2578 fumantibus
1301 2578 1305 2592 ⁸

117 2685 222 2746 Prima
245 2601 946 2765 dictandnuhtatlliedhlbziiCihihlgidiirdodxhilidt,
965 2599 1200 2764 ogdalssaplsnbffi
1267 2703 1273 2711 ·

119 2767 218 2848 stylo,
239 2777 277 2826 ut
298 2767 361 2828 fere
386 2785 492 2827 omnes
514 2765 676 2848 hlenologii
698 2765 778 2825 illius
798 2767 960 2846 imagines,
981 2765 1199 2846 processionem
1234 2783 1239 2792 “

119 2850 315 2931 imperatoris
341 2848 507 2910 Theodosii
533 2850 657 2908 iunioris
680 2859 710 2908 et
739 2847 841 2908 Procli
860 2846 1053 2909 Patrios-chae
1076 2847 1114 2908 ad
1142 2849 1201 2908 lle·

119 2931 291 3010 bdomnm,
312 2932 354 2994 ob
369 2943 470 2992 terrae
488 2941 603 2990 motum
623 2931 692 2991 urbi
713 2934 812 3012 regiae
825 2932 978 3008 infestum,
1002 2931 1116 3012 dequo
1130 2930 1201 2992 vide

119 3015 249 3078 Cedren.
272 3037 342 3098 pag.
365 3015 434 3090 342.
457 3015 494 3074 B.
537 3014 674 3074 Secunda
687 3016 906 3096 processionem
924 3016 1033 3074 Leonis
1058 3014 1153 3074 Isauri
1171 3023 1202 3072 et

117 3099 276 3160 Amasti
295 3097 492 3158 Patriarchae
506 3096 547 3156 ob
564 3097 686 3156 eandem
706 3117 843 3157 cansam:
866 3096 929 3157 vid.
944 3097 1071 3158 Cedren
1091 3118 1120 3179 p.
1130 3094 1201 3175 457.

116 3181 157 3244 D.
197 3183 308 3241 Tertia
328 3179 458 3260 denique
472 3182 688 3260 processionem
711 3180 749 3238 ad
763 3178 952 3259 excipiendas
972 3178 1114 3259 reliquias
1133 3177 1202 3237 Cle·

117 3267 229 3324 mesatis
261 3265 287 3325 l.
307 3263 463 3324 Pontificis
484 3263 620 3324 Romani.
661 3261 768 3321 Talem
794 3263 1036 3344 processionem,
1061 3260 1203 3339 quello-

118 3369 227 3408 manns
262 3348 440 3428 Leoepenus
476 3346 636 3424 imaginem
667 3344 779 3404 Christi
802 3345 988 3404 Edessenam
1008 3341 1128 3402 sudario
1154 3362 1204 3401 es-

118 3451 255 3512 pressam
284 3431 427 3510 excepit,
459 3426 601 3487 describit
628 3425 808 3509 Anonymns
838 3429 870 3484 in
906 3424 1109 3507 Scriptoribns
1136 3433 1205 3506 post

118 3513 301 3596 Theophane
328 3533 361 3593 p.
380 3509 449 3573 268.
500 3509 724 3570 Processionem
751 3510 883 3569 Edessae
908 3508 949 3569 ob
979 3507 1108 3570 terrifica
1131 3529 1206 3589 por-

116 3609 197 3659 tenta
219 3599 398 3656 institutam
411 3592 555 3654 describit
570 3591 773 3653 Assemannus
787 3595 819 3652 in
834 3591 913 3652 Bibl.
926 3592 982 3656 Or.
995 3592 1035 3650 T.
1045 3590 1068 3656 l.
1089 3612 1122 3668 p.
1135 3608 1204 3664 27⁰·

116 3681 183 3741 tte
212 3681 328 3740 laeuae
345 3677 474 3758 stylitae
500 3675 650 3736 Chronico
683 3677 807 3758 Syriaco
840 3677 894 3735 sic.
917 3708 931 3720 -
952 3707 968 3720 ·
989 3670 1204 3756 Hocflagello

113 3765 226 3824 moniti
245 3761 430 3836 Edesseni,
454 3761 549 3820 Petro
570 3759 729 3840 Episcopo
752 3758 934 3828 indicente,
959 3755 1206 3838 supplicationes

108 3867 166 3931 per
183 3859 292 3908 totam
317 3844 435 3904 urbem
447 3839 607 3921 fecerunt.
654 3841 844 3926 confluxere
869 3859 973 3899 omna
987 3839 1074 3908 oiri,
1094 3835 1206 3896 mulie·

110 3951 179 4009 res,
197 3930 303 4014 pueri
315 3939 350 3988 et
362 3924 480 3986 clerici
496 3942 620 3984 crucem
642 3923 859 4008 praeferentes
879 3934 909 3983 st
925 3921 1073 3981 Psalmos
1090 3938 1206 3978 canen-

14 4065 15 4072 ,
109 4027 149 4076 tss
179 4013 311 4076 atratis
335 4007 487 4072 vestibus
516 4009 675 4067 assunrtis.
725 4005 794 4067 Sed
822 4017 852 4066 et
872 4003 1021 4064 manati
1040 4001 1207 4062 moniales·

14 4107 15 4146 ι
184 4115 304 4160 omnes
330 4090 481 4172 regionis
504 4087 648 4148 orationi
672 4091 865 4150 institerunt.
912 4087 1138 4148 Processionem
1158 4105 1207 4143 so·

253 4201 323 4267 pm
348 4170 551 4260 impetrari
568 4169 670 4254 pluvia
685 4171 740 4238 sus
756 4172 831 4257 unp.
852 4169 999 4234 mesen
1014 4167 1207 4255 rapuisses
1291 4190 1295 4195 ν
1399 4150 1406 4228 ἱ
