2975 4892
320 277 424 391 694.
554 304 610 372 10.
639 301 1207 372 uc.nu1sxrrconurnemnu

321 461 405 523 aulas
440 481 473 522 re
515 478 545 522 rn
566 460 686 522 Persice
714 460 791 535 tun,
824 460 862 521 de
883 479 1014 542 quorum
1033 459 1116 522 inter
1135 459 1272 522 condrio
1291 459 1404 520 muna

319 545 442 607 videndi
490 543 547 605 elle
577 543 684 622 Valle,
719 543 860 604 Olearics
887 555 917 604 et
936 543 987 603 alii
1020 546 1270 625 peregnnatores.
1314 541 1403 600 Cane·

320 627 396 689 bant
415 637 516 688 autem
550 629 656 688 musici
691 627 912 707 Imperatorum
932 627 1127 686 CPtanorum
1153 624 1256 686 laudes
1276 645 1403 701 eonrm,

321 721 358 771 ut
383 721 483 771 noster
503 709 635 791 appellat
654 709 841 787 ductilem,
874 731 931 791 pro
952 731 1037 772 more
1066 713 1192 770 istorum
1211 719 1403 788 temporum,

322 793 434 875 quibus
461 796 609 874 principes
640 793 800 874 Europae,
834 791 872 852 cd
902 791 1070 874 exemplum
1098 791 1191 861 aulae¹
1206 791 1406 871 Byzantinae,

322 879 440 938 nutrire
468 875 605 938 solebant
638 877 803 936 immanem
844 876 961 956 copiam
994 877 1182 951 mimorum,
1215 892 1407 948 scurrarum,

323 961 528 1034 musicorum,
558 979 633 1040 quos
654 977 759 1018 omnes
772 955 944 1020 nrznutellos
957 957 1149 1040 appellabant
1167 955 1258 1036 (unde
1278 959 1347 1015 nati
1372 956 1409 1014 les

323 1055 506 1103 mencstreur
520 1052 549 1101 et
573 1044 765 1118 merrestriers)
785 1041 869 1101 velut
880 1044 1025 1123 sequioris
1038 1041 1153 1101 ordinis
1168 1041 1347 1116 ministros,
1363 1059 1409 1097 co-

322 1127 477 1185 mitativue
492 1122 600 1196 faeces,
624 1145 753 1204 quorum
775 1145 887 1184 mainus
908 1133 974 1184 erat
994 1125 1212 1206 principesnoo
1233 1119 1410 1203 spectamlis

322 1219 441 1268 tuntum
463 1206 587 1268 ludicris
608 1203 783 1279 oblectare,
805 1207 858 1267 aed
879 1217 909 1266 et
927 1227 1034 1267 eorum
1054 1226 1141 1267 aures
1163 1207 1260 1264 vas-iis
1280 1225 1408 1263 avorum

323 1289 458 1372 adeoque
483 1291 617 1370 ipsorum
653 1292 825 1370 principum
860 1288 1002 1350 laudibus
1034 1311 1095 1350 non
1123 1289 1187 1349 sine
1206 1288 1409 1348 assentatione

323 1394 393 1432 cum
428 1372 584 1432 cantilenis
613 1384 643 1433 et
674 1373 794 1432 mrssicis
828 1372 1035 1433 instrumentis
1060 1369 1242 1433 demulcere.
1300 1371 1409 1429 Verbis

325 1467 396 1516 utor
418 1455 469 1514 Du
490 1455 605 1536 Cangii,
626 1457 711 1514 cuius
734 1453 818 1514 locus
847 1454 945 1516 Gloss.
966 1456 1035 1514 Lat.
1054 1477 1086 1515 v.
1108 1453 1266 1514 Maureta
1282 1453 1410 1513 conseri

323 1547 476 1612 meretur,
513 1540 584 1598 item
605 1549 694 1597 notae
714 1540 778 1598 eius
798 1537 837 1597 ad
866 1535 997 1598 loinvill.
1025 1560 1056 1619 p.
1077 1537 1143 1603 161.
1177 1536 1410 1616 Haglosophitae

325 1632 427 1681 autem
464 1619 503 1680 ad
521 1621 580 1682 hoc
608 1623 761 1701 impurum
790 1641 897 1701 genus·
912 1620 1071 1680 hominum
1095 1641 1159 1680 non
1185 1620 1409 1700 perticeut,et

324 1708 440 1764 musica
459 1725 565 1764 eorum
585 1724 646 1763 non
678 1713 742 1764 erat
773 1699 933 1783 petulans,
953 1723 1017 1764 nou
1036 1702 1239 1784 voluptuosa,
1259 1700 1318 1760 md
1344 1713 1410 1760 tem·

326 1799 431 1867 perata
453 1797 482 1846 et
502 1806 597 1866 paene
618 1807 726 1856 sacra,
758 1797 793 1846 ut
812 1785 899 1846 decet
920 1785 1058 1846 homines
1077 1785 1301 1846 ecclesiasticos.
1349 1787 1408 1844 ido-

323 1873 415 1930 sicam
437 1869 629 1952 thymelicum
650 1872 921 1950 intemperantem,
942 1867 1118 1952 flagitiosam
1131 1865 1408 1930 armabatur-aula

326 1953 460 2016 CPtaoa.

411 2031 679 2118 u.4.[585‚17.]
701 2031 737 2094 ἐν
757 2037 889 2113 χρυσοῖς
909 2031 1069 2105 διαλίθοις
1086 2033 1304 2104 emmellinae.
1351 2031 1410 2094 nte

193 2188 200 2200 .
326 2115 398 2176 olim
418 2127 504 2189 erat,
524 2120 548 2177 si
569 2117 641 2198 quid
671 2135 867 2177 nummorum
886 2115 976 2180 elicui
1006 2116 1121 2176 donare
1140 2111 1271 2195 vellent,
1292 2117 1332 2174 in
1345 2133 1410 2178 ’str-

337 2200 387 2258 vho
413 2201 442 2259 id
465 2203 568 2258 autin
596 2199 715 2260 scutula
744 2200 929 2282 porrigendi.
981 2200 1127 2260 Vetustus
1158 2199 1210 2260 ille
1229 2219 1296 2259 mos
1321 2183 1409 2259 est'd

325 2221 481 2342 lleiodoto
495 2285 554 2342 ium
567 2294 818 2343 commemoratus
838 2282 966 2364 eleganti
978 2281 1031 2342 illo
1052 2280 1119 2343 loco
1140 2282 1196 2344 lll.
1223 2283 1317 2343 raus
1343 2275 1411 2340 bae

325 2360 486 2424 eburovaa
500 2357 615 2444 ἑκάστη
625 2358 725 2448 φιάλῃ
739 2365 798 2425 rosi
817 2366 943 2443 χρυσοῦ
958 2361 1018 2426 aiv
1031 2360 1114 2449 θήκῃ
1122 2362 1274 2444 ἐδωρέετο
1286 2359 1348 2424 τὸν
1355 2360 1412 2440 Ap·

287 2515 292 2522 ¹
324 2439 482 2526 poaq'b'ea,
504 2439 589 2506 οὕτω
610 2441 650 2528 δή
673 2467 704 2508 τι
721 2445 854 2526 δαψιλεῖ
871 2445 999 2529 δωρεῇ,
1021 2443 1066 2519 ὥς
1084 2440 1162 2520 τούς
1182 2445 1411 2527 ιζπωιὰτοπις

327 2522 389 2588 cinti
414 2527 475 2590 τῶν
498 2524 638 2612 φιαλέων
658 2529 815 2608 στατῆρας
825 2540 883 2590 etc.
907 2529 1147 2611 Olympiodorus
1167 2530 1250 2610 apud
1270 2529 1412 2589 Plautium

326 2631 358 2692 p.
380 2609 466 2687 108.,
487 2611 657 2672 describens
689 2613 810 2695 nuptias
830 2612 968 2672 Athaulli
998 2634 1070 2674 cum
1089 2612 1246 2690 Placidic,
1293 2631 1415 2694 moueat

328 2695 371 2754 ait
397 2716 415 2754 a
448 2715 557 2776 sponso
588 2694 714 2756 donatos
742 2695 832 2755 liiisse
852 2697 1073 2777 qunquaginta
1100 2697 1224 2756 iuvenes
1232 2696 1409 2772 famosos,

328 2775 480 2853 εὐειδεῖς,
515 2775 742 2853 ἐνδεδυμένους
772 2771 907 2880 worado
936 2778 1081 2858 ἐσθῆτα,
1111 2778 1264 2859 φέροντος
1286 2769 1413 2837 ἑκάστου

327 2864 398 2924 ταῖς
417 2859 528 2938 χερσῖν
559 2853 619 2920 aab
649 2853 706 2918 δύο
725 2879 884 2939 μεγιστων
908 2855 1051 2936 δίσκων,
1084 2850 1130 2922 ὧν
1162 2852 1260 2938 ὃμὲν
1276 2857 1410 2937 χρυσίου

326 2937 459 3021 πλήρης,
482 2935 499 3001 b
521 2940 556 3003 dl
576 2941 688 3018 τιμίων
709 2941 821 3017 liliosa,
846 2941 1012 3021 μᾶλλονδὲ
1026 2934 1212 3024 decuriasse,
1232 2945 1327 3002 mrim
1340 2956 1414 3001 cute

327 3023 452 3100 melnes,
459 3026 593 3101 Ji’rentes
607 3027 734 3106 singulos
750 3026 822 3085 bina
836 3026 960 3104 main,
974 3047 1099 3111 quorum
1110 3047 1200 3084 unum
1209 3025 1333 3108 plenian
1354 3035 1416 3081 erat

322 3125 412 3182 auro,
437 3107 563 3166 alterum
583 3109 732 3192 lapidibus
743 3109 983 3184 aestimabilibus,
1006 3113 1098 3170 sumto
1114 3128 1186 3168 arem
1193 3107 1415 3167 mamamabili-

326 3185 379 3246 bus
401 3193 462 3267 (seu
482 3193 613 3270 pretium
635 3211 726 3252 omne
746 3191 979 3271 excedentibus).
998 3190 1199 3275 Symmachus
1219 3190 1280 3272 Ep.
1293 3185 1414 3250 limile

328 3273 432 3331 merito
449 3273 532 3331 uobis
557 3273 688 3333 solennes
702 3288 825 3357 pateras
845 3295 913 3334 cum
934 3277 1033 3359 quinis
1060 3275 1184 3351 solida,
1202 3287 1236 3333 ut
1254 3271 1416 3333 manins‘bru

326 3353 512 3434 integritatis,
528 3355 696 3432 offerimus,
714 3358 816 3442 qrdbus
829 3378 882 3417 nee
899 3358 1123 3499 vesteripamlor,
1141 3377 1195 3416 nec
1210 3368 1310 3415 noster
1319 3373 1416 3413 mnis

326 3451 478 3496 oneratur.
522 3439 570 3498 De
592 3442 701 3498 strenis
723 3441 872 3520 loquitur.
916 3441 983 3499 Gua
1009 3461 1103 3500 aoeus
1125 3439 1164 3500 de
1175 3436 1314 3498 Flamma
1334 3435 1414 3516 apud

326 3516 477 3579 Murator.
500 3519 575 3582 Ant.
593 3521 660 3581 ltal.
681 3523 720 3582 Τ.
749 3521 929 3602 11.p.862.
964 3523 1137 3585 desciibecs
1167 3521 1290 3581 tunsos
1315 3521 1411 3589 ritus,
1439 3553 1448 3569 ·

327 3600 438 3676 quibus
458 3601 531 3663 olim
555 3603 720 3664 Mediolani
750 3605 860 3665 festum
880 3605 1068 3686 Epiphaniae
1088 3603 1315 3677 celebrabam,
1337 3604 1415 3660 iuter

329 3678 388 3739 alla
417 3687 459 3742 ait
490 3699 604 3746 sanctos
633 3701 690 3746 tres
719 3709 801 3769 reges
833 3694 987 3748 carceratos
1015 3691 1113 3749 aureis
1132 3683 1271 3758 coronis,
1294 3698 1415 3744 numm

328 3762 361 3855 in
381 3767 513 3826 manibus
528 3771 651 3852 scyphos
669 3791 773 3830 aureos
796 3791 860 3829 cum
879 3791 966 3843 auro,
987 3772 1072 3830 thure
1104 3784 1135 3831 et
1156 3772 1278 3846 myrrha
1300 3786 1416 3850 pm·

329 3861 410 3902 nare.
453 3849 579 3910 Murena
599 3853 631 3910 in
664 3852 792 3914 historia
811 3854 963 3914 Laudensi
983 3875 1015 3934 p.
1029 3853 1102 3936 967.
1120 3853 1161 3911 T.
1177 3853 1235 3911 Vl.
1254 3851 1316 3909 Ser.
1339 3849 1413 3906 Rer.

330 3923 420 3986 ltal.:
443 3929 679 4002 Mediolanenses
703 3952 794 3996 iuram
816 3955 945 4019 cisppam
961 3956 1085 3995 meream
1104 3949 1135 3996 et
1149 3957 1192 3994 ex
1206 3931 1330 3994 douai&
1343 3931 1414 4011 ple-

329 4025 404 4065 nam
420 4011 480 4090 ι’ρεί
496 4017 561 4093 regi
582 4031 788 4099 portaverunt,
824 4033 967 4103 qiiateruss
992 4018 1124 4100 gratiam
1154 4037 1237 4076 amm
1258 4027 1286 4073 et
1299 4013 1413 4072 bonam

329 4090 509 4153 aulrmtatem
530 4114 749 4180 recuperarent.
805 4101 997 4162 Francorum
1022 4119 1110 4182 reges
1141 4098 1234 4176 olim,
1260 4104 1333 4154 teste
1361 4095 1411 4150 Du

331 4171 445 4256 Congio
470 4177 509 4238 ad
524 4177 656 4245 loinvill.
676 4205 707 4267 p.
721 4181 788 4262 88,
810 4185 933 4269 quarmo
946 4183 1120 4270 largitiones
1140 4179 1246 4243 vellent
1263 4177 1343 4238 festis
1354 4175 1411 4236 die
