2975 4892
308 280 407 386 '188
474 359 482 375 .
533 321 590 390 ιο.
613 297 694 390 no
721 310 870 406 muru
893 318 1178 387 commuue

321 479 417 544 nostrl
435 491 526 544 emu-
540 489 636 542 vestes
656 477 688 540 in
706 479 831 560 regione
849 477 979 558 pectoris
997 473 1186 558 propendere
1204 473 1332 552 dnunt,
1351 491 1397 554 ap
1452 500 1453 507 ¹

361 563 487 626 llamus:
523 563 676 634 Cmsoam
693 563 737 624 sic
767 559 909 620 describit
938 560 1056 619 Auctor
1082 559 1244 619 Ceremon.
1275 555 1399 618 Romani

280 694 284 705 .
354 690 363 707 .
385 648 410 707 1.
432 648 512 710 Sect.
534 667 575 708 r.=
594 665 684 728 gemas
702 643 867 723 chlamydis
888 643 993 722 longae
1011 639 1057 703 ad
1073 654 1184 701 terrum
1195 661 1283 724 tuque
1300 660 1322 699 a
1332 659 1401 723 pou

322 744 351 790 te
370 731 515 791 anteriori
531 741 636 814 aperto
654 748 676 787 a
696 747 807 787 samaro
825 726 870 788 ad
888 727 979 784 imm
998 745 1117 805 rugosa.
1158 718 1266 804 Neque
1284 733 1400 782 tantum
1452 792 1453 801 χ

322 815 357 872 in
378 813 510 874 vestibus
537 809 717 874 affectabant
740 807 853 892 plicas,
881 817 917 868 nt
939 807 1043 868 videre
1062 818 1107 868 est
1126 808 1159 867 in
1178 806 1298 867 misticis
1316 827 1335 865 a
1354 805 1400 865 di·

302 895 449 974 stricto,
470 912 561 977 qumi
583 891 738 966 incolunt,
768 889 1062 972 Alteuburgensibus
1081 889 1189 967 dictis,
1221 888 1329 950 veteris
1350 909 1401 948 ve-

321 982 409 1043 stitus
428 976 640 1038 tenacissimis:
661 975 824 1036 sedetiam
844 975 876 1035 in
896 972 1079 1051 collaribus,
1097 970 1217 1054 qualia,
1238 970 1400 1054 grandibus

323 1059 546 1134 tutissimilia,
578 1059 804 1139 conspiciuntur
824 1057 1062 1138 frequentissima
1082 1057 1115 1114 in
1134 1055 1258 1136 picturis
1276 1065 1308 1114 et
1328 1055 1400 1114 ima-

323 1143 443 1224 ginibus
463 1163 531 1202 acre
552 1142 696 1222 expressis
713 1137 824 1202 saecub
837 1139 923 1200 XVI.
945 1145 977 1199 'et
995 1149 1157 1225 supersunt
1177 1157 1282 1198 eorum
1301 1136 1399 1199 adbuc

213 1277 216 1286 .
322 1227 357 1284 in
384 1224 512 1288 urbibus
543 1223 725 1306 quibusdam
745 1223 925 1284 Germaniae
950 1231 1168 1300 monumenta,
1195 1241 1324 1303 qmruru
1356 1241 1401 1281 sa·

322 1305 457 1370 cerdotes
485 1306 560 1371 tales
588 1328 706 1368 croceas
732 1304 783 1368 vel
809 1303 964 1366 tubulatus
987 1301 1112 1366 collares
1133 1315 1217 1365 rotas
1239 1311 1349 1387 gerunt
1367 1323 1401 1363 ex

322 1393 416 1452 veteri
444 1391 515 1452 ritu.
559 1391 607 1452 Dc
629 1407 759 1473 quarum
786 1387 1015 1470 antiquitatibus
1034 1388 1083 1448 vir
1101 1385 1245 1448 historiae
1263 1385 1401 1447 ecclesia·

320 1475 412 1534 eticae
432 1471 660 1534 callentissimus
684 1473 758 1536 Ure.
783 1473 884 1554 Gotsr.
908 1470 1018 1550 Siler,
1044 1491 1143 1553 nuper
1161 1481 1283 1548 noster,
1386 1503 1401 1515 ·

321 1553 427 1616 liarem
447 1546 584 1617 libellum
604 1556 710 1618 edidit.
732 1555 807 1617 Iade
826 1552 1093 1636 quoquefactum,
1114 1563 1150 1613 ut
1169 1574 1260 1614 omne
1274 1489 1400 1630 0055555,

318 1641 410 1700 etiam
430 1642 454 1699 si
497 1639 602 1698 lanum
621 1649 652 1700 et
671 1638 815 1722 simplex,
837 1648 941 1699 nostro
961 1657 1099 1698 sannone
1119 1636 1247 1713 Ciuuse,
1279 1634 1339 1697 hoc
1358 1645 1401 1696 est

318 1724 446 1805 orimum
489 1724 596 1783 catur.

403 1821 439 1881 B.
455 1819 511 1881 ult.
527 1819 594 1904 [80‚
613 1817 678 1904 rm]
708 1815 834 1902 βότρυς.
873 1817 944 1880 Sive
969 1839 988 1880 a
1011 1815 1205 1878 multitudine
1225 1817 1401 1900 margarita-

317 1922 387 1962 rum
408 1901 621 1964 conlilatarum
641 1905 672 1962 in
692 1901 798 1984 globos
827 1901 908 1963 dicta
927 1901 985 1963 suit
1007 1900 1082 1962 haec
1102 1901 1194 1963 vestis
1221 1922 1300 1977 uva,
1323 1902 1398 1978 sive,

319 1986 350 2053 si¹
372 1987 503 2066 priorem
532 1998 667 2047 nostram
696 1984 762 2046 τῶν
787 1983 919 2062 χρυσῶν
947 1979 1095 2063 σωλήνων
1125 1984 1400 2066 interpretationem

318 2087 473 2148 assumas,
500 2089 519 2128 a
539 2066 733 2129 multitudine
753 2065 932 2132 amulorum
950 2087 1112 2128 aureorum
1132 2088 1167 2128 ex
1188 2067 1252 2128 eius
1271 2088 1327 2128 ora
1348 2065 1400 2127 de·

314 2149 522 2232 pendentium.
633 2202 635 2208 ,
1388 2210 1392 2220 ,

401 2249 437 2310 C.
451 2249 480 2310 3.
500 2247 568 2333 [80,
588 2248 653 2334 14]
679 2246 736 2332 τήν
758 2245 847 2330 alyn.
886 2249 935 2310 De
954 2263 1023 2332 tuga
1045 2247 1094 2311 vel
1119 2250 1186 2331 uffa
1205 2249 1283 2312 infra
1301 2247 1401 2310 dicam

272 2396 276 2405 ¹
315 2329 355 2390 ad
375 2352 445 2414 pag.
465 2353 536 2415 291.
561 2334 597 2395 C.
619 2333 650 2395 5.

399 2424 819 2516 (1.6.[80,17.]ἇληθινᾶ.
862 2432 939 2493 Veri
953 2433 1088 2507 luminis,
1116 2451 1282 2516 pwpwra.
1325 2432 1399 2493 Vid.

316 2513 370 2574 Du
390 2514 492 2597 Gange
512 2514 610 2578 Gloss.
630 2519 686 2578 Gr.
709 2515 744 2576 h.
758 2536 791 2576 v.
805 2527 836 2576 et
847 2516 917 2577 Lat.
932 2537 964 2576 v.
987 2515 1147 2576 Alitlu'tues.
1192 2515 1294 2575 Latini
1317 2516 1398 2575 enirn

317 2595 375 2658 bac
395 2619 517 2680 quoque
537 2620 632 2672 voce,
655 2609 685 2660 et
706 2620 782 2659 voce
801 2621 889 2660 verus
905 2620 963 2681 pro
976 2618 1128 2680 purpureo
1141 2596 1189 2657 vel
1203 2597 1298 2658 rubro
1310 2608 1401 2658 utun·

215 2731 217 2736 .
312 2689 375 2740 tur.
418 2680 494 2742 Item
522 2681 648 2744 Salmas.
680 2681 717 2742 ad
735 2681 817 2744 Hist.
839 2682 923 2764 Aug.
945 2683 985 2742 T.
1007 2679 1052 2741 ll.
1073 2702 1140 2762 pag.
1164 2679 1237 2758 4¹¹·
1258 2701 1312 2757 a.‚
1347 2681 1401 2741 ubi

313 2763 390 2821 mihi
411 2764 532 2844 quidem
551 2764 630 2826 male
650 2775 767 2826 tentare
793 2764 916 2825 videtur
939 2763 1040 2825 locum
1067 2763 1177 2824 codicis
1196 2763 1401 2824 Theodosiani

314 2843 389 2924 Lag.
407 2845 463 2904 XI.
485 2847 523 2907 de
544 2849 686 2908 scenicis:
718 2847 781 2907 His
804 2868 918 2931 quoque
940 2847 1066 2907 vestibus
1093 2848 1230 2906 novemur
1251 2848 1401 2907 absume

314 2925 403 3000 dcem,
447 2949 499 2986 utar
519 2929 633 2989 Graeco
652 2932 772 2990 rtomine
793 2951 815 2989 a
832 2930 941 2990 Lanita
958 2941 1070 2990 crustas
1091 2943 1216 3003 omont,
1248 2931 1281 2989 in
1292 2932 1401 3014 picibus

312 3007 375 3068 αἱίο
395 2949 548 3070 adnutu
573 3013 668 3072 colori
685 3013 760 3098 puri
779 3012 870 3072 rubor
891 3014 1010 3072 muricis
1036 3012 1205 3071 inardescit.
1248 3012 1335 3074 Haec
1355 3023 1402 3073 est

311 3089 433 3170 vulgata
454 3090 555 3153 lectio.
598 3093 691 3154 Putat
712 3115 769 3175 pro
788 3115 810 3154 a
832 3094 941 3156 Latz‘rw
968 3094 1175 3175 reponendum
1198 3115 1261 3155 esse
1280 3095 1398 3156 Latini.

311 3171 436 3233 Mallem
456 3175 596 3260 equidem
615 3176 868 3254 Alcumenam,
897 3177 948 3239 vel
965 3179 1224 3255 abducemus,
1245 3176 1278 3236 id
1296 3189 1346 3240 est
1358 3189 1401 3239 ta-

312 3251 375 3334 les,
398 3256 430 3316 in
450 3258 562 3339 quibus
581 3270 679 3319 namn
698 3261 763 3321 veri
785 3257 908 3321 luminis
927 3261 978 3323 vel
998 3281 1150 3342 purpurea
1168 3262 1286 3342 pectine
1307 3272 1401 3322 texto

310 3341 357 3397 rio
379 3339 502 3404 densata
526 3353 583 3404 est.
625 3341 714 3403 Conl.
734 3343 786 3403 Du
809 3344 911 3425 Gange
929 3363 962 3404 v.
985 3343 1101 3403 Cauta.
1144 3343 1215 3404 Non
1234 3353 1320 3404 recte
1335 3365 1399 3405 ver

310 3423 349 3480 tit
367 3421 446 3484 hanc
463 3445 569 3490 vocem
591 3427 685 3488 Goar.
708 3424 788 3507 apud
803 3425 984 3509 Theophan.
1002 3447 1035 3508 p.
1053 3425 1125 3487 263.
1144 3426 1185 3486 A.
1203 3425 1235 3504 4.
1278 3424 1316 3486 e’u
1334 3425 1400 3488 τῶν

310 3499 471 3580 ἀληθινῶν
491 3505 661 3587 τζαγγήον,
688 3531 731 3569 ex
748 3510 828 3569 ceres
846 3523 876 3568 et
887 3511 1022 3594 propriis
1043 3511 1103 3569 ruis
1125 3510 1232 3570 mlceb
1252 3509 1398 3570 reddens.

309 3583 440 3645 Volebat
463 3593 632 3672 purpureis.
675 3589 749 3652 Vid.
773 3590 877 3652 Vales.
904 3593 945 3652 ad
971 3592 1127 3652 Ammian.
1156 3589 1295 3653 Marcell.
1325 3614 1397 3675 pag.

309 3664 382 3726 326.
402 3667 456 3742 b.‚
487 3670 541 3730 ubi
561 3693 652 3754 quem
674 3676 748 3734 citat
764 3673 955 3735 Constantini
973 3673 1254 3758 Porphyrogenneti
1272 3674 1398 3750 locum,

307 3747 399 3809 isest
422 3751 455 3808 in
475 3749 555 3815 libro
570 3753 608 3814 de
626 3753 796 3818 administr.
817 3759 924 3839 imper.
952 3778 983 3838 p.
1005 3756 1057 3840 57.
1080 3760 1142 3832 D.‚
1165 3758 1219 3821 ubi
1239 3757 1305 3818 vid.
1322 3760 1400 3818 Ban-

309 3827 379 3890 dur.
401 3852 434 3912 p.
451 3833 502 3894 35.
545 3835 611 3897 Vox
632 3860 711 3923 quae
727 3839 842 3900 ibidem
863 3841 997 3901 occurrit
1016 3839 1155 3921 χαρέρια
1176 3840 1299 3900 videtur
1316 3841 1400 3902 Ara·

305 3925 373 3988 bina
389 3940 479 4012 ja?
503 3953 586 4012 esse,
608 3957 685 4020 quac
702 3941 845 4017 seriam,
872 3961 963 4023 opera
980 3941 1076 4003 serua
1099 3949 1196 4000 notat.
1243 3938 1310 4000 Non
1333 3951 1400 4000 tam

306 4029 409 4072 recens
436 4025 496 4090 est,
525 4037 617 4098 quam
647 4019 807 4099 videatur,
840 4022 890 4082 hic
912 4023 996 4083 vocis
1019 4018 1063 4081 ἅλ’
1105 4017 1173 4091 ινός
1200 4043 1285 4083 usus.
1330 4023 1400 4084 lan

297 4093 385 4172 'apud
405 4095 638 4180 Xenophontem
658 4104 690 4162 in
712 4104 917 4164 Oeconomico
938 4110 1026 4186 (pag.
1087 4147 1096 4162 .
1118 4103 1150 4164 5.
1171 4105 1246 4166 edit.
1267 4102 1307 4165 cl.
1323 4105 1401 4165 Bac-

305 4173 383 4261 chii)
406 4177 555 4266 πορφυρᾶ
578 4179 724 4268 ἀληθινὴ,
737 4206 875 4274 purpura
899 4209 986 4271 vera,
1008 4188 1173 4274 opponitur
1193 4189 1232 4275 ῑῇ
1251 4183 1399 4276 fi‘fll‘t's
