2975 4892
320 295 399 384 160
530 325 587 394 ιο.
618 325 697 394 nc.
727 327 875 394 ansul
907 319 1195 395 counmrlun

395 483 431 544 C.
448 503 518 567 pen.
535 483 603 568 [63‚
625 484 690 570 rr.]
714 483 848 553 lerator.
887 488 933 546 M.
955 483 1113 550 losanae.

397 568 438 626 D.
460 565 642 652 1[63,13.]
671 564 753 646 μετὰ
773 569 830 647 τῆς
849 566 1034 650 συγκλήτου.
1075 564 1196 632 Mirerls
1216 570 1268 632 hic
1289 569 1348 632 loci
1373 575 1409 631 ot

315 669 347 733 p.
375 650 443 730 141.
462 651 498 712 Β.
518 653 548 711 3.
573 663 603 712 et
620 651 691 711 alibi
716 651 865 712 Patricius
888 663 918 713 et
938 654 1091 734 strategos
1118 675 1137 714 a
1158 656 1271 714 Senatu
1291 653 1410 714 distin·-

315 737 388 816 gui,
417 755 512 816 quum
532 745 633 796 tamen
655 733 699 793 illi
720 735 812 795 huius
832 757 955 818 quoque
981 755 1052 818 pars
1079 737 1204 797 fuerint.
1247 738 1306 798 Sed
1324 735 1412 797 solet

178 815 375 879 Edh.51vox
392 832 507 878 senatus
527 819 618 878 modo
642 815 809 898 ampliore,
839 820 930 880 modo
951 821 1099 880 strictiore
1120 819 1288 902 significatu
1313 819 1413 880 adhi-

315 901 393 962 beri.
437 901 569 979 Quando
593 898 758 981 ampliore,
788 922 894 961 omnes
921 901 1098 984 dignitates,
1124 925 1275 978 summas,
1305 904 1412 981 imas,

316 984 439 1057 civiles,
462 979 606 1044 militares
626 983 835 1064 amplectitur,
858 988 1007 1046 strictiore
1042 997 1145 1046 autem
1175 987 1416 1069 opponiturSe-

317 1078 408 1130 natus
424 1065 603 1126 militaribus
619 1062 724 1128 officiis
741 1066 930 1147 illustribus,
953 1080 984 1129 et
1007 1069 1153 1149 significat
1170 1081 1321 1130 senatores
1335 1091 1413 1150 pro-

321 1149 469 1211 curationi
489 1171 592 1212 rerum
610 1149 752 1210 civilium
765 1151 902 1229 deditos,
925 1162 956 1211 et
974 1153 1005 1212 in
1021 1152 1186 1212 tribunalia
1205 1156 1290 1213 varia
1306 1152 1419 1213 distri—

318 1231 428 1308 butos,
454 1234 584 1316 quinon
607 1231 834 1313 simulassent,
855 1253 954 1316 neque
975 1235 1109 1318 patricii,
1129 1247 1165 1295 ut
1180 1233 1349 1296 luculenter
1364 1235 1414 1296 lo-

318 1335 372 1377 cus
395 1315 498 1377 Nostri
521 1337 554 1398 p.
576 1317 646 1392 144.
668 1316 703 1377 Β.
719 1316 749 1377 3.
774 1317 980 1394 demonstrat,
999 1338 1099 1399 neque
1117 1317 1253 1392 basilici,
1275 1322 1412 1399 seupri-

316 1409 406 1462 vatae
426 1399 619 1480 Imperatoris
638 1397 770 1460 familiae
786 1400 947 1482 adscripti,
969 1409 1005 1460 ut
1027 1419 1095 1482 ep.
1114 1399 1265 1480 415.ἰαί1.
1285 1401 1412 1482 liquetg

316 1483 414 1544 verbo
430 1487 483 1564 qui
499 1481 572 1544 alias
591 1475 622 1542 oi
641 1482 822 1562 esxpectavi,
842 1505 896 1544 scu
911 1481 1090 1560 tribunales,
1113 1483 1241 1544 curiales
1257 1484 1409 1545 dicuntur

317 1569 369 1646 (v.
389 1583 422 1648 p.
437 1563 510 1644 430.
535 1567 570 1626 Β.
580 1565 602 1644 ),
628 1563 710 1648 quod
740 1564 792 1626 alii
816 1565 875 1627 alia
897 1565 1082 1644 tribunalia,
1111 1567 1159 1627 rel
1184 1570 1301 1639 curias,
1321 1568 1413 1627 iudi-

317 1649 386 1726 cia,
408 1652 634 1731 procurationes
653 1649 734 1708 nacti
752 1649 831 1726 sint,
862 1651 895 1710 in
915 1648 1026 1732 quibus
1046 1669 1079 1710 ae
1093 1661 1266 1722 exerceant,
1296 1661 1326 1711 et
1343 1653 1413 1711 rei-

319 1731 458 1814 publicae
478 1734 551 1792 hant
572 1733 683 1810 utiles,
713 1729 745 1793 bi
766 1733 898 1794 rationes
913 1733 1068 1814 publicas,
1101 1731 1152 1792 alii
1170 1736 1320 1814 privatas,
1353 1731 1413 1794 elii

315 1813 475 1890 militares,
499 1817 549 1878 alii
572 1814 720 1898 politiam,
736 1813 864 1877 aliirem
876 1817 1027 1892 navalem,
1049 1825 1079 1876 ct
1091 1819 1134 1875 sic
1143 1837 1248 1898 porro.
1281 1813 1412 1895 Ρ.4ιο.

319 1897 394 1961 Am.
420 1900 648 1981 distinguuntur
668 1895 697 1957 oi
718 1895 921 1978 συγκλητικοὶ
937 1921 955 1959 a
973 1904 1038 1970 τοῖς
1058 1897 1347 1977 προελιασιμαὼις,
1374 1902 1413 1962 id

315 1991 365 2044 'est
388 1982 478 2043 rebus
506 1979 750 2042 administrandis
773 1981 900 2042 adhibiti
923 1984 1154 2064 apom'paticis,
1183 2000 1313 2064 quorum
1334 1993 1416 2042 tan-

321 2075 387 2124 turn
415 2075 480 2125 erat
501 2065 636 2146 quotidie
661 2063 693 2123 in
721 2064 837 2124 curiam
861 2066 1025 2146 procedere
1050 2075 1082 2124 et
1102 2085 1263 2125 nnmerum
1281 2065 1417 2125 comita-

238 2147 240 2154 '
315 2158 371 2209 tus
391 2167 429 2206 au
451 2168 516 2219 ere,
548 2145 651 2229 quales
675 2158 762 2207 erant
779 2147 904 2209 Patricii
925 2151 1020 2226 meri,
1054 2168 1107 2207 seu
1132 2148 1280 2209 titulares.
1322 2147 1417 2211 Alias

313 2171 454 2313 'generali
469 2251 557 2292 sensu
579 2229 702 2292 Patricii
720 2251 844 2312 quoque
864 2241 935 2293 sunt
956 2229 1129 2315 syncletici,
1167 2253 1220 2292 seu
1242 2235 1413 2310 senatorii,

314 2324 358 2374 ‘nt
377 2324 461 2394 patet
476 2335 493 2376 e
508 2314 608 2374 Nostri
627 2335 659 2398 p.
682 2309 753 2390 141.
775 2315 812 2376 Β.
834 2313 887 2388 5.,
908 2315 962 2376 ubi
980 2313 1099 2397 patricii
1122 2315 1276 2396 syncletici
1292 2325 1415 2375 eontra·

321 2395 549 2480 distinguuntur
568 2403 632 2468 τοῖς
651 2391 714 2456 dud
740 2394 881 2459 σιταθιόυ
904 2419 958 2458 seu
981 2397 1162 2480 spathariis,
1184 2409 1214 2458 et
1235 2400 1269 2458 in
1287 2401 1416 2458 univer-

320 2501 390 2543 sum
405 2480 598 2542 militaribus.
641 2479 739 2540 Erant
760 2482 842 2540 enim
861 2482 980 2563 patricii
998 2481 1122 2563 quidam
1146 2501 1229 2541 mere
1249 2479 1414 2560 titulatos,

316 2569 354 2626 'et
374 2563 413 2624 ad
430 2576 568 2626 neutram
587 2563 711 2624 classem
735 2566 937 2646 pertinentes,
974 2585 1073 2646 neque
1094 2563 1134 2623 ad
1155 2558 1212 2642 τήν
1236 2556 1415 2645 σύγκλητον

314 2648 425 2708 ‘stricte
446 2649 488 2709 sic
513 2649 641 2724 dictam,
663 2667 763 2729 neque
782 2648 822 2708 ad
840 2649 1011 2730 strategos,
1042 2656 1096 2706 aut
1115 2646 1302 2722 spatharios,
1324 2647 1416 2706 simi-

315 2729 405 2792 'lesve
426 2731 537 2814 gradus
560 2730 716 2792 militares.
759 2731 801 2792 Et
818 2730 852 2791 hi
872 2741 958 2791 erant
977 2732 1096 2814 patricii
1120 2724 1278 2808 ἄπρακτοι
1295 2728 1420 2811 absque

321 2815 441 2876 actione
459 2812 509 2874 vel
529 2814 703 2886 functione,
728 2835 812 2874 mere
830 2815 977 2874 titulares.
1021 2813 1082 2874 Alii
1100 2813 1219 2895 patricii
1242 2824 1327 2872 erant
1341 2835 1420 2895 syn-

322 2893 441 2972 cletici,
463 2917 516 2956 seu
537 2899 651 2978 togati,
674 2896 852 2957 muneribus
874 2906 962 2980 togae
983 2896 1162 2979 fungentes,
1193 2895 1308 2955 artibus
1325 2899 1420 2977 pacis

316 2977 461 3059 'regendis
490 2977 645 3059 deputati,
681 2979 731 3040 alii
758 2978 889 3062 denique
920 2991 1007 3040 erant
1038 2982 1156 3062 patricii
1182 2979 1338 3039 militares.
1380 2979 1421 3044 E

317 3059 426 3122 'multis
442 3061 546 3121 Nostri
563 3060 635 3121 locis
653 3059 711 3122 hoc
733 3061 922 3146 intelligitur.
965 3061 1011 3123 lta
1032 3085 1154 3146 quoque
1168 3059 1294 3123 Malalas
1313 3063 1421 3142 patri-

323 3145 407 3204 cium
424 3139 622 3227 syncleticum
647 3145 778 3225 appellat
806 3145 990 3207 Arintheum
1009 3147 1049 3206 T.
1073 3147 1116 3205 Il.
1143 3167 1176 3228 p.
1198 3145 1271 3206 26.:
1295 3138 1422 3224 dpopr'-

323 3247 383 3298 σας
406 3221 610 3308 συγκλητικὸν
641 3225 758 3304 αὐτοῦ,
792 3223 849 3290 τὸν
877 3227 1042 3310 πατρίκιοι·
1060 3219 1244 3307 tralatas,
1276 3225 1423 3286 δέδωκεν

317 3309 418 3394 ἀὐτῷ
438 3305 473 3370 τὸ
497 3311 569 3376 πᾶν.
611 3307 770 3371 Interdum
792 3331 849 3371 usu
888 3323 958 3372 atur
979 3331 1038 3372 rox
1068 3310 1301 3394 syncletioorum
1321 3329 1423 3371 sensu

320 3393 539 3468 'strictissimo,
562 3404 592 3453 et
608 3392 735 3455 exclusis
756 3409 819 3455 non
834 3333 932 3455 stilum
954 3395 1094 3455 Patriciis
1110 3405 1140 3455 et
1164 3394 1326 3474 strategis,
1360 3393 1425 3456 sed

319 3477 417 3536 'etiam
437 3477 509 3558 ipsis
531 3477 712 3560 Hypaticis,
734 3491 787 3538 seu
806 3481 881 3539 viris
903 3500 921 3538 a
937 3478 1033 3561 gradu
1048 3477 1238 3560 Hypatorum
1254 3474 1324 3536 inde
1341 3474 1426 3538 infe·

329 3558 479 3630 rioribus,
505 3559 651 3642 significat
673 3559 753 3621 solos
773 3559 868 3638 tales,
896 3561 1046 3644 qualeae.
1067 3580 1093 3620 e.
1117 3571 1189 3621 sunt
1207 3557 1426 3641 Logothetae,

329 3639 535 3715 chartularii,
566 3643 705 3721 Notarii,
727 3645 869 3725 praefecti
890 3644 1006 3717 Urbis,
1035 3644 1194 3704 Canicleus
1212 3651 1243 3703 et
1261 3639 1313 3702 alii
1328 3643 1427 3701 simi-

320 3721 391 3795 'les,
413 3725 542 3805 quinon
563 3724 728 3790 sintsimul
743 3727 878 3788 Patricii.
920 3725 996 3786 vid.
1012 3747 1044 3809 p.
1066 3726 1134 3810 169.
1152 3725 1194 3788 A.
1211 3746 1241 3788 2.
1257 3735 1288 3786 et
1300 3721 1339 3784 G.
1355 3722 1425 3785 ult.

328 3805 523 3948 Tpflonorius
554 3807 786 3870 Constantinum
808 3811 882 3870 facit
916 3806 1137 3890 συγκλητικὸν,
1173 3807 1257 3890 quod
1278 3805 1429 3868 redditur

353 3903 512 3948 erratorem.
554 3889 694 3972 Theoph.
716 3913 749 3975 p.
766 3891 859 3976 (16.4*
901 3891 1032 3954 Guther.
1053 3915 1086 3974 p.
1108 3890 1176 3953 155.
1199 3893 1428 3952 vertit-rocem

327 3967 529 4050 συγκλητικοὶ
552 3976 633 4032 sarri
648 3975 763 4060 palatii
775 3994 934 4061 proceres,
956 3987 987 4035 et
1008 3973 1206 4057 reprehendit¹
1218 3969 1429 4034 Basilteomm

328 4057 547 4138 interpretem,
584 4057 636 4140 qui
656 4055 811 4143 Senatoies
833 4058 969 4119 dederat.
1012 4057 1199 4118 lhcum‘mus
1223 4057 1324 4139 itaque
1344 4073 1431 4114 ean-

330 4137 400 4198 dem
418 4141 449 4199 ln
468 4148 593 4216 notam,
625 4141 677 4223 qni
700 4145 819 4223 saepius
840 4142 921 4201 idem
943 4140 1079 4201 fecimus.
1122 4139 1189 4200 Sed
1206 4139 1286 4200 sorte
1313 4137 1434 4198 ⁴statuae·-

330 4221 389 4284 rito
408 4221 608 4306 vapulamus,
640 4235 670 4286 et
685 4225 728 4288 nil
744 4237 834 4288 uocet
851 4227 894 4289 ita
914 4235 1056 4305 vertere,
1078 4221 1247 4287 dummodo
1260 4219 1431 4300 tmesbu,
