2975 4892
299 315 379 417 ¹24
526 340 581 408 ιο.
609 340 689 408 nic.
717 342 867 408 nnsun
883 267 1179 406 vcontineremur

293 497 396 562 Labor
415 497 442 560 is
462 507 538 560 esset
557 517 666 580 parurn
686 495 782 575 utilis,
804 507 835 558 et
858 507 1013 580 utcunque
1035 495 1174 557 reditium
1194 511 1230 553 ea
1249 494 1281 552 in
1301 511 1334 553 re
1346 503 1378 554 te

293 581 450 664 praebeas,
471 602 588 664 semper
607 591 710 642 tamen
731 580 923 662 imperfectus
942 580 1074 640 futurus.
1446 640 1447 653 ,

375 666 417 726 D.
435 687 466 726 2.
489 664 554 748 [no,
573 662 637 743 ιλ]
679 657 816 744 ἐξάερον.
857 665 956 724 Meris
977 664 1110 746 apricus,
1129 659 1288 738 mbdialts,
1309 661 1378 720 atri·

294 767 362 827 um,
381 747 648 826 deambulacrum,
715 746 756 807 od
776 749 859 806 iuxta
879 747 1029 829 porticum
1050 756 1150 824 esset,
1179 742 1253 805 olim
1273 763 1379 826 napo·

295 827 427 914 δρομίς,
448 831 486 893 de
509 828 620 912 qua‘v.
643 830 683 892 Sa
696 851 771 890 mas.
793 830 833 890 ad
853 829 983 891 Tertull.
1004 852 1036 911 p.
1060 828 1131 889 230.

352 913 418 974 ‚D.
435 915 466 974 5.
490 912 642 998 [ao,13.]
686 913 749 974 τῶν
772 910 848 974 δέκα
869 911 958 975 ἐννέα
980 907 1184 989 ἆκκουβιὲων.
1225 907 1381 971 Amatne

294 995 345 1058 vel
364 997 497 1058 annihila
519 1008 590 1058 sunt
625 997 749 1058 Graecis
769 1007 800 1056 et
819 996 935 1058 Latinis
953 996 1046 1056 rnedfi
1067 994 1134 1056 aevi
1152 1011 1285 1069 mensae,
1312 991 1381 1072 qni-

294 1079 354 1142 bus
373 1079 593 1142 accumbebant
612 1083 770 1152 eonyivae.
815 1079 940 1141 Dictum
971 1079 1043 1140 inde
1060 1077 1120 1138 fuit
1137 1075 1256 1138 celebre
1285 1075 1382 1134 tricli-

295 1165 398 1238 m'wn,
428 1161 480 1224 vel
507 1165 638 1224 tribnat
676 1165 761 1242 (nam
788 1161 869 1224 idem
897 1173 943 1224 est
963 1173 994 1222 et
1013 1160 1139 1244 perinde
1159 1158 1382 1242 appellabatur)

295 1245 497 1310 Nmrendeeim
526 1248 741 1324 accubitarunt,
781 1245 814 1306 in
847 1267 909 1330 quo
938 1245 1137 1327 imperatores
1167 1243 1275 1304 diebus
1299 1239 1385 1301 festis

295 1328 463 1394 maioribus
482 1331 617 1412 excipere
640 1328 778 1391 solebant
795 1349 866 1391 suos
884 1350 1037 1412 proceres,
1057 1329 1145 1388 cuius
1157 1329 1247 1386 toties
1266 1325 1386 1384 mentio

295 1409 383 1472 fitia
405 1411 628 1496 Cletorologio,
657 1421 688 1474 et
707 1411 746 1474 de
765 1433 829 1496 quo
849 1413 937 1474 multi
959 1412 1118 1483 dixerunt,
1150 1419 1185 1470 nt
1205 1410 1257 1468 Du
1280 1409 1386 1488 Gange

163 1559 167 1568 ,
296 1494 371 1556 CPli
392 1494 503 1558 Christ.
525 1519 559 1578 p.
584 1493 652 1558 155.
684 1496 842 1578 usquead
867 1495 935 1574 ¹4⁰·
965 1497 1058 1556 Goar.
1081 1493 1121 1554 ad
1142 1491 1323 1573 Theophan.
1349 1511 1384 1571 p.

299 1577 373 1640 335.
398 1577 438 1638 D.
454 1588 485 1640 et
506 1580 579 1658 342.
600 1577 641 1640 D.
681 1621 705 1654 .,
725 1572 799 1640 ite'm
817 1579 995 1640 adCedren.
1018 1600 1051 1660 p.
1072 1574 1145 1638 585.
1169 1574 1207 1636 C.
1228 1573 1329 1634 Voles.
1346 1573 1387 1632 ad

295 1658 454 1724 ›Ammian-
478 1663 576 1724 Marc.
597 1685 629 1745 p.
673 1669 750 1746 ipo-3
772 1661 855 1723 conf.
878 1661 1050 1724 Casnubon.
1086 1659 1126 1720 ad
1157 1659 1270 1738 Script.
1301 1657 1386 1716 liist.

296 1741 378 1827 Aug.
408 1741 433 1806 1.
451 1767 484 1826 p.
506 1745 596 1821 832„
617 1745 671 1806 ubi
692 1745 789 1807 multa
808 1745 848 1805 de
868 1746 1019 1822 madriu,
1039 1743 1183 1804 Bacchin.
1205 1739 1294 1799 T.11.
1317 1742 1389 1800 Mu·

296 1839 357 1890 rat.
379 1827 491 1909 Script.
522 1827 591 1890 ltal.
613 1851 644 1913 p.
667 1829 722 1891 61.
746 1828 927 1910 Luitprandi
947 1827 1050 1888 locum
1070 1847 1106 1888 ex
1120 1825 1202 1886 Hist.
1219 1825 1276 1883 Vl.
1298 1824 1328 1884 3.
1353 1845 1385 1905 p.

298 1907 371 1990 ipo.
403 1911 529 1972 citatum
551 1911 613 1972 iam
636 1910 722 1988 aliis,
744 1914 885 1992 quarnvia
1002 1911 1086 1987 ium,
1106 1929 1171 1968 non
1204 1903 1385 1968 exscribam.

297 1991 333 2052 ln
343 1993 401 2054 hoe
418 1992 550 2054 triclinio
567 1996 674 2074 exponi
690 2004 858 2078 spectatum
867 1992 912 2054 sol
990 2003 1004 2052 t
1024 1994 1244 2076 Imperatorem
1263 1990 1389 2066 funera,

296 2085 332 2136 ut
350 2075 390 2136 ad
407 2075 482 2156 Cap.
499 2075 552 2139 60.
574 2076 658 2138 Libri
673 2077 700 2136 1.
720 2073 830 2137 dicam.
1200 2135 1204 2143 .

386 2159 433 2218 ιδ.
451 2159 487 2218 Β.
502 2157 533 2221 6.
559 2158 692 2243 [21‚6.]
724 2157 780 2220 rai
808 2153 915 2237 μόνον,
956 2157 1047 2221 Valet
1070 2156 1152 2219 idern
1175 2168 1267 2244 atque
1287 2151 1390 2233 μόνον

298 2239 349 2302 vel
378 2232 493 2317 μόνων.
534 2242 630 2324 Saepe
651 2237 708 2303 καί
733 2255 803 2304 ente
825 2263 968 2307 numeros
986 2241 1068 2324 apud
1086 2241 1214 2303 Veteres
1237 2237 1388 2301 abundat.

298 2324 335 2384 ln
356 2319 416 2384 hoc
438 2345 546 2406 genere
569 2327 709 2409 iiequcns
730 2325 771 2387 ad
797 2313 941 2390 nauseam
969 2337 1013 2386 est
1034 2323 1180 2385 Aelianus
1195 2325 1236 2402 ‚in
1254 2322 1392 2384 Historia

297 2405 506 2506 eumedium...
528 2408 615 2507 Copf.
642 2411 759 2507 Nicetes
776 2433 809 2492 p.
827 2411 878 2472 52.
904 2411 940 2472 B.
963 2432 1035 2492 pen.
1051 2406 1102 2470 68.
1126 2408 1165 2468 A.
1186 2430 1216 2492 7.
1232 2405 1300 2469 Kar
1322 2406 1393 2476 πᾶς

234 2656 240 2670 .
298 2511 360 2634 ,ἒξ
380 2487 1394 2676 Admittit?,idt‘t‘fiti'hdssitiitjtradidi.

297 2656 1393 2823 Admitti&iii.t..}¹⁸..?..i..ssii{tittss‘lti

298 2841 356 2902 pro
375 2820 431 2882 καὶ
448 2819 539 2895 ποιὸς
558 2827 606 2886 ali
623 2828 712 2902 italie
734 2847 767 2887 v.
779 2828 838 2886 Du
857 2827 958 2908 Gange
975 2825 1008 2885 h.
1025 2846 1057 2887 v.

382 2903 418 2963 B.
433 2926 463 3046 p.
482 2904 552 2988 [πῃ
566 2851 622 2990 Bi
645 2904 761 2987 ταύτην
781 2903 841 2988 τήν
857 2901 1037 2988 Ῥωμαῖιτῆν
1061 2906 1145 2982 λέξιν
1165 2898 1234 2969 Bit.
1275 2905 1321 2965 lta
1343 2899 1396 2965 eit

298 2989 332 3046 in
352 3007 433 3047 mem
454 2990 547 3048 ranis.
592 2993 696 3068 Quare
717 3001 818 3052 autem
841 2986 920 3067 Bit,
947 2989 1073 3076 veifit,
1102 2990 1232 3050 dixerint
1249 2990 1297 3050 isti
1317 3009 1396 3068 gra-

299 3067 443 3142 tulantes,
462 3092 526 3132 non
538 3093 691 3156 assequor.
735 3075 830 3136 Forte
840 3073 984 3136 volebant
1000 3075 1112 3149 dicere,
1120 3073 1196 3159 fiee,
1215 3092 1323 3153 nempe
1339 3071 1397 3132 be-

299 3173 358 3227 ne,
390 3153 444 3214 sed
464 3173 536 3236 prae
559 3157 677 3218 inscitia
697 3155 820 3239 linguae
844 3157 956 3219 latinae
966 3157 1014 3242 fit
1035 3157 1186 3217 dicebant.
1233 3155 1284 3215 An
1303 3153 1398 3214 vole-

298 3235 375 3297 bant
392 3239 433 3298 rit
450 3237 571 3319 dicere,
602 3243 641 3300 sit
668 3241 739 3300 bene
758 3261 815 3322 pro
834 3241 916 3326 quod
932 3241 1225 3325 felinsaustrmrqne
1244 3241 1291 3297 sit.
1338 3237 1397 3296 An

300 3331 346 3382 est
365 3341 422 3402 pro
441 3325 537 3398 vivat,
568 3319 671 3402 βίβατ.
712 3323 908 3385 Postremum
930 3324 988 3386 hoc
1009 3325 1145 3383 omnium
1164 3321 1240 3382 mihi
1260 3321 1399 3381 maxime

299 3401 409 3484 placet.
452 3405 533 3466 Nam
551 3407 655 3478 καλῶς
674 3427 736 3468 non
757 3408 879 3468 videtur
899 3407 1012 3468 adhoc
1027 3406 1088 3467 Βίτ
1108 3404 1291 3466 trahendum
1310 3424 1397 3480 esse,

300 3486 354 3546 sed
377 3507 441 3548 esse
463 3487 621 3550 classicum
641 3489 691 3552 vei
712 3482 858 3568 σύνθεμα
870 3537 879 3566 ,
909 3490 1091 3572 antiphonae
1122 3487 1228 3559 καλῶς
1254 3475 1354 3567 ἦλθες
1375 3509 1399 3547 a

301 3567 493 3631 cubiculariis
514 3571 691 3634 cantandae.
734 3574 807 3634 Vid.
831 3574 923 3655 adp.
947 3573 998 3653 dn.
1022 3573 1057 3632 B.
1081 3593 1112 3630 Η.
1137 3570 1274 3632 dicenda.

167 3673 216 3728 Ed
226 3673 256 3728 1..
265 3671 301 3741 40
382 3651 420 3712 B·
436 3673 467 3734 9·
484 3651 552 3736 [πμ
566 3653 615 3738 9.]
630 3652 819 3737 φωνοβόλος.
833 3657 1024 3732 Pmerentor,
1036 3647 1054 3714 ὅ
1067 3648 1193 3732 βάλλων
1201 3649 1259 3732 τὴν
1270 3644 1401 3734 φωνὴν,

301 3726 321 3795 d
340 3725 494 3813 ἐξάρχων,
515 3740 568 3903 <pri
588 3739 721 3820 phonam
736 3742 861 3821 incipit,
882 3743 931 3801 cui
953 3737 1004 3800 olii
1025 3739 1222 3820 antiphonam
1235 3736 1399 3796 occinunt.

386 3818 421 3878 B.
448 3839 493 3880 ro..
543 3839 594 3900 21,
619 3819 684 3904 rr]
716 3824 820 3894 καλῶς
852 3813 975 3905 ἤλθετε.
1016 3821 1155 3884 Solennis
1185 3831 1229 3880 est
1260 3817 1401 3879 formida

302 3899 489 3962 Graecorum
523 3903 655 3986 aliquem
684 3903 845 3966 salutandi.
890 3905 983 3987 Spon.
1018 3905 1121 3965 ltiner.
1153 3905 1193 3964 T.
1216 3903 1258 3962 li.
1281 3922 1313 3983 p.
1344 3921 1400 3984 ¹9·

303 3983 375 4044 edit.
397 3985 539 4046 German.
564 3987 668 4059 καλοῖς
688 3977 801 4066 ἤλθετε
823 3980 977 4070 ἄρχοντες
1012 3989 1093 4049 idem
1117 3990 1158 4047 ait
1179 3986 1282 4046 valere
1301 3993 1403 4065 atquc

303 4067 360 4128 bon
372 4071 447 4147 jour
465 4069 634 4131 Messieurr.
677 4071 807 4152 Proprie
826 4083 872 4132 est
892 4072 962 4132 bene
982 4073 1133 4132 veneritis.
1176 4069 1255 4129 Nam
1276 4071 1403 4149 impro-

324 4171 370 4212 ne
388 4153 597 4234 imperfectum
619 4153 651 4214 in
673 4173 708 4216 ea
728 4155 831 4236 phrasi
853 4176 925 4215 cum
947 4156 1141 4218 subiunctivo
1162 4163 1314 4212 mutatum
1336 4163 1401 4210 est.

302 4171 441 4303 herebat
462 4238 542 4298 enirn
573 4231 668 4322 depr
688 4234 853 4320 et'iidqts
873 4237 944 4298 dici.
988 4237 1069 4298 Bene
1098 4239 1235 4315 venons,
1270 4235 1331 4295 hue
1358 4233 1406 4294 ad
