2975 4892
282 286 337 373 28
483 288 1143 375 10.'m0.aa1srucolmn1tmn11

276 484 418 551 processu
436 466 579 547 temporis
591 459 746 544 colliquati
766 462 889 523 luerunt
902 462 933 521 in
947 483 1043 522 unum
1055 482 1163 544 corpus
1175 472 1237 522 tam
1250 461 1361 524 urbani

277 572 369 632 quam
382 560 547 611 castrenses
558 549 691 629 corporis
709 546 866 621 custodes,
892 556 923 606 et
943 545 1016 606 dicti
1036 545 1190 605 domestici
1210 555 1361 627 protecto·

276 656 338 695 res.
381 634 550 713 Sedneque
562 630 621 691 hoc
632 650 749 709 semper
761 630 882 690 mansit.
924 628 1010 688 Abiit
1030 630 1111 687 enim
1132 630 1240 689 sensim
1255 631 1287 688 in
1307 628 1361 689 de-

181 747 186 758 ·
276 717 468 778 suetudinem
479 735 589 774 nomen
602 714 861 789 Domesticorum,
889 722 919 771 et
931 712 1051 771 nomine
1070 708 1285 771 scholariorum
1298 733 1376 801 piu·¹

277 810 375 860 tatum
388 799 465 877 fuit3
490 800 533 858 sic
554 807 656 857 tamen
669 839 677 870 ,
706 805 741 854 ut
755 797 891 877 princeps
903 813 1010 855 'corum
1021 814 1075 877 per
1088 794 1292 855 excellentiam
1305 795 1360 854 ad-

245 945 252 960 ,
275 882 337 942 huc
362 881 544 942 domesticus
568 878 788 961 appellaretur,
813 890 958 959 tanquam
982 880 1014 939 in
1036 881 1210 938 memoriam
1223 890 1361 937 veterum

275 966 542 1042 Domesticorum,
567 964 621 1045 qui
650 963 711 1021 iam
737 980 800 1021 non
825 961 952 1043 amplius
964 962 1147 1036 Domestici,
1174 961 1226 1021 sed
1249 963 1360 1042 partim

277 1046 430 1109 οἰκειακοί
452 1047 502 1107 vel
527 1044 687 1124 βασιλικοὶ
699 1091 708 1121 ,
732 1044 844 1105 urbani
868 1066 976 1125 nempe
1002 1056 1055 1104 aut
1080 1042 1224 1125 palatini,
1249 1047 1360 1125 partim

276 1149 350 1191 vero
371 1130 540 1205 S'cholarii,
566 1139 730 1188 castrenses
750 1128 881 1206 seilicet,
909 1127 1079 1190 audiebant.
1115 1126 1166 1187 Ab
1185 1126 1238 1187 illo
1255 1128 1359 1187 dome·

273 1214 350 1273 otico
362 1212 562 1288 scholarum,
588 1211 621 1271 id
642 1221 686 1271 est
698 1200 838 1293 Principe
857 1233 892 1271 ac
912 1210 1047 1292 praeside
1059 1210 1260 1288 Scholarum,
1288 1211 1360 1283 dicti

276 1294 417 1378 deinceps
437 1296 560 1356 lucnmt
572 1296 755 1369 Domestiei,
777 1304 927 1377 quotquot
945 1295 975 1353 in
990 1293 1109 1371 schola,
1136 1294 1263 1369 scrinio,
1291 1316 1360 1353 mu-

275 1398 349 1438 nere
361 1398 417 1440 suo
436 1390 535 1439 esseut
553 1379 664 1460 primi,
689 1388 725 1437 ut
737 1376 926 1438 Domesticus
940 1377 1181 1455 Hicanatorum‚
1208 1379 1360 1437 Domesti-

275 1482 330 1521 cus
348 1473 534 1537 casuurum,
560 1461 748 1520 Domesticus
761 1458 1014 1521 Cancellariorum
1027 1471 1085 1520 etc.
1128 1461 1275 1521 Omnium
1294 1482 1360 1520 ma-

274 1546 373 1605 ximus
396 1555 462 1605 erat
485 1544 676 1603 Domesticus
698 1538 868 1625 τῆςἝιρας,
900 1539 1050 1619 Orientis,
1078 1554 1108 1603 et
1121 1542 1179 1603 hoc
1205 1542 1359 1625 aliquanto

274 1627 376 1688 minor
399 1620 618 1706 cicatricem,
647 1626 824 1685 Oceislentrs.
868 1624 960 1685 lllum
979 1626 1154 1687 orientalem
1168 1624 1358 1707 intelligunt,

274 1711 301 1769 si
321 1708 495 1791 simpliciter
520 1710 728 1769 Domesticum
751 1690 914 1791 appellant.
959 1708 1056 1769 Audit
1075 1730 1196 1791 quoque
1216 1709 1358 1790 Megado-

275 1795 436 1869 mesticus,
458 1791 509 1853 sed
563 1801 591 1851 st
605 1792 698 1852 isaaci
707 1792 853 1852 Comneni
865 1803 999 1872 tempora
1012 1792 1145 1853 demum.
1159 1791 1224 1852 vid.
1237 1791 1358 1875 Scylitz.

272 1896 305 1959 p.
326 1874 399 1959 807.
419 1876 456 1935 B.
498 1874 697 1937 *Domestici
721 1896 827 1956 regum
853 1876 1041 1934 Francorum
1071 1886 1205 1956 tempore
1230 1875 1357 1957 Gregor.

273 1960 393 2018 Tmou.
407 1957 676 2039 Megadomesticus
689 1968 720 2017 et
740 1978 866 2039 magnus
879 1955 1064 2020 senescallus
1077 1958 1157 2019 idem
1175 1966 1256 2021 sunt.
1283 1958 1359 2019 Erat

273 2041 424 2101 secundus
436 2040 476 2100 ab
489 2040 683 2121 Imperatore.
707 2040 855 2101 Fauchet.
868 2062 900 2121 p.
914 2038 1021 2122 485.]*

358 2123 390 2202 l·
399 2122 593 2266 B.6.}6,5.]
608 2116 794 2203 δημάρχοις.
823 2125 928 2201 Quum
941 2124 1001 2184 duo
1010 2123 1163 2206 praecipui
1172 2134 1268 2183 essent
1278 2124 1357 2205 apud

273 2204 455 2289 Byzantium
503 2206 576 2285 ῆμοι
586 2252 596 2283 ,
621 2217 761 2269 catervae
779 2228 832 2267 seu
854 2206 1019 2285 sactiones,
1045 2217 1154 2266 veneta
1173 2216 1203 2265 et
1216 2208 1356 2287 prasina,

271 2311 402 2373 quarum
421 2288 475 2351 illa
497 2288 621 2364 albam,
647 2289 721 2350 haec
742 2286 860 2350 russam
880 2289 1012 2351 babebat
1031 2289 1245 2371 appendicem,
1272 2300 1358 2349 erant

271 2394 393 2455 quoque
406 2372 467 2433 duo
489 2371 662 2448 demarchi,
687 2394 741 2433 seu
763 2372 958 2451 deciuiones,
984 2371 1033 2432 vel
1054 2374 1245 2453 magistratus
1264 2394 1357 2453 paene
1387 2399 1392 2409 ·

270 2456 422 2537 supremi,
450 2454 562 2521 diversi
587 2466 689 2516 umen
714 2476 733 2515 a
746 2456 934 2515 Democratis
957 2457 1030 2515 item
1056 2454 1195 2531 duobus,
1222 2465 1252 2515 et
1276 2457 1357 2515 ultra

269 2538 458 2599 Demarchos
474 2539 555 2619 ipsos
572 2538 785 2599 eminentibus.
828 2539 963 2599 Venetae
975 2560 1083 2681 nempe
1096 2538 1231 2598 factionis
1242 2540 1356 2598 Demo-

270 2633 367 2682 crates
390 2632 455 2683 erat
479 2642 617 2704 semper,
641 2622 777 2703 quisquis
799 2621 989 2683 Domesticus
1006 2622 1044 2681 Sc
1065 2619 1185 2681 clarum
1206 2632 1300 2700 esset,
1325 2634 1357 2682 et

254 2707 426 2847 ⁴prasinae,
452 2707 587 2787 quisquis
611 2705 802 2766 Domesticus
822 2704 1041 2767 Excubitorum
1065 2715 1157 2780 esset,
1190 2716 1226 2763 ut
1252 2702 1356 2765 multis

300 2788 374 2847 ostri
399 2786 474 2849 locis
500 2798 629 2848 constet.
673 2790 721 2847 De
745 2786 845 2848 officio
858 2787 1099 2848 Demarchorum
1124 2788 1241 2847 dicetur
1253 2786 1355 2869 paullo

269 2880 359 2952 post,
385 2888 469 2928 nunc
482 2870 666 2948 dicendum,
692 2891 817 2951 qumam
830 2870 944 2931 luerint
967 2865 996 2929 οἱ
1014 2868 1120 2948 δῆμοι.
1165 2870 1261 2930 Video
1274 2872 1356 2931 enim

270 2973 322 3013 eos
334 2974 352 3012 a
365 2952 483 3013 civibus
496 2953 660 3033 distingui,
687 2964 718 3012 et
738 2952 778 3011 ab
800 2952 955 3035 inquilinis
976 2963 1066 3033 atque
1087 2951 1266 3033 sellulariis,
1293 2964 1323 3014 et
1336 2974 1356 3013 a

268 3034 438 3115 militibus,
464 3047 501 3095 ut
522 3035 687 3095 admodum
710 3034 875 3096 obscurum
888 3040 945 3114 sit,
972 3034 1062 3116 quale
1076 3056 1169 3117 genus
1195 3036 1355 3097 hominum

267 3117 303 3179 hi
316 3119 447 3195 fuerint,
473 3129 505 3179 et
524 3120 574 3178 cui
587 3116 668 3178 bono
681 3121 834 3195 instituti,
860 3141 937 3201 quos
959 3129 1007 3179 tot
1028 3118 1133 3179 turbas
1147 3118 1290 3195 edidisse,
1323 3130 1355 3179 et

267 3204 357 3263 toties
376 3222 495 3263 summo
514 3223 585 3261 cum
606 3203 699 3283 ipsius
721 3202 839 3283 imperii
860 3203 1032 3264 discrimine
1044 3202 1250 3284 reprimendos
1260 3204 1354 3283 ,luisse

267 3282 436 3367 loquuntur
462 3285 615 3347 historiae.
658 3284 812 3346 Cedrenus
839 3306 871 3366 p.
897 3286 968 3369 765.
991 3284 1033 3345 A.
1055 3306 1087 3367 9.
1129 3278 1203 3355 τούς
1226 3285 1355 3359 πολίτας
1431 3334 1445 3365 ,

267 3363 392 3428 καὶτὸν
410 3365 510 3445 δῆμον
532 3370 641 3451 iungit.
684 3368 815 3429 Videtur
839 3368 871 3429 id
895 3366 1017 3450 quoque
1041 3368 1133 3429 dictio
1154 3368 1300 3449 Scylitzae
1318 3390 1352 3470 p.

267 3448 342 3510 813.
363 3452 400 3509 Β.
426 3450 458 3511 6.
487 3440 571 3510 ἅπαν
591 3447 628 3512 ti
657 3442 821 3531 δημοτικόν
844 3470 879 3511 τε
901 3451 958 3531 τῆς
976 3442 1095 3521 πόλεως
1117 3448 1173 3511 καί
1192 3446 1227 3509 τὰ
1252 3472 1355 3513 norror

268 3532 404 3593 suadere.
445 3533 525 3592 Nam
547 3535 572 3593 si
595 3529 630 3594 τὸ
656 3530 761 3595 κοινὸν
774 3544 820 3595 est
842 3536 1015 3593 communio
1029 3534 1162 3608 civium,
1188 3536 1244 3615 qui
1255 3556 1273 3595 a
1286 3556 1354 3597 rna·

267 3617 395 3696 gismatu
407 3615 557 3696 oppidano
578 3627 747 3697 reguntur,
774 3638 893 3678 necesse
906 3628 951 3677 est
975 3610 1011 3677 τὸ
1033 3609 1198 3696 δημοτικὸν
1217 3616 1273 3695 τῆς
1294 3614 1356 3678 πό-

266 3700 366 3774 λεως,
392 3698 476 3781 quod
488 3696 576 3759 abeo
598 3711 791 3781 segregatur,
819 3702 1027 3781 amagistratu
1051 3698 1202 3781 oppidano
1223 3720 1284 3760 non
1297 3722 1353 3781 pe-

265 3780 428 3863 pendisse,
458 3780 589 3862 ideoque
612 3782 651 3841 ad
672 3786 938 3861 communitatem,
966 3794 1000 3843 ut
1024 3780 1225 3864 loquebantur
1249 3784 1354 3845 medio

266 3884 361 3941 aevo,
389 3885 453 3924 non
472 3865 662 3945 pertinuisse.
705 3865 820 3947 Aperte
838 3888 960 3949 quoque
981 3866 1091 3927 Noster
1115 3886 1147 3945 p.
1167 3865 1234 3925 132.
1258 3866 1299 3925 D.
1316 3868 1351 3927 3.

266 3945 424 4029 distinguit
451 3941 491 4007 τοὶ
512 3946 595 4030 μέρη
622 3952 728 4019 aruir
744 3951 803 4029 τῆς
823 3942 961 4025 πόλεως,
987 3960 1017 4010 et
1040 3972 1072 4031 p.
1089 3947 1159 4009 356.
1189 3948 1293 4009 influe
1310 3944 1352 4011 roi

221 4036 227 4048 ’
264 4026 347 4108 μέρη
372 4030 644 4102 usvaurhtais.
683 4030 1351 4113 NicephorusPatriarchaCPtanusp.136.
1452 4104 1453 4107 Ἴ

265 4110 424 4194 distinguit
445 4113 565 4175 ordines
585 4104 808 4194 sic'Aptpor
837 4106 962 4196 ἀνδρῶν
979 4114 1014 4176 ἐκ
1032 4114 1095 4176 τῶν
1117 4134 1154 4175 οι
1175 4114 1353 4175 creaturis·

265 4190 445 4276 καταλόγων
451 4244 463 4275 ,
496 4190 544 4259 ἔτι
562 4194 598 4258 δὲ
621 4195 677 4260 καί
696 4196 756 4260 τοῦ
774 4197 963 4281 γεωργικοῦ,
987 4195 1126 4261 καὶτῶν
1145 4134 1352 4277 dorovernie
