2975 4892
122 293 177 361 ιιι
206 293 430 363 eceteram.
461 296 610 364 ronan.
636 301 690 362 ιιι
721 296 858 364 centu
888 300 962 364 nra.
992 301 1018 362 1.
1061 262 1150 386 ιιι.

72 454 286 536 antiquioribus
314 455 446 516 nummis
466 456 490 516 B
511 457 636 516 canticis
669 465 714 516 est
733 458 916 539 conspicere.
960 456 1026 517 Non
1045 457 1148 541 itaque

71 537 178 616 video,
199 540 253 620 qui
274 541 385 620 possim
405 539 456 598 Du
504 543 593 621 angio
620 537 797 619 adstipulari
832 537 1006 623 chlamydes
1043 553 1073 600 et
1092 541 1149 602 cli·

72 619 154 681 berria
182 621 389 682 confundenti.
443 622 559 702 Nempe
591 621 631 682 ad
652 621 785 682 loinvill.
806 644 838 702 p.
864 621 932 702 ¹4¹·
956 618 1147 705 chlamydem

71 703 194 784 appellat
215 705 297 764 liubit
331 705 383 764 dea
408 705 569 764 clevatae
589 716 619 766 et
644 705 682 764 ad
724 703 860 765 Alexiad.
889 727 923 786 p.
944 707 1019 783 dor.
1043 707 1078 772 C.
1097 707 1146 766 di-

71 789 196 847 ctionem
227 781 307 866 perti
339 781 395 846 daia
421 785 596 865 χλαμύδων
619 790 833 869 interpretatur
858 811 932 848 avec
951 789 1036 849 deur
1059 803 1146 850 cottas

71 869 212 944 d'armes,
244 869 276 930 id
303 880 348 930 est
378 889 448 928 cum
469 869 587 938 duobus
612 869 778 945 militibus,
843 873 872 932 ia
894 873 1007 932 nemini
1026 883 1147 953 praeter

70 953 173 1013 milites
193 953 318 1012 iuduere
351 951 539 1034 chlamydem
569 975 621 1014 seu
644 953 770 1014 loricam
800 893 932 1016 lineat.
974 953 1147 1037 *[Carolus

71 1036 109 1094 hl.
130 1035 238 1096 diebus
258 1035 342 1096 festis
363 1055 453 1095 aurea
470 1035 648 1118 chlamyde,
669 1037 768 1098 aureis
801 1039 898 1098 ocreis
921 1058 1074 1120 aureaque
1093 1059 1147 1099 co·

70 1137 138 1178 rona
158 1129 284 1180 ornatus
318 1118 518 1199 procedebat,
538 1141 601 1201 quo
622 1119 797 1180 imitabatur
817 1120 957 1182 CPtancs
978 1121 1146 1202 Imperato-

69 1221 121 1274 res,
141 1213 176 1262 ut
195 1201 416 1278 lastinianum,
438 1202 475 1260 de
494 1223 555 1283 quo
573 1203 773 1284 Theophanes
792 1225 826 1284 p.
849 1204 917 1281 146.
936 1203 1015 1286 196,
1035 1215 1107 1265 uta

69 1295 147 1362 paret
167 1283 382 1346 exAnnalibus
402 1283 546 1348 Fuldeus.
568 1286 606 1346 A.
624 1284 696 1370 876.
722 1285 852 1347 Habitus
874 1297 976 1348 tamen
996 1291 1077 1368 ipsos
1096 1227 1147 1348 ab

69 1385 163 1428 versos
179 1379 277 1450 putat,
293 1368 451 1510 praecipue
463 1362 714 1448 rerpaiyorvu,Du
729 1368 1037 1452 Cangep.158.Dias.
1062 1373 1145 1430 loin-

69 1449 171 1533 vitt.]*
215 1451 347 1510 hiultum
404 1451 499 1510 'versa
525 1450 617 1532 pallia
634 1453 783 1532 quadrata
804 1464 834 1513 et
853 1452 1035 1535 chlamydes.
1088 1453 1147 1516 llla

69 1545 145 1592 erant
164 1533 256 1615 pallia
279 1535 416 1611 Graeca,
446 1530 612 1612 δι’σχιστα,
634 1533 691 1594 hae
711 1534 803 1616 pnllia
821 1536 959 1596 Romana
983 1559 1036 1596 seu
1056 1535 1145 1618 palu·

69 1615 210 1678 damenta.
251 1617 299 1676 De
318 1617 471 1698 quadratis
490 1615 549 1676 illis
560 1619 661 1678 veniet
681 1639 736 1678 suo
755 1637 877 1700 quoque
896 1629 1032 1698 tempore
1052 1641 1147 1702 agen-

69 1696 95 1756 di
114 1697 208 1760 locus.
251 1699 421 1760 Dicendum
441 1721 537 1760 unum
559 1699 679 1775 adhuc,
701 1701 775 1782 quid
800 1703 861 1760 sint
878 1701 1146 1783 clamorydesfixac

68 1801 144 1862 siper
161 1787 357 1844 hrmaerumet
389 1783 548 1843 clamaein
563 1781 681 1842 Concil.
703 1783 915 1863 Aodegavens.
929 1785 970 1842 A.
998 1784 1086 1846 1365.
1112 1786 1146 1844 iu

69 1865 169 1928 verbis:
191 1865 425 1944 necclrlamydes
434 1865 532 1951 fixas
550 1885 639 1948 super
668 1867 832 1944 lamnae,
845 1867 900 1926 scil
924 1867 1055 1939 οἱαιιιαε,
1080 1867 1145 1925 lar-

67 1966 131 2025 gas,
152 1949 257 2030 longas
270 1963 299 2008 et
312 1951 455 2010 lronestar.
499 1946 586 2028 Quae
606 1947 655 2008 hic
676 1947 752 2009 fixae
771 1970 863 2029 super
883 1949 1045 2008 humerum
1058 1947 1145 2008 chla-

69 2033 160 2110 mydes
195 2031 405 2114 appellantur,
436 2053 488 2092 eae
522 2041 617 2106 sunt,
638 2052 712 2112 quas
732 2031 828 2092 fibula
847 2053 937 2114 super
958 2032 1063 2091 dextro
1083 2029 1146 2091 hu-

67 2131 139 2176 mero
158 2114 345 2175 continebat.
383 2115 507 2175 Clamas
523 2135 595 2174 vero
613 2124 684 2174 sunt
702 2112 772 2174 illae
791 2114 865 2176 alias
885 2117 927 2175 sic
948 2115 1047 2175 dictae
1066 2115 1145 2174 elac

67 2216 126 2270 rae,
154 2219 235 2280 quae
253 2197 421 2273 rotundae,
445 2198 600 2258 adinstar
622 2195 739 2257 cloccae
760 2197 809 2258 vel
829 2219 1004 2280 campanae,
1026 2199 1057 2258 in
1081 2199 1145 2259 imo

66 2287 121 2340 toto
139 2282 257 2341 ambitu
281 2279 392 2342 solidae
414 2292 521 2357 eraut,
543 2283 574 2340 in
596 2301 714 2340 summo
733 2284 906 2360 angustiore
926 2281 1042 2341 ambitu
1063 2279 1144 2340 som·

66 2381 127 2423 men
144 2364 316 2438 habebant,
349 2385 402 2445 per
423 2363 506 2446 quod
530 2373 670 2444 caputet
700 2364 801 2423 cervix
820 2375 1038 2424 exsererentur.
1080 2363 1143 2422 Ta·

66 2442 130 2506 lium
150 2447 324 2508 cloccarum
344 2449 489 2508 memoria
509 2457 539 2506 et
550 2447 695 2527 imagines
715 2448 828 2527 passim
848 2459 1010 2508 occurrunt
1030 2447 1062 2506 in
1074 2467 1143 2506 mo·

65 2533 208 2591 numentis
236 2532 329 2592 medii
360 2533 453 2607 aevi,
483 2538 518 2589 ut
537 2529 568 2588 in
595 2528 824 2610 Longobmdica
845 2529 897 2589 illa
926 2529 1041 2602 tabula,
1063 2550 1143 2609 quae

64 2619 282 2675 coronationem
318 2617 396 2695 regis
416 2611 635 2695 Longobardici
656 2609 796 2686 exhibet,
819 2612 859 2672 ab
881 2613 1009 2671 Horatio
1030 2611 1143 2670 Blanco

63 2693 95 2754 ad
124 2697 356 2758 Warneliidum
383 2696 473 2756 edita.
525 2693 635 2754 Differt
663 2694 765 2754 clocca
796 2716 814 2754 a
843 2693 963 2755 colobio
982 2715 1039 2764 eo,
1059 2695 1141 2775 qood

63 2775 106 2837 illa
123 2781 284 2840 scissuram
306 2779 455 2839 modicam
477 2780 556 2840 inter
576 2776 724 2859 scapulas,
748 2788 800 2838 aut
821 2779 913 2837 etiam
933 2777 973 2836 ab
992 2778 1091 2836 antica
1112 2786 1144 2835 et

61 2864 165 2938 postica
186 2863 279 2924 simul
299 2861 441 2934 haberet,
466 2859 577 2921 abillo
605 2861 775 2935 foramine,
798 2882 853 2942 per
874 2861 957 2942 quod
978 2868 1070 2940 caput
1091 2879 1143 2918 ex·

62 2945 230 3021 serebatur,
252 2967 315 3006 non
336 2945 466 3006 multum
497 2943 637 3003 deorsum
659 2955 906 3024 procurrentem,
929 2946 961 3003 iu
986 2943 1049 3002 imo
1068 2940 1143 3002 soli·

61 3023 110 3086 daz
128 3029 284 3090 colobium
304 3049 378 3089 vero
398 3031 555 3090 scissuram
575 3025 615 3087 ab
634 3029 696 3089 ima
716 3047 770 3086 ora
803 3048 894 3108 super
913 3025 1014 3086 medio
1045 3035 1145 3108 pecto·

60 3112 142 3171 read
163 3133 321 3173 summum
351 3133 446 3194 usque
477 3109 589 3170 collare
618 3109 827 3170 ascendentem
847 3109 1003 3185 habebnt,
1024 3119 1143 3170 caetera

60 3190 193 3254 solidum.
250 3195 403 3256 Discimus
430 3195 469 3254 de
489 3192 606 3273 reliquo
642 3213 675 3252 ex
698 3190 751 3252 illo
771 3192 898 3254 Concilii
918 3192 1144 3273 Andcgavensis

57 3273 171 3338 laudato
192 3277 278 3357 loeo,
298 3277 471 3360 chlamydes
497 3275 596 3336 adhuc
622 3275 707 3336 XIV.
748 3275 868 3336 saeculo
900 3276 1009 3359 gestari
1041 3273 1146 3336 solitas

59 3357 158 3440 Ῐιιῐεειις
180 3364 259 3423 item
275 3381 309 3421 ex
331 3361 485 3442 imagine,
508 3362 532 3420 si
553 3356 664 3439 quibus
683 3379 750 3418 eam
769 3369 904 3440 spectare
923 3359 1012 3434 licet,
1036 3359 1069 3416 in
1089 3376 1144 3416 co-

59 3438 114 3503 dice
143 3444 282 3527 quodam
301 3443 531 3505 membranaceo
551 3438 753 3502 bibliothecae
772 3442 862 3502 huius
881 3441 966 3500 urbis
986 3438 1144 3521 publicae,

59 3523 739 3690 tt.‘tttht“t⁰.t1t¹.⁰t¹'tt.ttt.l.ltt.t
760 3520 1143 3690 tlttlfflttlt.

59 3701 84 3748 et
101 3713 172 3754 auro
195 3705 291 3776 atque
324 3693 450 3774 picturis
479 3690 690 3752 illuminatam.
739 3689 870 3774 Singidis
891 3689 977 3750 libris
997 3689 1143 3770 praemis·

60 3791 101 3830 sae
118 3788 188 3837 sunt
210 3775 349 3858 singulae
369 3775 498 3858 grandes
522 3785 552 3834 et
572 3771 794 3856 pulcherrimae
814 3775 971 3855 imagines,
992 3792 1068 3852 quas
1088 3771 1143 3852 qui

58 3853 181 3920 intuetur
210 3878 277 3920 non
313 3870 412 3941 potest
432 3857 556 3919 illorum
576 3867 768 3939 temporum,
799 3857 909 3938 quibus
928 3866 1066 3916 exaratus
1087 3854 1146 3913 t'uit

57 3940 157 4016 codex,
180 3944 214 4004 in
237 3942 389 4024 pingendo
411 3941 608 4002 subtilitatem
623 3951 654 4000 et
675 3939 882 4001 dexteritatem
901 3959 962 3998 non
984 3936 1099 4002 mirari.

107 4023 177 4087 255.
203 4027 243 4086 B.
258 4047 290 4108 9.
313 4020 475 4108 [440,1y.]
497 4024 646 4100 ταβλίων.
690 4023 827 4104 Longam
855 4024 894 4081 de
912 4021 1013 4081 tabliis
1031 4019 1143 4088 disser-

54 4103 190 4171 tationem
223 4107 274 4170 hic
301 4111 455 4192 positam,
484 4107 523 4168 ad
548 4125 640 4188 quam
679 4104 772 4171 modo
804 4103 1001 4188 ablepaham,
1033 4113 1143 4184 rogatu
