2975 4892
332 269 418 387 574
531 299 588 366 ιο.
618 300 698 368 uc.
726 299 875 366 anain
907 298 1188 368 comimrauu

394 453 511 518 estc.
525 478 557 539 7.
576 452 728 539 [495,8.]
746 449 825 533 μετὰ
845 455 994 535 panton,
1014 443 1084 535 ἦτοι
1106 455 1221 535 coya'pv.
1256 452 1368 514 Sitnehic

331 535 390 598 loci
410 535 481 619 ἤτοι
502 539 648 620 particula
666 539 895 620 interpretativa
913 559 967 600 an
987 535 1187 617 disiunctiva,
1217 557 1270 598 non
1288 535 1368 620 liquet

331 621 463 683 Videtur
482 631 584 682 tamen
611 622 696 703 prius
717 625 829 702 potius.
886 623 957 700 Quo
975 623 1104 683 admisso
1126 621 1212 684 firea't
1229 621 1296 682 idem
1310 640 1371 696 por·

331 703 398 765 seor
421 716 451 766 et
470 705 590 785 oaytov.
631 704 709 764 Sane
729 725 792 766 non
823 705 952 766 multum
972 706 1090 766 diversa
1118 705 1205 766 fuisse
1223 709 1372 765 manumet

332 807 439 870 sagum
458 788 549 848 credo
571 808 605 848 ex
629 789 666 848 iis
686 799 847 871 constare,
868 809 946 870 quae
965 790 1004 848 ad
1025 809 1057 870 p.
1073 786 1144 850 255.
1162 787 1193 848 B.
1209 809 1236 869 7.
1269 787 1372 866 dispun-

331 873 378 932 vi.
419 873 580 932 Praeterea
600 872 704 930 malim
727 871 759 930 iu
780 871 894 933 Latinis
914 893 980 932 cum
992 871 1121 953 supponi
1141 891 1196 952 pro
1215 873 1254 930 uz.-
1272 869 1371 929 adamn-

329 968 391 1015 tem
416 976 481 1015 cerm
512 975 594 1034 sago.
656 953 713 1014 Est
748 965 850 1014 autem
880 955 1009 1016 adorare
1033 975 1100 1016 cum
1128 975 1198 1035 sago
1224 953 1373 1012 motitatiooc

332 1037 465 1120 quadam
487 1039 550 1118 sagi
578 1037 610 1096 in
631 1035 760 1118 figuram
787 1037 919 1118 aliquam
939 1048 1051 1098 certam
1071 1036 1268 1098 submissionis
1285 1038 1372 1114 signu

332 1123 452 1195 faeere,
475 1130 511 1179 ut
537 1140 592 1179 nos
611 1119 703 1180 hodie
726 1130 813 1181 motu
836 1131 866 1182 et
893 1123 994 1203 positu
1008 1119 1155 1203 *quodam
1175 1118 1240 1203 pilei
1259 1116 1373 1192 solenus,

330 1205 394 1266 vid.
411 1203 490 1263 dieta
505 1201 544 1262 ad
556 1224 626 1283 pag.
639 1201 670 1263 8.
685 1202 726 1263 A.
742 1203 775 1264 8.

413 1285 449 1347 G.
465 1285 498 1348 8.
521 1285 609 1368 1495,
625 1283 673 1367 8·]
692 1281 827 1364 κατάβα.
868 1286 924 1346 Est
940 1296 1080 1346 uuncata
1088 1307 1146 1347 vox
1157 1305 1211 1368 pro
1222 1275 1376 1358 καταβάσων

330 1368 377 1433 vel
398 1365 628 1446 καταβάσιμον,
648 1369 731 1471 quod
752 1371 842 1430 novis
849 1370 971 1430 Graecis
997 1368 1079 1429 idem
1098 1379 1144 1449 est
1163 1379 1249 1449 atque
1269 1359 1376 1457 racdde-

329 1473 391 1525 σις.
414 1451 486 1512 Pari
505 1453 597 1514 modo
618 1448 715 1530 διαβα
734 1452 841 1512 dicunt
861 1457 903 1531 (v.
925 1454 977 1512 Du
1001 1450 1101 1534 Gange
1115 1450 1148 1511 li.
1161 1456 1206 1525 v.)
1218 1469 1269 1531 pro
1290 1443 1377 1520 drudo·

329 1555 400 1611 σις,
433 1538 589 1611 trunniaco,
608 1545 639 1595 et
654 1532 732 1613 ἔκβα
767 1535 816 1596 vel
831 1529 934 1612 ἔμπα,
962 1538 1111 1612 indutum
1138 1555 1173 1595 u.
1190 1533 1240 1593 Du
1261 1531 1377 1610 Cangct·

329 1611 428 1696 ἔμπα.
471 1617 517 1678 lta
538 1619 639 1678 Latini
658 1618 751 1680 medii
771 1620 837 1679 aevi
865 1619 987 1678 camilla
999 1628 1064 1700 'pm
1085 1616 1278 1698 capillacium.

395 1699 465 1766 286.
481 1701 515 1762 C.
530 1723 562 1784 9.
589 1700 663 1785 [497
694 1703 741 1784 7.]
766 1697 1011 1782 Ῥουφινιαναῑς.
1060 1701 1130 1762 Nou
1152 1709 1221 1762 sunt
1241 1695 1302 1758 illae
1317 1691 1378 1752 aa

330 1803 399 1844 mae
433 1784 568 1845 urbanae
605 1788 648 1844 sic
668 1784 788 1862 dictae,
818 1783 858 1844 de
880 1784 990 1864 quibus
1011 1782 1063 1842 Du
1087 1783 1189 1866 Gange
1208 1779 1276 1842 GPli
1293 1775 1377 1836 Chn'sl·

331 1867 371 1926 L.
388 1867 411 1929 1.
433 1887 467 1949 p.
478 1869 544 1950 93„
566 1867 619 1928 sed
639 1866 783 1948 palatium
806 1867 1013 1927 suburbanum
1021 1865 1188 1928 Asiaticum
1206 1867 1238 1926 in
1267 1855 1379 1922 suburblt

272 1969 276 1976 ·
329 1943 576 2011 calchedonens'e
603 1950 714 2022 situm,
751 1949 790 2010 de
810 1969 872 2031 quo
892 1949 973 2010 idem
992 1951 1030 2008 L.
1045 1950 1100 2008 lv.
1125 1971 1156 2030 p.
1175 1949 1242 2030 175·
1259 1941 1380 2006 consum·

330 2032 406 2107 dus,
428 2033 482 2093 ubi
502 2053 623 2115 quoque
642 2032 781 2113 pluribus
802 2033 840 2092 de
863 2031 976 2113 palatio
1001 2027 1102 2116 Ἡρίῳ
1127 2031 1178 2093 vel
1198 2027 1304 2108 ἱερείας
1319 2025 1379 2104 agit,

330 2116 417 2174 euius
437 2116 595 2198 nunquam
615 2135 725 2175 nomen
753 2114 829 2176 mihi
849 2115 971 2175 videtur
998 2115 1088 2175 luisse
1097 2110 1248 2195 Ἡραῖον,
1267 2105 1381 2187 templum

331 2197 475 2270 lunonis,
504 2197 587 2279 quod
614 2198 696 2259 idem
711 2196 883 2260 Alemauno
912 2197 952 2258 nd
970 2199 1155 2279 Procopium
1173 2219 1204 2278 p.
1224 2195 1271 2256 80.
1290 2203 1382 2273 quoque

329 2280 431 2340 visum
452 2280 521 2340 fnit.
573 2281 622 2341 De
649 2292 752 2364 satyro
784 2291 815 2342 et
831 2343 834 2350 ⁴
851 2281 998 2361 polentieo
1024 2280 1101 2340 nihil
1138 2280 1268 2341 invenio.
1305 2272 1383 2350 Neque

330 2365 455 2424 mirum.
496 2363 623 2426 Dudum
643 2366 724 2425 anim
744 2374 816 2424 aute
836 2364 1069 2425 Constantinum
1096 2363 1383 2446 porphyrogeneto

330 2457 468 2507 nocuum
501 2446 653 2510 desierant
678 2448 828 2531 quaedam
858 2445 969 2508 horum
989 2446 1172 2528 palatiorum
1192 2457 1223 2506 et
1240 2440 1383 2508 nomiounr

332 2541 368 2591 ut
399 2531 592 2611 strategictun
612 2551 641 2591 e.
667 2552 722 2610 c.,
752 2531 938 2607 deuterum,
967 2527 1165 2610 capitolium,
1192 2537 1319 2609 satyuu,
1345 2537 1385 2612 ptr

332 2613 473 2681 leaticum
493 2625 550 2674 eto.
607 2613 762 2675 Paracata
798 2611 873 2674 haec
904 2624 968 2674 tota
995 2613 1034 2672 de
1052 2611 1154 2673 reditu
1175 2604 1385 2695 imperatoriam·

332 2697 453 2758 Urbem
478 2717 540 2757 non
573 2696 686 2758 saeonli
718 2696 852 2771 decimi,
885 2696 938 2756 sed
971 2699 1046 2756 sexti
1067 2707 1129 2770 est,
1153 2716 1215 2756 non
1236 2693 1386 2775 Qousnouu

332 2779 446 2858 huius,
467 2780 520 2840 sed
552 2780 637 2840 Petri
671 2781 827 2861 Magistri,
848 2800 877 2840 e.
896 2779 983 2840 cuius
1014 2781 1105 2842 toties
1132 2770 1267 2847 hadala*
1281 2769 1346 2831 libro
1359 2763 1386 2822 dt

331 2863 555 2924 Constitutione
564 2863 756 2946 Reipublicae
776 2862 851 2922 haec
867 2861 1051 2923 verbotenus
1070 2853 1385 2941 transscriptelfflssli

333 2956 370 3004 ut
388 2967 425 3006 ex
446 2966 482 3006 eo
501 2966 622 3027 quoque
646 2945 772 3027 collegi,
803 2945 887 3026 quod
916 2945 1086 3026 imperator
1105 2946 1138 3004 iu
1166 2943 1235 3019 SS„
1263 2936 1269 2946 ¹
1349 2949 1385 3003 ⁰⁵5

331 3047 394 3086 non
415 3032 448 3088 iu
468 3029 500 3086 S.
520 3028 666 3110 Sophiam
696 3029 812 3110 ingredi
842 3029 982 3102 dicatur,
1013 3037 1050 3086 ut
1079 3047 1160 3107 quae
1189 3033 1251 3084 tum
1299 3040 1301 3042 ·
1335 3014 1388 3073 dum

333 3121 447 3170 structa
468 3121 555 3171 esset.
596 3110 756 3194 *[Palatia
775 3111 884 3171 Eriaea
906 3111 1064 3171 Constant.
1095 3109 1282 3192 Porphymg.
1301 3108 1387 3162 ffilffl·

331 3203 401 3267 cta‚
423 3193 534 3274 Script.
557 3205 625 3274 post
647 3194 735 3253 Theo
758 3192 830 3253 han.
848 3215 880 3276 p.
895 3191 1012 3275 281.]*

415 3277 450 3336 C.
461 3276 578 3355 penult.
601 3275 687 3359 [497,
699 3215 757 3418 ps
779 3270 880 3358 φόρον
907 3276 963 3337 τοῦ
983 3273 1185 3354 στρατηγῶν.
1235 3268 1386 3358 umgnaar

331 3358 431 3418 forum
450 3358 636 3435 Theodosii,
657 3381 698 3441 qu
762 3359 793 3419 in
814 3379 850 3419 ea
870 3359 954 3418 urbis
975 3359 1119 3440 regione,
1143 3375 1222 3438 quae
1240 3355 1388 3427 Strategfflffl

330 3441 552 3523 appellalmtur,
561 3445 691 3502 extitisse
703 3441 826 3518 dicitur3
841 3442 902 3502 vid.
916 3443 967 3501 Du
978 3443 1081 3522 Gange
1094 3439 1167 3503 CPl.
1176 3438 1283 3500 Christ
1292 3433 1313 3492 l·
1321 3423 1386 3511 P·3⁰·

413 3527 454 3586 D.
469 3548 501 3608 7.
522 3524 610 3608 [497,
630 3523 696 3607 ι4.]
716 3518 806 3597 ἔτους
824 3519 897 3603 ςλ7’.
938 3525 1008 3584 Non
1019 3533 1119 3606 potest
1139 3523 1227 3597 alius,
1249 3525 1390 3602 quauepa¹

332 3605 409 3665 chae
429 3609 537 3668 Mundi
572 3609 686 3668 conditi
713 3607 879 3668 secundum
909 3605 1041 3668 Graecos
1074 3627 1173 3668 annus
1193 3606 1242 3665 hic
1261 3599 1391 3677 designata

331 3688 409 3748 Nam
428 3710 491 3749 non
510 3689 608 3751 solent
627 3711 734 3752 eorum
754 3689 887 3752 historici
908 3711 1006 3750 annos
1032 3690 1152 3770 imperii
1173 3687 1294 3748 alieuius
1313 3681 1390 3773 lupe·

331 3773 443 3832 tatoris
462 3774 506 3832 sic
526 3772 609 3834 nude
638 3777 741 3834 citare.
801 3774 897 3855 Atqui
918 3783 1020 3833 tamen
1043 3771 1151 3832 incidit
1177 3789 1271 3832 annus
1292 3761 1335 3825 ille
1352 3753 1392 3817 οὗ·

330 3853 377 3929 (id
399 3863 444 3912 est
462 3853 564 3929 6035.)
588 3860 621 3915 iu
639 3857 681 3916 A.
698 3857 733 3916 C.
759 3855 842 3933 525„
863 3877 925 3938 quo
944 3855 1082 3916 noudum
1103 3855 1272 3936 Imperator
1289 3853 1343 3908 cml
1354 3841 1391 3932 lu·

332 3936 490 3996 atinianus.
532 3937 608 3998 Nam
629 3937 670 3999 A.
695 3941 732 3999 C.
748 3937 819 4021 5²7·
846 3938 970 4000 demum
991 3949 1153 3999 compatris
1172 3937 1239 4002 fuit.
1278 3930 1338 3991 Non
1355 3939 1390 4017 tl·

332 4016 390 4076 deo
402 4061 412 4093 ‚
441 4020 596 4098 quomodo
631 4019 691 4081 hoc
710 4021 839 4082 dubium
862 4021 979 4082 solvam
1000 4023 1058 4082 nisi
1079 4020 1201 4102 culpam
1226 4021 1257 4078 in
1279 4013 1391 4074 librar¹⁰⁵

333 4095 534 4175 devolvendo,
557 4104 611 4185 qui
631 4123 687 4184 pro
706 4127 790 4166 more
812 4124 866 4165 suo
886 4116 933 4165 sat
953 4117 1027 4165 noto
1055 4104 1255 4164 Iustiniauum
1289 4095 1332 4154 hic
1350 4103 1390 4168 pt>

331 4181 448 4244 lustina
493 4186 711 4248 substituerint.
761 4188 821 4248 Sed
853 4185 989 4248 solentne
1030 4185 1156 4248 titulum
1187 4180 1244 4246 τοῦ
1270 4165 1393 4250 adstitit
