<?xml version="1.0" encoding="UTF-8"?>
<!DOCTYPE html PUBLIC "-//W3C//DTD XHTML 1.0 Transitional//EN"
    "http://www.w3.org/TR/xhtml1/DTD/xhtml1-transitional.dtd">
<html xmlns="http://www.w3.org/1999/xhtml" xml:lang="en" lang="en">
 <head>
  <title>
</title>
<meta http-equiv="Content-Type" content="text/html;charset=utf-8" />
  <meta name='ocr-system' content='tesseract 3.04.00' />
  <meta name='ocr-capabilities' content='ocr_page ocr_carea ocr_par ocr_line ocrx_word'/>
</head>
<body>
  <div class='ocr_page' id='page_1' title='image "./corpusscriptoru45theogoog/corpusscriptoru45theogoog_0831.png"; bbox 0 0 2975 4892; ppageno 0'>
   <div class='ocr_carea' id='block_1_1' title="bbox 382 317 1267 420">
    <p class='ocr_par' dir='ltr' id='par_1_1' title="bbox 382 317 1267 420">
     <span class='ocr_line' id='line_1_1' title="bbox 382 317 1267 420; baseline 0.003 -18"><span class='ocrx_word' id='word_1_1' title='bbox 382 317 469 420; x_wconf 80' lang='grc'><strong>834</strong></span> <span class='ocrx_word' id='word_1_2' title='bbox 622 339 677 407; x_wconf 82' lang='grc' dir='ltr'><strong>ιο.</strong></span> <span class='ocrx_word' id='word_1_3' title='bbox 709 341 788 408; x_wconf 81' lang='lat' dir='ltr'><strong>rte.</strong></span> <span class='ocrx_word' id='word_1_4' title='bbox 818 330 965 408; x_wconf 81' lang='lat' dir='ltr'><strong>nnrsru&#39;r</strong></span> <span class='ocrx_word' id='word_1_5' title='bbox 992 339 1267 409; x_wconf 79' lang='lat' dir='ltr'><strong>couuut&#39;utuu</strong></span> 
     </span>
    </p>
   </div>
   <div class='ocr_carea' id='block_1_2' title="bbox 299 496 1467 4229">
    <p class='ocr_par' dir='ltr' id='par_1_2' title="bbox 299 496 1467 4229">
     <span class='ocr_line' id='line_1_2' title="bbox 384 496 1415 578; baseline -0.008 -13"><span class='ocrx_word' id='word_1_6' title='bbox 384 505 441 565; x_wconf 87' lang='lat' dir='ltr'><strong>etsi</strong></span> <span class='ocrx_word' id='word_1_7' title='bbox 463 499 565 566; x_wconf 73' lang='lat' dir='ltr'><strong>nestit</strong></span> <span class='ocrx_word' id='word_1_8' title='bbox 595 511 627 562; x_wconf 89' lang='lat' dir='ltr'><strong>et</strong></span> <span class='ocrx_word' id='word_1_9' title='bbox 646 500 855 578; x_wconf 70' lang='lat' dir='ltr'><strong>Constantini,</strong></span> <span class='ocrx_word' id='word_1_10' title='bbox 884 501 1014 562; x_wconf 83' lang='lat' dir='ltr'><strong>Romani</strong></span> <span class='ocrx_word' id='word_1_11' title='bbox 1041 496 1193 576; x_wconf 85' lang='lat' dir='ltr'><strong>liliorum,</strong></span> <span class='ocrx_word' id='word_1_12' title='bbox 1215 509 1318 560; x_wconf 85' lang='lat' dir='ltr'><strong>tutores</strong></span> <span class='ocrx_word' id='word_1_13' title='bbox 1334 503 1415 571; x_wconf 62' lang='lat' dir='ltr'><strong>aaut,</strong></span> 
     </span>
     <span class='ocr_line' id='line_1_3' title="bbox 384 580 1467 670; baseline -0.006 -23"><span class='ocrx_word' id='word_1_14' title='bbox 384 607 481 670; x_wconf 88' lang='lat' dir='ltr'><strong>quum</strong></span> <span class='ocrx_word' id='word_1_15' title='bbox 508 596 611 646; x_wconf 89' lang='lat' dir='ltr'><strong>tamen</strong></span> <span class='ocrx_word' id='word_1_16' title='bbox 635 605 741 645; x_wconf 87' lang='lat' dir='ltr'><strong>eorum</strong></span> <span class='ocrx_word' id='word_1_17' title='bbox 770 586 864 646; x_wconf 82' lang='lat' dir='ltr'><strong>soceri</strong></span> <span class='ocrx_word' id='word_1_18' title='bbox 888 605 949 644; x_wconf 90' lang='lat' dir='ltr'><strong>non</strong></span> <span class='ocrx_word' id='word_1_19' title='bbox 976 595 1092 658; x_wconf 89' lang='lat' dir='ltr'><strong>essent,</strong></span> <span class='ocrx_word' id='word_1_20' title='bbox 1126 586 1214 644; x_wconf 88' lang='lat' dir='ltr'><strong>etiam</strong></span> <span class='ocrx_word' id='word_1_21' title='bbox 1234 580 1416 661; x_wconf 82' lang='lat' dir='ltr'><strong>Basilenpatuer</strong></span> <span class='ocrx_word' id='word_1_22' title='bbox 1466 635 1467 640; x_wconf 73' lang='grc'>,</span> 
     </span>
     <span class='ocr_line' id='line_1_4' title="bbox 385 643 1467 753; baseline -0.006 -23"><span class='ocrx_word' id='word_1_23' title='bbox 385 668 529 753; x_wconf 87' lang='lat' dir='ltr'><strong>appellati</strong></span> <span class='ocrx_word' id='word_1_24' title='bbox 552 689 613 728; x_wconf 90' lang='lat' dir='ltr'><strong>non</strong></span> <span class='ocrx_word' id='word_1_25' title='bbox 635 669 767 734; x_wconf 83' lang='lat' dir='ltr'><strong>luerunt.</strong></span> <span class='ocrx_word' id='word_1_26' title='bbox 809 665 865 727; x_wconf 81' lang='lat' dir='ltr'><strong>Est</strong></span> <span class='ocrx_word' id='word_1_27' title='bbox 878 677 978 727; x_wconf 84' lang='lat' dir='ltr'><strong>tamen</strong></span> <span class='ocrx_word' id='word_1_28' title='bbox 992 667 1073 748; x_wconf 90' lang='lat' dir='ltr'><strong>quod</strong></span> <span class='ocrx_word' id='word_1_29' title='bbox 1091 667 1314 750; x_wconf 87' lang='lat' dir='ltr'><strong>disputationem</strong></span> <span class='ocrx_word' id='word_1_30' title='bbox 1326 674 1416 723; x_wconf 76' lang='lat' dir='ltr'><strong>nodum</strong></span> <span class='ocrx_word' id='word_1_31' title='bbox 1466 643 1467 676; x_wconf 69' lang='lat' dir='ltr'><strong>l</strong></span> 
     </span>
     <span class='ocr_line' id='line_1_5' title="bbox 384 745 1417 834; baseline -0.012 -20"><span class='ocrx_word' id='word_1_32' title='bbox 384 751 469 814; x_wconf 90' lang='lat' dir='ltr'><strong>haud</strong></span> <span class='ocrx_word' id='word_1_33' title='bbox 491 773 598 834; x_wconf 89' lang='lat' dir='ltr'><strong>parum</strong></span> <span class='ocrx_word' id='word_1_34' title='bbox 622 751 775 832; x_wconf 76' lang='lat' dir='ltr'><strong>percellit,</strong></span> <span class='ocrx_word' id='word_1_35' title='bbox 805 749 864 810; x_wconf 91' lang='lat' dir='ltr'><strong>hoc</strong></span> <span class='ocrx_word' id='word_1_36' title='bbox 885 769 1013 831; x_wconf 84' lang='lat' dir='ltr'><strong>nempe,</strong></span> <span class='ocrx_word' id='word_1_37' title='bbox 1044 751 1218 832; x_wconf 83' lang='lat' dir='ltr'><strong>dignitatem</strong></span> <span class='ocrx_word' id='word_1_38' title='bbox 1239 745 1417 828; x_wconf 80' lang='lat' dir='ltr'><strong>Basileopatcn&#39;s</strong></span> 
     </span>
     <span class='ocr_line' id='line_1_6' title="bbox 387 827 1418 916; baseline -0.012 -18"><span class='ocrx_word' id='word_1_39' title='bbox 387 837 467 898; x_wconf 85' lang='lat' dir='ltr'><strong>inter</strong></span> <span class='ocrx_word' id='word_1_40' title='bbox 487 858 535 896; x_wconf 86' lang='lat' dir='ltr'><strong>ens</strong></span> <span class='ocrx_word' id='word_1_41' title='bbox 557 835 680 908; x_wconf 81' lang='lat' dir='ltr'><strong>referri,</strong></span> <span class='ocrx_word' id='word_1_42' title='bbox 711 853 790 915; x_wconf 81' lang='lat' dir='ltr'><strong>quae</strong></span> <span class='ocrx_word' id='word_1_43' title='bbox 818 833 911 892; x_wconf 81' lang='lat' dir='ltr'>adimi</span> <span class='ocrx_word' id='word_1_44' title='bbox 942 832 1105 916; x_wconf 81' lang='lat' dir='ltr'><strong>possidenti</strong></span> <span class='ocrx_word' id='word_1_45' title='bbox 1126 843 1155 892; x_wconf 91' lang='lat' dir='ltr'><strong>et</strong></span> <span class='ocrx_word' id='word_1_46' title='bbox 1174 835 1205 892; x_wconf 92' lang='lat' dir='ltr'><strong>in</strong></span> <span class='ocrx_word' id='word_1_47' title='bbox 1226 829 1314 892; x_wconf 90' lang='lat' dir='ltr'><strong>alium</strong></span> <span class='ocrx_word' id='word_1_48' title='bbox 1331 827 1418 889; x_wconf 77' lang='lat' dir='ltr'><strong>eonlmi</strong></span> 
     </span>
     <span class='ocr_line' id='line_1_7' title="bbox 386 912 1418 1002; baseline -0.009 -23"><span class='ocrx_word' id='word_1_49' title='bbox 386 928 526 1002; x_wconf 66' lang='lat' dir='ltr'><strong>possunt.</strong></span> <span class='ocrx_word' id='word_1_50' title='bbox 570 918 613 976; x_wconf 81' lang='lat' dir='ltr'><strong>At</strong></span> <span class='ocrx_word' id='word_1_51' title='bbox 641 915 796 998; x_wconf 89' lang='lat' dir='ltr'><strong>quomodo</strong></span> <span class='ocrx_word' id='word_1_52' title='bbox 817 937 903 976; x_wconf 88' lang='lat' dir='ltr'><strong>socer</strong></span> <span class='ocrx_word' id='word_1_53' title='bbox 921 917 1047 998; x_wconf 80' lang='lat' dir='ltr'><strong>Augusti</strong></span> <span class='ocrx_word' id='word_1_54' title='bbox 1070 916 1101 976; x_wconf 92' lang='lat' dir='ltr'><strong>id</strong></span> <span class='ocrx_word' id='word_1_55' title='bbox 1123 935 1184 976; x_wconf 89' lang='lat' dir='ltr'><strong>non</strong></span> <span class='ocrx_word' id='word_1_56' title='bbox 1202 914 1274 993; x_wconf 85' lang='lat' dir='ltr'><strong>fiat,</strong></span> <span class='ocrx_word' id='word_1_57' title='bbox 1294 912 1363 996; x_wconf 87' lang='lat' dir='ltr'><strong>quod</strong></span> <span class='ocrx_word' id='word_1_58' title='bbox 1378 921 1418 982; x_wconf 83' lang='lat' dir='ltr'><strong>est,</strong></span> 
     </span>
     <span class='ocr_line' id='line_1_8' title="bbox 385 997 1420 1083; baseline -0.011 -20"><span class='ocrx_word' id='word_1_59' title='bbox 385 1005 489 1083; x_wconf 87' lang='lat' dir='ltr'><strong>etqui</strong></span> <span class='ocrx_word' id='word_1_60' title='bbox 508 1009 606 1082; x_wconf 83' lang='lat' dir='ltr'><strong>potest</strong></span> <span class='ocrx_word' id='word_1_61' title='bbox 630 997 680 1060; x_wconf 91' lang='lat' dir='ltr'><strong>hic</strong></span> <span class='ocrx_word' id='word_1_62' title='bbox 701 1009 805 1060; x_wconf 86' lang='lat' dir='ltr'><strong>tantus</strong></span> <span class='ocrx_word' id='word_1_63' title='bbox 824 997 924 1060; x_wconf 92' lang='lat' dir='ltr'><strong>honor</strong></span> <span class='ocrx_word' id='word_1_64' title='bbox 944 1000 974 1059; x_wconf 92' lang='lat' dir='ltr'><strong>in</strong></span> <span class='ocrx_word' id='word_1_65' title='bbox 1001 997 1093 1058; x_wconf 89' lang='lat' dir='ltr'><strong>aliurn</strong></span> <span class='ocrx_word' id='word_1_66' title='bbox 1107 997 1274 1075; x_wconf 75' lang='lat' dir='ltr'><strong>transferri,</strong></span> <span class='ocrx_word' id='word_1_67' title='bbox 1295 1013 1420 1079; x_wconf 86' lang='lat' dir='ltr'><strong>qaunnu</strong></span> 
     </span>
     <span class='ocr_line' id='line_1_9' title="bbox 385 1077 1420 1164; baseline -0.009 -20"><span class='ocrx_word' id='word_1_68' title='bbox 385 1083 488 1148; x_wconf 86' lang='lat' dir='ltr'><strong>liceret</strong></span> <span class='ocrx_word' id='word_1_69' title='bbox 509 1084 687 1162; x_wconf 78' lang='lat' dir='ltr'><strong>Imperatori</strong></span> <span class='ocrx_word' id='word_1_70' title='bbox 708 1103 817 1142; x_wconf 85' lang='lat' dir='ltr'><strong>uxores</strong></span> <span class='ocrx_word' id='word_1_71' title='bbox 839 1103 896 1164; x_wconf 90' lang='lat' dir='ltr'><strong>pro</strong></span> <span class='ocrx_word' id='word_1_72' title='bbox 917 1081 1016 1143; x_wconf 88' lang='lat' dir='ltr'><strong>lubitu</strong></span> <span class='ocrx_word' id='word_1_73' title='bbox 1037 1082 1210 1164; x_wconf 85' lang='lat' dir='ltr'><strong>frequenter</strong></span> <span class='ocrx_word' id='word_1_74' title='bbox 1228 1085 1355 1141; x_wconf 83' lang='lat' dir='ltr'><strong>mutaret</strong></span> <span class='ocrx_word' id='word_1_75' title='bbox 1369 1077 1420 1137; x_wconf 80' lang='lat' dir='ltr'><strong>Coe</strong></span> 
     </span>
     <span class='ocr_line' id='line_1_10' title="bbox 384 1163 1421 1248; baseline -0.007 -22"><span class='ocrx_word' id='word_1_76' title='bbox 384 1167 517 1247; x_wconf 75' lang='lat' dir='ltr'><strong>tingebat</strong></span> <span class='ocrx_word' id='word_1_77' title='bbox 541 1165 689 1246; x_wconf 82' lang='lat' dir='ltr'><strong>profecto,</strong></span> <span class='ocrx_word' id='word_1_78' title='bbox 713 1165 852 1248; x_wconf 87' lang='lat' dir='ltr'><strong>quamvis</strong></span> <span class='ocrx_word' id='word_1_79' title='bbox 876 1185 964 1239; x_wconf 87' lang='lat' dir='ltr'><strong>raro,</strong></span> <span class='ocrx_word' id='word_1_80' title='bbox 995 1173 1029 1224; x_wconf 92' lang='lat' dir='ltr'><strong>ut</strong></span> <span class='ocrx_word' id='word_1_81' title='bbox 1060 1167 1206 1225; x_wconf 87' lang='lat' dir='ltr'><strong>moriente</strong></span> <span class='ocrx_word' id='word_1_82' title='bbox 1235 1163 1358 1246; x_wconf 76' lang='lat' dir='ltr'><strong>Augusta</strong></span> <span class='ocrx_word' id='word_1_83' title='bbox 1383 1179 1421 1219; x_wconf 68' lang='lat' dir='ltr'><strong>ne</strong></span> 
     </span>
     <span class='ocr_line' id='line_1_11' title="bbox 384 1244 1421 1329; baseline -0.008 -19"><span class='ocrx_word' id='word_1_84' title='bbox 384 1259 463 1310; x_wconf 81' lang='lat' dir='ltr'><strong>earet</strong></span> <span class='ocrx_word' id='word_1_85' title='bbox 484 1246 689 1328; x_wconf 88' lang='lat' dir='ltr'><strong>Basileopator</strong></span> <span class='ocrx_word' id='word_1_86' title='bbox 718 1269 782 1310; x_wconf 87' lang='lat' dir='ltr'><strong>esse</strong></span> <span class='ocrx_word' id='word_1_87' title='bbox 812 1249 864 1329; x_wconf 91' lang='lat' dir='ltr'><strong>qui</strong></span> <span class='ocrx_word' id='word_1_88' title='bbox 885 1248 1030 1310; x_wconf 88' lang='lat' dir='ltr'><strong>hactenus</strong></span> <span class='ocrx_word' id='word_1_89' title='bbox 1053 1248 1167 1324; x_wconf 89' lang='lat' dir='ltr'><strong>suerat,</strong></span> <span class='ocrx_word' id='word_1_90' title='bbox 1202 1255 1233 1307; x_wconf 91' lang='lat' dir='ltr'><strong>et</strong></span> <span class='ocrx_word' id='word_1_91' title='bbox 1252 1246 1323 1307; x_wconf 85' lang='lat' dir='ltr'><strong>alius</strong></span> <span class='ocrx_word' id='word_1_92' title='bbox 1343 1248 1368 1304; x_wconf 90' lang='lat' dir='ltr'><strong>in</strong></span> <span class='ocrx_word' id='word_1_93' title='bbox 1382 1244 1421 1302; x_wconf 79' lang='lat' dir='ltr'><strong>eiu</strong></span> 
     </span>
     <span class='ocr_line' id='line_1_12' title="bbox 383 1324 1423 1412; baseline -0.004 -22"><span class='ocrx_word' id='word_1_94' title='bbox 383 1331 485 1391; x_wconf 91' lang='lat' dir='ltr'><strong>locum</strong></span> <span class='ocrx_word' id='word_1_95' title='bbox 507 1331 702 1410; x_wconf 83' lang='lat' dir='ltr'><strong>succederet,</strong></span> <span class='ocrx_word' id='word_1_96' title='bbox 728 1330 791 1406; x_wconf 89' lang='lat' dir='ltr'><strong>ille,</strong></span> <span class='ocrx_word' id='word_1_97' title='bbox 814 1333 899 1391; x_wconf 90' lang='lat' dir='ltr'><strong>cuius</strong></span> <span class='ocrx_word' id='word_1_98' title='bbox 919 1351 1026 1412; x_wconf 88' lang='lat' dir='ltr'><strong>nempe</strong></span> <span class='ocrx_word' id='word_1_99' title='bbox 1048 1329 1140 1390; x_wconf 86' lang='lat' dir='ltr'><strong>filiam</strong></span> <span class='ocrx_word' id='word_1_100' title='bbox 1162 1331 1310 1412; x_wconf 80' lang='lat' dir='ltr'><strong>Augustus</strong></span> <span class='ocrx_word' id='word_1_101' title='bbox 1326 1324 1423 1388; x_wconf 75' lang='lat' dir='ltr'><strong>secandi</strong></span> 
     </span>
     <span class='ocr_line' id='line_1_13' title="bbox 382 1411 1424 1498; baseline -0.005 -24"><span class='ocrx_word' id='word_1_102' title='bbox 382 1415 497 1494; x_wconf 88' lang='lat' dir='ltr'><strong>nuptiis</strong></span> <span class='ocrx_word' id='word_1_103' title='bbox 517 1414 653 1474; x_wconf 89' lang='lat' dir='ltr'><strong>duceret.</strong></span> <span class='ocrx_word' id='word_1_104' title='bbox 697 1415 770 1474; x_wconf 89' lang='lat' dir='ltr'><strong>Vid.</strong></span> <span class='ocrx_word' id='word_1_105' title='bbox 794 1414 844 1473; x_wconf 89' lang='lat' dir='ltr'><strong>Du</strong></span> <span class='ocrx_word' id='word_1_106' title='bbox 869 1413 970 1498; x_wconf 81' lang='lat' dir='ltr'><strong>Gange</strong></span> <span class='ocrx_word' id='word_1_107' title='bbox 990 1435 1021 1474; x_wconf 86' lang='lat' dir='ltr'><strong>v.</strong></span> <span class='ocrx_word' id='word_1_108' title='bbox 1047 1413 1290 1492; x_wconf 77' lang='lat' dir='ltr'><strong>Bentlennu&#39;rmp</strong></span> <span class='ocrx_word' id='word_1_109' title='bbox 1316 1423 1341 1472; x_wconf 88' lang='lat' dir='ltr'><strong>et</strong></span> <span class='ocrx_word' id='word_1_110' title='bbox 1364 1411 1424 1468; x_wconf 69' lang='lat' dir='ltr'><strong>aaa</strong></span> 
     </span>
     <span class='ocr_line' id='line_1_14' title="bbox 382 1495 1422 1582; baseline -0.006 -26"><span class='ocrx_word' id='word_1_111' title='bbox 382 1496 579 1582; x_wconf 79' lang='lat' dir='ltr'><strong>Impemton&#39;s</strong></span> <span class='ocrx_word' id='word_1_112' title='bbox 598 1507 629 1557; x_wconf 91' lang='lat' dir='ltr'><strong>et</strong></span> <span class='ocrx_word' id='word_1_113' title='bbox 649 1517 727 1578; x_wconf 83' lang='lat' dir='ltr'><strong>quae</strong></span> <span class='ocrx_word' id='word_1_114' title='bbox 748 1517 839 1578; x_wconf 88' lang='lat' dir='ltr'><strong>supra</strong></span> <span class='ocrx_word' id='word_1_115' title='bbox 863 1497 902 1557; x_wconf 87' lang='lat' dir='ltr'><strong>ad</strong></span> <span class='ocrx_word' id='word_1_116' title='bbox 925 1519 956 1578; x_wconf 89' lang='lat' dir='ltr'><strong>p.</strong></span> <span class='ocrx_word' id='word_1_117' title='bbox 979 1519 1009 1580; x_wconf 75' lang='lat'><strong>7.</strong></span> <span class='ocrx_word' id='word_1_118' title='bbox 1042 1495 1080 1556; x_wconf 91' lang='lat' dir='ltr'><strong>dc</strong></span> <span class='ocrx_word' id='word_1_119' title='bbox 1093 1495 1226 1578; x_wconf 87' lang='lat' dir='ltr'><strong>patriciis</strong></span> <span class='ocrx_word' id='word_1_120' title='bbox 1238 1495 1422 1576; x_wconf 77' lang='lat' dir='ltr'><strong>disputariuus</strong></span> 
     </span>
     <span class='ocr_line' id='line_1_15' title="bbox 467 1573 1424 1662; baseline -0.007 -23"><span class='ocrx_word' id='word_1_121' title='bbox 467 1578 724 1662; x_wconf 87' lang='lat' dir='ltr'><strong>Quandoquidem</strong></span> <span class='ocrx_word' id='word_1_122' title='bbox 744 1579 795 1640; x_wconf 90' lang='lat' dir='ltr'><strong>hic</strong></span> <span class='ocrx_word' id='word_1_123' title='bbox 816 1579 988 1662; x_wconf 82' lang='lat' dir='ltr'><strong>catalogum</strong></span> <span class='ocrx_word' id='word_1_124' title='bbox 1007 1581 1079 1639; x_wconf 82' lang='lat' dir='ltr'><strong>texit</strong></span> <span class='ocrx_word' id='word_1_125' title='bbox 1102 1579 1210 1640; x_wconf 86' lang='lat' dir='ltr'><strong>Noster</strong></span> <span class='ocrx_word' id='word_1_126' title='bbox 1229 1573 1424 1639; x_wconf 74' lang='lat' dir='ltr'><strong>Philntherrsd</strong></span> 
     </span>
     <span class='ocr_line' id='line_1_16' title="bbox 426 1661 1424 1742; baseline -0.002 -18"><span class='ocrx_word' id='word_1_127' title='bbox 426 1665 533 1724; x_wconf 85' lang='lat' dir='ltr'><strong>italum</strong></span> <span class='ocrx_word' id='word_1_128' title='bbox 550 1663 730 1742; x_wconf 83' lang='lat' dir='ltr'><strong>aulicarum,</strong></span> <span class='ocrx_word' id='word_1_129' title='bbox 754 1665 854 1724; x_wconf 88' lang='lat' dir='ltr'><strong>visum</strong></span> <span class='ocrx_word' id='word_1_130' title='bbox 875 1662 934 1723; x_wconf 86' lang='lat' dir='ltr'><strong>fuit</strong></span> <span class='ocrx_word' id='word_1_131' title='bbox 951 1666 981 1722; x_wconf 94' lang='lat' dir='ltr'><strong>in</strong></span> <span class='ocrx_word' id='word_1_132' title='bbox 1003 1661 1086 1722; x_wconf 86' lang='lat' dir='ltr'><strong>hunc</strong></span> <span class='ocrx_word' id='word_1_133' title='bbox 1099 1661 1203 1724; x_wconf 91' lang='lat' dir='ltr'><strong>locum</strong></span> <span class='ocrx_word' id='word_1_134' title='bbox 1214 1661 1360 1736; x_wconf 77' lang='lat' dir='ltr'><strong>conferre,</strong></span> <span class='ocrx_word' id='word_1_135' title='bbox 1373 1675 1424 1740; x_wconf 66' lang='lat' dir='ltr'><strong>quet</strong></span> 
     </span>
     <span class='ocr_line' id='line_1_17' title="bbox 383 1684 1068 1828; baseline -0.003 -21"><span class='ocrx_word' id='word_1_136' title='bbox 383 1684 547 1807; x_wconf 70' lang='lat' dir='ltr'><strong>dliearum</strong></span> <span class='ocrx_word' id='word_1_137' title='bbox 569 1746 694 1828; x_wconf 73' lang='lat' dir='ltr'><strong>singulis</strong></span> <span class='ocrx_word' id='word_1_138' title='bbox 715 1745 848 1806; x_wconf 85' lang='lat' dir='ltr'><strong>notanda</strong></span> <span class='ocrx_word' id='word_1_139' title='bbox 872 1746 1068 1807; x_wconf 82' lang='lat' dir='ltr'><strong>habebamus.</strong></span> 
     </span>
     <span class='ocr_line' id='line_1_18' title="bbox 468 1821 1423 1912; baseline 0 -23"><span class='ocrx_word' id='word_1_140' title='bbox 468 1828 503 1889; x_wconf 86' lang='lat' dir='ltr'><strong>B.</strong></span> <span class='ocrx_word' id='word_1_141' title='bbox 527 1850 556 1888; x_wconf 82' lang='lat' dir='ltr'><strong>a.</strong></span> <span class='ocrx_word' id='word_1_142' title='bbox 578 1827 733 1912; x_wconf 52' lang='lat'><strong>[7122]</strong></span> <span class='ocrx_word' id='word_1_143' title='bbox 756 1825 854 1908; x_wconf 77' lang='grc' dir='ltr'><strong>ἤτοῦ</strong></span> <span class='ocrx_word' id='word_1_144' title='bbox 875 1825 1050 1910; x_wconf 72' lang='grc' dir='ltr'><strong><em>ραίκτωρος</em></strong></span> <span class='ocrx_word' id='word_1_145' title='bbox 1070 1821 1154 1902; x_wconf 73' lang='grc' dir='ltr'><strong>ἀξία.</strong></span> <span class='ocrx_word' id='word_1_146' title='bbox 1199 1827 1270 1889; x_wconf 88' lang='lat' dir='ltr'><strong>Non</strong></span> <span class='ocrx_word' id='word_1_147' title='bbox 1290 1827 1423 1905; x_wconf 68' lang='lat' dir='ltr'><strong>autopat</strong></span> 
     </span>
     <span class='ocr_line' id='line_1_19' title="bbox 382 1909 1423 1994; baseline 0.001 -22"><span class='ocrx_word' id='word_1_148' title='bbox 382 1909 435 1972; x_wconf 86' lang='lat' dir='ltr'><strong>Du</strong></span> <span class='ocrx_word' id='word_1_149' title='bbox 454 1912 562 1994; x_wconf 80' lang='lat' dir='ltr'><strong>Cangii</strong></span> <span class='ocrx_word' id='word_1_150' title='bbox 582 1911 634 1971; x_wconf 74' lang='lat' dir='ltr'><strong>(il.</strong></span> <span class='ocrx_word' id='word_1_151' title='bbox 657 1915 712 1971; x_wconf 88' lang='lat' dir='ltr'><strong>Gr.</strong></span> <span class='ocrx_word' id='word_1_152' title='bbox 735 1911 767 1971; x_wconf 95' lang='lat' dir='ltr'><strong>h.</strong></span> <span class='ocrx_word' id='word_1_153' title='bbox 788 1933 818 1971; x_wconf 90' lang='lat' dir='ltr'><strong>v.</strong></span> <span class='ocrx_word' id='word_1_154' title='bbox 842 1909 1036 1994; x_wconf 81' lang='lat' dir='ltr'><strong>diligentiam,</strong></span> <span class='ocrx_word' id='word_1_155' title='bbox 1058 1931 1135 1992; x_wconf 89' lang='lat' dir='ltr'><strong>quae</strong></span> <span class='ocrx_word' id='word_1_156' title='bbox 1155 1911 1194 1970; x_wconf 89' lang='lat' dir='ltr'><strong>de</strong></span> <span class='ocrx_word' id='word_1_157' title='bbox 1226 1923 1334 1972; x_wconf 89' lang='lat' dir='ltr'><strong>rectore</strong></span> <span class='ocrx_word' id='word_1_158' title='bbox 1350 1909 1423 1973; x_wconf 63' lang='lat' dir='ltr'><strong>beau.</strong></span> 
     </span>
     <span class='ocr_line' id='line_1_20' title="bbox 382 1993 1424 2074; baseline -0.005 -20"><span class='ocrx_word' id='word_1_159' title='bbox 382 1996 442 2054; x_wconf 89' lang='lat' dir='ltr'><strong>nisi</strong></span> <span class='ocrx_word' id='word_1_160' title='bbox 455 1993 514 2054; x_wconf 90' lang='lat' dir='ltr'><strong>hnc</strong></span> <span class='ocrx_word' id='word_1_161' title='bbox 526 2015 633 2066; x_wconf 87' lang='lat' dir='ltr'><strong>unum,</strong></span> <span class='ocrx_word' id='word_1_162' title='bbox 655 1993 885 2056; x_wconf 80' lang='lat' dir='ltr'><strong>ecclesiasticam</strong></span> <span class='ocrx_word' id='word_1_163' title='bbox 897 1995 974 2054; x_wconf 88' lang='lat' dir='ltr'><strong>hanc</strong></span> <span class='ocrx_word' id='word_1_164' title='bbox 986 1993 1165 2074; x_wconf 61' lang='lat' dir='ltr'><strong>dignitatem*</strong></span> <span class='ocrx_word' id='word_1_165' title='bbox 1175 2013 1239 2053; x_wconf 92' lang='lat' dir='ltr'><strong>non</strong></span> <span class='ocrx_word' id='word_1_166' title='bbox 1250 1995 1342 2070; x_wconf 86' lang='lat' dir='ltr'><strong>fuisse,</strong></span> <span class='ocrx_word' id='word_1_167' title='bbox 1356 2004 1424 2069; x_wconf 74' lang='lat' dir='ltr'><strong>rupa</strong></span> 
     </span>
     <span class='ocr_line' id='line_1_21' title="bbox 380 2074 1425 2159; baseline -0.006 -23"><span class='ocrx_word' id='word_1_168' title='bbox 380 2080 459 2136; x_wconf 80' lang='lat' dir='ltr'><strong>tavit</strong></span> <span class='ocrx_word' id='word_1_169' title='bbox 482 2077 522 2136; x_wconf 90' lang='lat' dir='ltr'><strong>V.</strong></span> <span class='ocrx_word' id='word_1_170' title='bbox 543 2077 599 2156; x_wconf 92' lang='lat' dir='ltr'><strong>D.,</strong></span> <span class='ocrx_word' id='word_1_171' title='bbox 623 2099 721 2159; x_wconf 90' lang='lat' dir='ltr'><strong>neque</strong></span> <span class='ocrx_word' id='word_1_172' title='bbox 748 2077 818 2139; x_wconf 82' lang='lat' dir='ltr'><strong>solis</strong></span> <span class='ocrx_word' id='word_1_173' title='bbox 849 2079 923 2138; x_wconf 89' lang='lat' dir='ltr'><strong>viris</strong></span> <span class='ocrx_word' id='word_1_174' title='bbox 951 2081 1027 2138; x_wconf 87' lang='lat' dir='ltr'><strong>sacri</strong></span> <span class='ocrx_word' id='word_1_175' title='bbox 1052 2077 1166 2136; x_wconf 76' lang='lat' dir='ltr'><strong>ordinis</strong></span> <span class='ocrx_word' id='word_1_176' title='bbox 1188 2077 1340 2138; x_wconf 90' lang='lat' dir='ltr'><strong>tributam.</strong></span> <span class='ocrx_word' id='word_1_177' title='bbox 1372 2074 1425 2134; x_wconf 79' lang='lat' dir='ltr'><strong>hau</strong></span> 
     </span>
     <span class='ocr_line' id='line_1_22' title="bbox 382 2157 1424 2242; baseline -0.001 -25"><span class='ocrx_word' id='word_1_178' title='bbox 382 2169 413 2217; x_wconf 83' lang='lat' dir='ltr'><strong>et</strong></span> <span class='ocrx_word' id='word_1_179' title='bbox 433 2179 450 2218; x_wconf 91' lang='lat' dir='ltr'><strong>e</strong></span> <span class='ocrx_word' id='word_1_180' title='bbox 470 2169 575 2218; x_wconf 86' lang='lat' dir='ltr'><strong>nostro</strong></span> <span class='ocrx_word' id='word_1_181' title='bbox 597 2160 722 2237; x_wconf 89' lang='lat' dir='ltr'><strong>codice,</strong></span> <span class='ocrx_word' id='word_1_182' title='bbox 744 2172 775 2221; x_wconf 91' lang='lat' dir='ltr'><strong>et</strong></span> <span class='ocrx_word' id='word_1_183' title='bbox 796 2181 830 2221; x_wconf 86' lang='lat' dir='ltr'><strong>ex</strong></span> <span class='ocrx_word' id='word_1_184' title='bbox 851 2162 924 2242; x_wconf 88' lang='lat' dir='ltr'><strong>ipsis</strong></span> <span class='ocrx_word' id='word_1_185' title='bbox 948 2157 1028 2232; x_wconf 91' lang='lat' dir='ltr'><strong>illis,</strong></span> <span class='ocrx_word' id='word_1_186' title='bbox 1051 2179 1127 2242; x_wconf 88' lang='lat' dir='ltr'><strong>quos</strong></span> <span class='ocrx_word' id='word_1_187' title='bbox 1150 2157 1294 2242; x_wconf 78' lang='lat' dir='ltr'><strong>allegavit</strong></span> <span class='ocrx_word' id='word_1_188' title='bbox 1313 2161 1355 2219; x_wconf 93' lang='lat' dir='ltr'><strong>Dn</strong></span> <span class='ocrx_word' id='word_1_189' title='bbox 1372 2157 1424 2216; x_wconf 77' lang='lat' dir='ltr'><strong>Cur</strong></span> 
     </span>
     <span class='ocr_line' id='line_1_23' title="bbox 380 2239 1426 2320; baseline -0.001 -21"><span class='ocrx_word' id='word_1_190' title='bbox 380 2259 430 2320; x_wconf 78' lang='lat' dir='ltr'><strong>ge,</strong></span> <span class='ocrx_word' id='word_1_191' title='bbox 451 2239 626 2301; x_wconf 89' lang='lat' dir='ltr'><strong>auctoribus</strong></span> <span class='ocrx_word' id='word_1_192' title='bbox 647 2253 776 2317; x_wconf 86' lang='lat' dir='ltr'><strong>constat,</strong></span> <span class='ocrx_word' id='word_1_193' title='bbox 803 2265 850 2304; x_wconf 91' lang='lat' dir='ltr'><strong>res</strong></span> <span class='ocrx_word' id='word_1_194' title='bbox 871 2263 931 2303; x_wconf 94' lang='lat' dir='ltr'><strong>non</strong></span> <span class='ocrx_word' id='word_1_195' title='bbox 960 2263 1078 2319; x_wconf 85' lang='lat' dir='ltr'><strong>sacras,</strong></span> <span class='ocrx_word' id='word_1_196' title='bbox 1113 2242 1165 2303; x_wconf 89' lang='lat' dir='ltr'><strong>sed</strong></span> <span class='ocrx_word' id='word_1_197' title='bbox 1185 2243 1291 2303; x_wconf 82' lang='lat' dir='ltr'><strong>civiles</strong></span> <span class='ocrx_word' id='word_1_198' title='bbox 1321 2253 1426 2302; x_wconf 73' lang='lat' dir='ltr'><strong>rectores</strong></span> 
     </span>
     <span class='ocr_line' id='line_1_24' title="bbox 379 2323 1425 2408; baseline 0.003 -27"><span class='ocrx_word' id='word_1_199' title='bbox 379 2330 535 2398; x_wconf 85' lang='lat' dir='ltr'><strong>tractasse,</strong></span> <span class='ocrx_word' id='word_1_200' title='bbox 558 2323 765 2408; x_wconf 86' lang='lat' dir='ltr'><strong>ducendisque</strong></span> <span class='ocrx_word' id='word_1_201' title='bbox 789 2327 964 2386; x_wconf 88' lang='lat' dir='ltr'><strong>exercitibus</strong></span> <span class='ocrx_word' id='word_1_202' title='bbox 982 2325 1135 2385; x_wconf 86' lang='lat' dir='ltr'><strong>interdurn</strong></span> <span class='ocrx_word' id='word_1_203' title='bbox 1157 2327 1338 2406; x_wconf 79' lang='lat' dir='ltr'><strong>praelectum</strong></span> <span class='ocrx_word' id='word_1_204' title='bbox 1357 2325 1425 2384; x_wconf 68' lang='lat' dir='ltr'><strong>suisa</strong></span> 
     </span>
     <span class='ocr_line' id='line_1_25' title="bbox 378 2405 1426 2488; baseline 0.001 -23"><span class='ocrx_word' id='word_1_205' title='bbox 378 2405 476 2486; x_wconf 90' lang='lat' dir='ltr'><strong>quod,</strong></span> <span class='ocrx_word' id='word_1_206' title='bbox 498 2405 581 2487; x_wconf 92' lang='lat' dir='ltr'><strong>apud</strong></span> <span class='ocrx_word' id='word_1_207' title='bbox 602 2407 733 2486; x_wconf 82' lang='lat' dir='ltr'><strong>Graecos</strong></span> <span class='ocrx_word' id='word_1_208' title='bbox 755 2421 859 2486; x_wconf 86' lang='lat' dir='ltr'><strong>certe,</strong></span> <span class='ocrx_word' id='word_1_209' title='bbox 888 2429 905 2468; x_wconf 87' lang='lat' dir='ltr'><strong>a</strong></span> <span class='ocrx_word' id='word_1_210' title='bbox 934 2409 1000 2470; x_wconf 87' lang='lat' dir='ltr'><strong>viro</strong></span> <span class='ocrx_word' id='word_1_211' title='bbox 1028 2409 1104 2467; x_wconf 90' lang='lat' dir='ltr'><strong>sacri</strong></span> <span class='ocrx_word' id='word_1_212' title='bbox 1125 2409 1251 2488; x_wconf 41' lang='lat' dir='ltr'><strong>ordinas·</strong></span> <span class='ocrx_word' id='word_1_213' title='bbox 1264 2410 1378 2469; x_wconf 86' lang='lat' dir='ltr'><strong>alienun</strong></span> <span class='ocrx_word' id='word_1_214' title='bbox 1398 2414 1426 2461; x_wconf 76' lang='lat' dir='ltr'><strong>al·</strong></span> 
     </span>
     <span class='ocr_line' id='line_1_26' title="bbox 379 2487 1427 2632; baseline 0.003 -85"><span class='ocrx_word' id='word_1_215' title='bbox 379 2507 441 2632; x_wconf 72' lang='lat' dir='ltr'><strong>que</strong></span> <span class='ocrx_word' id='word_1_216' title='bbox 467 2490 596 2550; x_wconf 87' lang='lat' dir='ltr'><strong>maxime</strong></span> <span class='ocrx_word' id='word_1_217' title='bbox 626 2491 803 2552; x_wconf 89' lang='lat' dir='ltr'><strong>indecorum</strong></span> <span class='ocrx_word' id='word_1_218' title='bbox 833 2511 949 2574; x_wconf 84' lang='lat' dir='ltr'><strong>semper</strong></span> <span class='ocrx_word' id='word_1_219' title='bbox 969 2490 1028 2551; x_wconf 87' lang='lat' dir='ltr'><strong>luit</strong></span> <span class='ocrx_word' id='word_1_220' title='bbox 1053 2489 1201 2556; x_wconf 86' lang='lat' dir='ltr'><strong>habitum.</strong></span> <span class='ocrx_word' id='word_1_221' title='bbox 1246 2491 1371 2553; x_wconf 88' lang='lat' dir='ltr'><strong>Fuerunt</strong></span> <span class='ocrx_word' id='word_1_222' title='bbox 1385 2487 1427 2568; x_wconf 74' lang='lat' dir='ltr'><strong>qu&#39;r</strong></span> 
     </span>
     <span class='ocr_line' id='line_1_27' title="bbox 402 2573 1428 2656; baseline -0.002 -24"><span class='ocrx_word' id='word_1_223' title='bbox 402 2591 452 2632; x_wconf 87' lang='lat' dir='ltr'><strong>ern</strong></span> <span class='ocrx_word' id='word_1_224' title='bbox 470 2573 552 2654; x_wconf 90' lang='lat' dir='ltr'><strong>apud</strong></span> <span class='ocrx_word' id='word_1_225' title='bbox 563 2574 688 2634; x_wconf 90' lang='lat' dir='ltr'><strong>Latinos</strong></span> <span class='ocrx_word' id='word_1_226' title='bbox 708 2587 838 2636; x_wconf 91' lang='lat' dir='ltr'><strong>rectores</strong></span> <span class='ocrx_word' id='word_1_227' title='bbox 859 2575 1051 2635; x_wconf 88' lang='lat' dir='ltr'><strong>ecclesiarum</strong></span> <span class='ocrx_word' id='word_1_228' title='bbox 1078 2573 1151 2634; x_wconf 90' lang='lat' dir='ltr'><strong>dicti</strong></span> <span class='ocrx_word' id='word_1_229' title='bbox 1171 2575 1279 2654; x_wconf 81' lang='lat' dir='ltr'><strong>iidem,</strong></span> <span class='ocrx_word' id='word_1_230' title='bbox 1299 2575 1346 2656; x_wconf 90' lang='lat' dir='ltr'><strong>qui</strong></span> <span class='ocrx_word' id='word_1_231' title='bbox 1369 2589 1428 2631; x_wconf 72' lang='lat' dir='ltr'><strong>eure</strong></span> 
     </span>
     <span class='ocr_line' id='line_1_28' title="bbox 379 2655 1429 2738; baseline -0.005 -23"><span class='ocrx_word' id='word_1_232' title='bbox 379 2665 461 2716; x_wconf 88' lang='lat' dir='ltr'><strong>tores</strong></span> <span class='ocrx_word' id='word_1_233' title='bbox 488 2655 580 2716; x_wconf 91' lang='lat' dir='ltr'><strong>hodie</strong></span> <span class='ocrx_word' id='word_1_234' title='bbox 609 2657 660 2734; x_wconf 83' lang='lat' dir='ltr'><strong>(les</strong></span> <span class='ocrx_word' id='word_1_235' title='bbox 691 2657 783 2737; x_wconf 67' lang='lat' dir='ltr'><strong>cruet)</strong></span> <span class='ocrx_word' id='word_1_236' title='bbox 814 2669 845 2717; x_wconf 90' lang='lat' dir='ltr'><strong>et</strong></span> <span class='ocrx_word' id='word_1_237' title='bbox 872 2669 1001 2718; x_wconf 81' lang='lat' dir='ltr'><strong>rectores</strong></span> <span class='ocrx_word' id='word_1_238' title='bbox 1034 2660 1208 2738; x_wconf 69' lang='lat' dir='ltr'><strong>patrimonii</strong></span> <span class='ocrx_word' id='word_1_239' title='bbox 1231 2659 1265 2719; x_wconf 88' lang='lat' dir='ltr'><strong>S.</strong></span> <span class='ocrx_word' id='word_1_240' title='bbox 1287 2659 1361 2718; x_wconf 84' lang='lat' dir='ltr'><strong>Petri</strong></span> <span class='ocrx_word' id='word_1_241' title='bbox 1379 2655 1395 2713; x_wconf 92' lang='lat' dir='ltr'><strong>ii</strong></span> <span class='ocrx_word' id='word_1_242' title='bbox 1409 2671 1429 2711; x_wconf 82' lang='lat' dir='ltr'><strong>er</strong></span> 
     </span>
     <span class='ocr_line' id='line_1_29' title="bbox 379 2737 1430 2822; baseline -0.004 -24"><span class='ocrx_word' id='word_1_243' title='bbox 379 2737 488 2798; x_wconf 88' lang='lat' dir='ltr'><strong>ordine</strong></span> <span class='ocrx_word' id='word_1_244' title='bbox 510 2738 662 2818; x_wconf 89' lang='lat' dir='ltr'><strong>clericali,</strong></span> <span class='ocrx_word' id='word_1_245' title='bbox 693 2762 769 2821; x_wconf 90' lang='lat' dir='ltr'><strong>quos</strong></span> <span class='ocrx_word' id='word_1_246' title='bbox 792 2761 926 2801; x_wconf 88' lang='lat' dir='ltr'><strong>summus</strong></span> <span class='ocrx_word' id='word_1_247' title='bbox 948 2741 1079 2822; x_wconf 86' lang='lat' dir='ltr'><strong>pontifex</strong></span> <span class='ocrx_word' id='word_1_248' title='bbox 1107 2743 1137 2799; x_wconf 91' lang='lat' dir='ltr'><strong>in</strong></span> <span class='ocrx_word' id='word_1_249' title='bbox 1159 2743 1329 2822; x_wconf 74' lang='lat' dir='ltr'><strong>morineias</strong></span> <span class='ocrx_word' id='word_1_250' title='bbox 1347 2739 1430 2799; x_wconf 81' lang='lat' dir='ltr'><strong>nrittere</strong></span> 
     </span>
     <span class='ocr_line' id='line_1_30' title="bbox 378 2820 1430 2905; baseline -0.001 -25"><span class='ocrx_word' id='word_1_251' title='bbox 378 2820 492 2881; x_wconf 86' lang='lat' dir='ltr'><strong>soleret</strong></span> <span class='ocrx_word' id='word_1_252' title='bbox 514 2822 553 2882; x_wconf 90' lang='lat' dir='ltr'><strong>ad</strong></span> <span class='ocrx_word' id='word_1_253' title='bbox 574 2822 715 2882; x_wconf 87' lang='lat' dir='ltr'><strong>denarios</strong></span> <span class='ocrx_word' id='word_1_254' title='bbox 735 2823 819 2884; x_wconf 89' lang='lat' dir='ltr'><strong>Petri</strong></span> <span class='ocrx_word' id='word_1_255' title='bbox 839 2825 987 2905; x_wconf 78' lang='lat' dir='ltr'><strong>cogendos</strong></span> <span class='ocrx_word' id='word_1_256' title='bbox 1008 2833 1038 2883; x_wconf 89' lang='lat' dir='ltr'><strong>et</strong></span> <span class='ocrx_word' id='word_1_257' title='bbox 1057 2823 1183 2883; x_wconf 84' lang='lat' dir='ltr'><strong>Romam</strong></span> <span class='ocrx_word' id='word_1_258' title='bbox 1213 2820 1430 2885; x_wconf 76' lang='lat' dir='ltr'><strong>transmittendos</strong></span> 
     </span>
     <span class='ocr_line' id='line_1_31' title="bbox 379 2899 1431 2988; baseline 0.002 -28"><span class='ocrx_word' id='word_1_259' title='bbox 379 2903 498 2964; x_wconf 91' lang='lat' dir='ltr'><strong>Verum</strong></span> <span class='ocrx_word' id='word_1_260' title='bbox 518 2916 650 2966; x_wconf 84' lang='lat' dir='ltr'><strong>rectores</strong></span> <span class='ocrx_word' id='word_1_261' title='bbox 671 2905 759 2966; x_wconf 89' lang='lat' dir='ltr'><strong>aulae</strong></span> <span class='ocrx_word' id='word_1_262' title='bbox 781 2907 960 2988; x_wconf 87' lang='lat' dir='ltr'><strong>Byzantinae</strong></span> <span class='ocrx_word' id='word_1_263' title='bbox 981 2927 998 2964; x_wconf 84' lang='lat' dir='ltr'><strong>a</strong></span> <span class='ocrx_word' id='word_1_264' title='bbox 1020 2916 1082 2965; x_wconf 91' lang='lat' dir='ltr'><strong>tam</strong></span> <span class='ocrx_word' id='word_1_265' title='bbox 1104 2907 1231 2968; x_wconf 91' lang='lat' dir='ltr'><strong>minutis</strong></span> <span class='ocrx_word' id='word_1_266' title='bbox 1252 2908 1330 2967; x_wconf 83' lang='lat' dir='ltr'><strong>curis</strong></span> <span class='ocrx_word' id='word_1_267' title='bbox 1348 2917 1373 2966; x_wconf 88' lang='lat' dir='ltr'><strong>et</strong></span> <span class='ocrx_word' id='word_1_268' title='bbox 1388 2899 1431 2962; x_wconf 79' lang='lat' dir='ltr'><strong>ott-</strong></span> 
     </span>
     <span class='ocr_line' id='line_1_32' title="bbox 379 2985 1430 3071; baseline 0.001 -26"><span class='ocrx_word' id='word_1_269' title='bbox 379 2985 433 3046; x_wconf 86' lang='lat' dir='ltr'><strong>ciis</strong></span> <span class='ocrx_word' id='word_1_270' title='bbox 454 2985 605 3064; x_wconf 83' lang='lat' dir='ltr'><strong>ahtirisse,</strong></span> <span class='ocrx_word' id='word_1_271' title='bbox 626 2999 710 3070; x_wconf 85' lang='lat' dir='ltr'><strong>patet</strong></span> <span class='ocrx_word' id='word_1_272' title='bbox 731 3011 766 3048; x_wconf 80' lang='lat' dir='ltr'><strong>er</strong></span> <span class='ocrx_word' id='word_1_273' title='bbox 789 3010 840 3067; x_wconf 89' lang='lat' dir='ltr'><strong>eo,</strong></span> <span class='ocrx_word' id='word_1_274' title='bbox 865 2989 947 3070; x_wconf 86' lang='lat' dir='ltr'><strong>quod</strong></span> <span class='ocrx_word' id='word_1_275' title='bbox 966 2999 1034 3070; x_wconf 86' lang='lat' dir='ltr'><strong>post</strong></span> <span class='ocrx_word' id='word_1_276' title='bbox 1056 2988 1311 3070; x_wconf 75' lang='lat' dir='ltr'><strong>anileopatorerrr</strong></span> <span class='ocrx_word' id='word_1_277' title='bbox 1330 2989 1430 3071; x_wconf 72' lang='lat' dir='ltr'><strong>protinus</strong></span> 
     </span>
     <span class='ocr_line' id='line_1_33' title="bbox 377 3065 1432 3155; baseline 0.004 -26"><span class='ocrx_word' id='word_1_278' title='bbox 377 3065 528 3130; x_wconf 82' lang='lat' dir='ltr'><strong>haberent</strong></span> <span class='ocrx_word' id='word_1_279' title='bbox 562 3071 693 3153; x_wconf 80' lang='lat' dir='ltr'><strong>gradum</strong></span> <span class='ocrx_word' id='word_1_280' title='bbox 725 3084 796 3132; x_wconf 87' lang='lat' dir='ltr'><strong>ante</strong></span> <span class='ocrx_word' id='word_1_281' title='bbox 826 3071 1013 3155; x_wconf 83' lang='lat' dir='ltr'><strong>syncellum,</strong></span> <span class='ocrx_word' id='word_1_282' title='bbox 1048 3082 1214 3153; x_wconf 81' lang='lat' dir='ltr'><strong>strategos,</strong></span> <span class='ocrx_word' id='word_1_283' title='bbox 1247 3076 1388 3155; x_wconf 76' lang='lat' dir='ltr'><strong>magistros</strong></span> <span class='ocrx_word' id='word_1_284' title='bbox 1414 3075 1432 3124; x_wconf 84' lang='lat' dir='ltr'><strong>et</strong></span> 
     </span>
     <span class='ocr_line' id='line_1_34' title="bbox 377 3153 1432 3236; baseline 0.004 -26"><span class='ocrx_word' id='word_1_285' title='bbox 377 3153 520 3230; x_wconf 85' lang='lat' dir='ltr'><strong>patricios</strong></span> <span class='ocrx_word' id='word_1_286' title='bbox 540 3159 659 3214; x_wconf 83' lang='lat' dir='ltr'><strong>omnes.</strong></span> <span class='ocrx_word' id='word_1_287' title='bbox 702 3153 740 3214; x_wconf 92' lang='grc' dir='ltr'><strong>Ρ.</strong></span> <span class='ocrx_word' id='word_1_288' title='bbox 765 3154 836 3234; x_wconf 70' lang='lat'><strong>4²¹·</strong></span> <span class='ocrx_word' id='word_1_289' title='bbox 856 3155 891 3214; x_wconf 90' lang='lat' dir='ltr'><strong>C.</strong></span> <span class='ocrx_word' id='word_1_290' title='bbox 908 3154 939 3218; x_wconf 92' lang='lat'><strong>6.</strong></span> <span class='ocrx_word' id='word_1_291' title='bbox 959 3164 1026 3236; x_wconf 83' lang='lat' dir='ltr'><strong>post</strong></span> <span class='ocrx_word' id='word_1_292' title='bbox 1046 3157 1204 3236; x_wconf 82' lang='lat' dir='ltr'><strong>magistros</strong></span> <span class='ocrx_word' id='word_1_293' title='bbox 1225 3157 1328 3218; x_wconf 83' lang='lat' dir='ltr'><strong>ambos</strong></span> <span class='ocrx_word' id='word_1_294' title='bbox 1345 3165 1371 3214; x_wconf 87' lang='lat' dir='ltr'><strong>et</strong></span> <span class='ocrx_word' id='word_1_295' title='bbox 1385 3159 1432 3209; x_wconf 78' lang='lat' dir='ltr'><strong>ante</strong></span> 
     </span>
     <span class='ocr_line' id='line_1_35' title="bbox 376 3233 1432 3320; baseline 0.009 -29"><span class='ocrx_word' id='word_1_296' title='bbox 376 3233 549 3312; x_wconf 86' lang='lat' dir='ltr'><strong>syncellum</strong></span> <span class='ocrx_word' id='word_1_297' title='bbox 570 3237 686 3297; x_wconf 83' lang='lat' dir='ltr'><strong>Rornae</strong></span> <span class='ocrx_word' id='word_1_298' title='bbox 706 3247 799 3318; x_wconf 89' lang='lat' dir='ltr'><strong>atque</strong></span> <span class='ocrx_word' id='word_1_299' title='bbox 820 3238 959 3320; x_wconf 87' lang='lat' dir='ltr'><strong>Neapolis</strong></span> <span class='ocrx_word' id='word_1_300' title='bbox 979 3235 1136 3316; x_wconf 80' lang='lat' dir='ltr'><strong>locantur3</strong></span> <span class='ocrx_word' id='word_1_301' title='bbox 1158 3237 1189 3320; x_wconf 79' lang='lat' dir='ltr'><strong>p:</strong></span> <span class='ocrx_word' id='word_1_302' title='bbox 1218 3239 1268 3318; x_wconf 71' lang='grc'><strong>14.</strong></span> <span class='ocrx_word' id='word_1_303' title='bbox 1290 3239 1323 3299; x_wconf 87' lang='grc' dir='ltr'><strong>Β.</strong></span> <span class='ocrx_word' id='word_1_304' title='bbox 1339 3259 1366 3320; x_wconf 79' lang='lat'><strong>9.</strong></span> <span class='ocrx_word' id='word_1_305' title='bbox 1385 3243 1432 3292; x_wconf 70' lang='lat' dir='ltr'><strong>tnlt</strong></span> 
     </span>
     <span class='ocr_line' id='line_1_36' title="bbox 374 3319 1432 3398; baseline -0.002 -23"><span class='ocrx_word' id='word_1_306' title='bbox 374 3320 563 3398; x_wconf 85' lang='lat' dir='ltr'><strong>praepositos</strong></span> <span class='ocrx_word' id='word_1_307' title='bbox 583 3323 660 3380; x_wconf 88' lang='lat' dir='ltr'><strong>sacri</strong></span> <span class='ocrx_word' id='word_1_308' title='bbox 691 3319 824 3380; x_wconf 91' lang='lat' dir='ltr'><strong>cubiculi</strong></span> <span class='ocrx_word' id='word_1_309' title='bbox 851 3332 882 3381; x_wconf 91' lang='lat' dir='ltr'><strong>et</strong></span> <span class='ocrx_word' id='word_1_310' title='bbox 912 3321 943 3380; x_wconf 90' lang='lat' dir='ltr'><strong>in</strong></span> <span class='ocrx_word' id='word_1_311' title='bbox 974 3320 1118 3380; x_wconf 89' lang='lat' dir='ltr'><strong>comitatu</strong></span> <span class='ocrx_word' id='word_1_312' title='bbox 1146 3324 1225 3381; x_wconf 90' lang='lat' dir='ltr'><strong>sacri</strong></span> <span class='ocrx_word' id='word_1_313' title='bbox 1257 3319 1376 3389; x_wconf 77' lang='lat' dir='ltr'><strong>mrbiculi</strong></span> <span class='ocrx_word' id='word_1_314' title='bbox 1400 3335 1432 3374; x_wconf 80' lang='lat' dir='ltr'><strong>re</strong></span> 
     </span>
     <span class='ocr_line' id='line_1_37' title="bbox 299 3402 1433 3485; baseline -0.002 -21"><span class='ocrx_word' id='word_1_315' title='bbox 299 3459 303 3464; x_wconf 85' lang='lat'><strong>.</strong></span> <span class='ocrx_word' id='word_1_316' title='bbox 375 3411 559 3481; x_wconf 73' lang='lat' dir='ltr'><strong>censentur,</strong></span> <span class='ocrx_word' id='word_1_317' title='bbox 588 3414 623 3463; x_wconf 91' lang='lat' dir='ltr'><strong>ut</strong></span> <span class='ocrx_word' id='word_1_318' title='bbox 644 3404 836 3485; x_wconf 87' lang='lat' dir='ltr'><strong>perspicuum</strong></span> <span class='ocrx_word' id='word_1_319' title='bbox 856 3407 915 3476; x_wconf 86' lang='lat' dir='ltr'><strong>sit,</strong></span> <span class='ocrx_word' id='word_1_320' title='bbox 941 3423 992 3462; x_wconf 87' lang='lat' dir='ltr'><strong>eos</strong></span> <span class='ocrx_word' id='word_1_321' title='bbox 1013 3402 1160 3484; x_wconf 86' lang='lat' dir='ltr'><strong>spadones</strong></span> <span class='ocrx_word' id='word_1_322' title='bbox 1181 3405 1284 3465; x_wconf 72' lang='lat' dir='ltr'><strong>titisse.</strong></span> <span class='ocrx_word' id='word_1_323' title='bbox 1323 3403 1380 3466; x_wconf 83' lang='lat' dir='ltr'><strong>Non</strong></span> <span class='ocrx_word' id='word_1_324' title='bbox 1396 3417 1433 3480; x_wconf 71' lang='lat' dir='ltr'><strong>pe</strong></span> 
     </span>
     <span class='ocr_line' id='line_1_38' title="bbox 373 3483 1433 3570; baseline 0.007 -28"><span class='ocrx_word' id='word_1_325' title='bbox 373 3495 446 3538; x_wconf 80' lang='lat' dir='ltr'><strong>rum</strong></span> <span class='ocrx_word' id='word_1_326' title='bbox 476 3493 580 3552; x_wconf 85' lang='lat' dir='ltr'><strong>tamen</strong></span> <span class='ocrx_word' id='word_1_327' title='bbox 612 3489 758 3546; x_wconf 89' lang='lat' dir='ltr'><strong>momenti</strong></span> <span class='ocrx_word' id='word_1_328' title='bbox 789 3489 924 3570; x_wconf 85' lang='lat' dir='ltr'><strong>opinioni</strong></span> <span class='ocrx_word' id='word_1_329' title='bbox 948 3485 999 3545; x_wconf 92' lang='lat' dir='ltr'><strong>Du</strong></span> <span class='ocrx_word' id='word_1_330' title='bbox 1029 3487 1152 3567; x_wconf 80' lang='lat' dir='ltr'><strong>Cangh,</strong></span> <span class='ocrx_word' id='word_1_331' title='bbox 1180 3485 1353 3570; x_wconf 84' lang='lat' dir='ltr'><strong>dignitatem</strong></span> <span class='ocrx_word' id='word_1_332' title='bbox 1379 3483 1433 3541; x_wconf 65' lang='lat' dir='ltr'><strong>halt</strong></span> 
     </span>
     <span class='ocr_line' id='line_1_39' title="bbox 373 3559 1433 3651; baseline 0.012 -30"><span class='ocrx_word' id='word_1_333' title='bbox 373 3559 607 3628; x_wconf 67' lang='lat' dir='ltr'><strong>eeclesiasticam</strong></span> <span class='ocrx_word' id='word_1_334' title='bbox 623 3571 803 3651; x_wconf 87' lang='lat' dir='ltr'><strong>reputantis,</strong></span> <span class='ocrx_word' id='word_1_335' title='bbox 828 3569 912 3630; x_wconf 90' lang='lat' dir='ltr'><strong>addrt</strong></span> <span class='ocrx_word' id='word_1_336' title='bbox 926 3567 1004 3644; x_wconf 90' lang='lat' dir='ltr'><strong>hoc,</strong></span> <span class='ocrx_word' id='word_1_337' title='bbox 1032 3570 1116 3650; x_wconf 89' lang='lat' dir='ltr'><strong>quod</strong></span> <span class='ocrx_word' id='word_1_338' title='bbox 1137 3581 1272 3630; x_wconf 75' lang='lat' dir='ltr'><strong>rectores</strong></span> <span class='ocrx_word' id='word_1_339' title='bbox 1289 3569 1330 3632; x_wconf 92' lang='lat' dir='ltr'><strong>illi</strong></span> <span class='ocrx_word' id='word_1_340' title='bbox 1346 3581 1433 3634; x_wconf 53' lang='lat' dir='ltr'><strong>cmm</strong></span> 
     </span>
     <span class='ocr_line' id='line_1_40' title="bbox 373 3643 1434 3736; baseline -0.002 -22"><span class='ocrx_word' id='word_1_341' title='bbox 373 3656 452 3714; x_wconf 76' lang='lat'>‘1⁰⁰³</span> <span class='ocrx_word' id='word_1_342' title='bbox 474 3643 600 3712; x_wconf 89' lang='lat' dir='ltr'><strong>laudato</strong></span> <span class='ocrx_word' id='word_1_343' title='bbox 621 3651 689 3712; x_wconf 88' lang='lat' dir='ltr'><strong>loco</strong></span> <span class='ocrx_word' id='word_1_344' title='bbox 710 3651 843 3728; x_wconf 89' lang='lat' dir='ltr'><strong>adducit,</strong></span> <span class='ocrx_word' id='word_1_345' title='bbox 868 3662 1032 3733; x_wconf 86' lang='lat' dir='ltr'><strong>antequam</strong></span> <span class='ocrx_word' id='word_1_346' title='bbox 1052 3650 1176 3712; x_wconf 85' lang='lat' dir='ltr'><strong>adeam</strong></span> <span class='ocrx_word' id='word_1_347' title='bbox 1196 3653 1367 3736; x_wconf 83' lang='lat' dir='ltr'><strong>dignitatern</strong></span> <span class='ocrx_word' id='word_1_348' title='bbox 1385 3667 1434 3730; x_wconf 58' lang='lat' dir='ltr'><strong>pte</strong></span> 
     </span>
     <span class='ocr_line' id='line_1_41' title="bbox 372 3725 1433 3814; baseline 0.008 -26"><span class='ocrx_word' id='word_1_349' title='bbox 372 3734 594 3810; x_wconf 74' lang='lat' dir='ltr'><strong>moverentur,</strong></span> <span class='ocrx_word' id='word_1_350' title='bbox 616 3746 669 3794; x_wconf 92' lang='lat' dir='ltr'><strong>aut</strong></span> <span class='ocrx_word' id='word_1_351' title='bbox 689 3736 831 3795; x_wconf 88' lang='lat' dir='ltr'><strong>monachi</strong></span> <span class='ocrx_word' id='word_1_352' title='bbox 851 3746 904 3795; x_wconf 90' lang='lat' dir='ltr'><strong>aut</strong></span> <span class='ocrx_word' id='word_1_353' title='bbox 924 3734 1024 3795; x_wconf 89' lang='lat' dir='ltr'><strong>clerici</strong></span> <span class='ocrx_word' id='word_1_354' title='bbox 1044 3733 1177 3814; x_wconf 67' lang='lat' dir='ltr'><strong>luerint,</strong></span> <span class='ocrx_word' id='word_1_355' title='bbox 1198 3738 1272 3795; x_wconf 85' lang='lat' dir='ltr'><strong>itera</strong></span> <span class='ocrx_word' id='word_1_356' title='bbox 1292 3737 1358 3812; x_wconf 87' lang='lat' dir='ltr'><strong>boc,</strong></span> <span class='ocrx_word' id='word_1_357' title='bbox 1376 3725 1433 3813; x_wconf 63' lang='lat' dir='ltr'><strong>quod</strong></span> 
     </span>
     <span class='ocr_line' id='line_1_42' title="bbox 372 3808 1434 3901; baseline 0.005 -29"><span class='ocrx_word' id='word_1_358' title='bbox 372 3808 444 3858; x_wconf 64' lang='lat'><strong>⁸⁰²⁰</strong></span> <span class='ocrx_word' id='word_1_359' title='bbox 466 3813 657 3896; x_wconf 78' lang='lat' dir='ltr'><strong>syncellum,</strong></span> <span class='ocrx_word' id='word_1_360' title='bbox 692 3817 882 3897; x_wconf 83' lang='lat' dir='ltr'><strong>patriarchae</strong></span> <span class='ocrx_word' id='word_1_361' title='bbox 909 3815 1134 3890; x_wconf 87' lang='lat' dir='ltr'><strong>coadiutorem,</strong></span> <span class='ocrx_word' id='word_1_362' title='bbox 1159 3820 1288 3901; x_wconf 76' lang='lat' dir='ltr'><strong>gradum</strong></span> <span class='ocrx_word' id='word_1_363' title='bbox 1306 3817 1434 3878; x_wconf 74' lang='lat' dir='ltr'><strong>haberenl·</strong></span> 
     </span>
     <span class='ocr_line' id='line_1_43' title="bbox 390 3882 1434 3983; baseline 0.019 -43"><span class='ocrx_word' id='word_1_364' title='bbox 390 3882 542 3983; x_wconf 36' lang='lat' dir='ltr'><strong>,rederem</strong></span> <span class='ocrx_word' id='word_1_365' title='bbox 563 3918 616 3959; x_wconf 87' lang='lat' dir='ltr'><strong>eos</strong></span> <span class='ocrx_word' id='word_1_366' title='bbox 636 3901 836 3961; x_wconf 85' lang='lat' dir='ltr'><strong>conscientiae</strong></span> <span class='ocrx_word' id='word_1_367' title='bbox 853 3901 983 3982; x_wconf 83' lang='lat' dir='ltr'><strong>Augusti</strong></span> <span class='ocrx_word' id='word_1_368' title='bbox 1003 3899 1165 3961; x_wconf 88' lang='lat' dir='ltr'><strong>directores</strong></span> <span class='ocrx_word' id='word_1_369' title='bbox 1186 3921 1240 3960; x_wconf 83' lang='lat' dir='ltr'><strong>seu</strong></span> <span class='ocrx_word' id='word_1_370' title='bbox 1263 3901 1434 3962; x_wconf 63' lang='lat' dir='ltr'><strong>conseminat</strong></span> 
     </span>
     <span class='ocr_line' id='line_1_44' title="bbox 370 3964 1435 4060; baseline 0 -20"><span class='ocrx_word' id='word_1_371' title='bbox 370 3978 433 4020; x_wconf 71' lang='lat'><strong>¹¹⁰⁸</strong></span> <span class='ocrx_word' id='word_1_372' title='bbox 455 3964 570 4060; x_wconf 75' lang='lat' dir='ltr'><strong>fuisse,</strong></span> <span class='ocrx_word' id='word_1_373' title='bbox 599 3982 657 4042; x_wconf 90' lang='lat' dir='ltr'><strong>nisi</strong></span> <span class='ocrx_word' id='word_1_374' title='bbox 679 3985 816 4044; x_wconf 86' lang='lat' dir='ltr'><strong>diversus</strong></span> <span class='ocrx_word' id='word_1_375' title='bbox 837 4004 855 4042; x_wconf 87' lang='lat' dir='ltr'><strong>a</strong></span> <span class='ocrx_word' id='word_1_376' title='bbox 876 3984 982 4042; x_wconf 87' lang='lat' dir='ltr'><strong>Latina</strong></span> <span class='ocrx_word' id='word_1_377' title='bbox 1004 3981 1126 4042; x_wconf 88' lang='lat' dir='ltr'><strong>ecclesia</strong></span> <span class='ocrx_word' id='word_1_378' title='bbox 1152 3985 1286 4045; x_wconf 86' lang='lat' dir='ltr'><strong>Graecae</strong></span> <span class='ocrx_word' id='word_1_379' title='bbox 1306 4003 1368 4043; x_wconf 88' lang='lat' dir='ltr'><strong>mos</strong></span> <span class='ocrx_word' id='word_1_380' title='bbox 1384 3997 1435 4040; x_wconf 68' lang='lat' dir='ltr'><strong>mr</strong></span> 
     </span>
     <span class='ocr_line' id='line_1_45' title="bbox 364 4039 1435 4148; baseline 0.006 -29"><span class='ocrx_word' id='word_1_381' title='bbox 364 4039 477 4120; x_wconf 63' lang='lat' dir='ltr'><strong>fil‘fldl</strong></span> <span class='ocrx_word' id='word_1_382' title='bbox 503 4070 594 4119; x_wconf 83' lang='lat' dir='ltr'><strong>esset.</strong></span> <span class='ocrx_word' id='word_1_383' title='bbox 639 4065 729 4124; x_wconf 87' lang='lat' dir='ltr'><strong>Certe</strong></span> <span class='ocrx_word' id='word_1_384' title='bbox 750 4087 898 4147; x_wconf 87' lang='lat' dir='ltr'><strong>nusquam</strong></span> <span class='ocrx_word' id='word_1_385' title='bbox 920 4065 1029 4148; x_wconf 81' lang='lat' dir='ltr'><strong>legitur</strong></span> <span class='ocrx_word' id='word_1_386' title='bbox 1049 4066 1218 4146; x_wconf 87' lang='lat' dir='ltr'><strong>Imperator</strong></span> <span class='ocrx_word' id='word_1_387' title='bbox 1238 4085 1370 4148; x_wconf 84' lang='lat' dir='ltr'><strong>unquam</strong></span> <span class='ocrx_word' id='word_1_388' title='bbox 1387 4079 1435 4144; x_wconf 59' lang='lat' dir='ltr'><strong>per</strong></span> 
     </span>
     <span class='ocr_line' id='line_1_46' title="bbox 370 4133 1434 4229; baseline 0.023 -46"><span class='ocrx_word' id='word_1_389' title='bbox 370 4133 438 4219; x_wconf 68' lang='lat' dir='ltr'><strong>cata</strong></span> <span class='ocrx_word' id='word_1_390' title='bbox 459 4149 516 4193; x_wconf 83' lang='lat' dir='ltr'><strong>sua</strong></span> <span class='ocrx_word' id='word_1_391' title='bbox 537 4137 636 4205; x_wconf 83' lang='lat' dir='ltr'><strong>fassus</strong></span> <span class='ocrx_word' id='word_1_392' title='bbox 659 4147 785 4224; x_wconf 72' lang='lat' dir='ltr'><strong>fuisse,</strong></span> <span class='ocrx_word' id='word_1_393' title='bbox 801 4160 854 4209; x_wconf 90' lang='lat' dir='ltr'><strong>aut</strong></span> <span class='ocrx_word' id='word_1_394' title='bbox 874 4161 993 4229; x_wconf 84' lang='lat' dir='ltr'><strong>praeter</strong></span> <span class='ocrx_word' id='word_1_395' title='bbox 1013 4149 1216 4227; x_wconf 76' lang='lat' dir='ltr'><strong>patriarcham</strong></span> <span class='ocrx_word' id='word_1_396' title='bbox 1243 4149 1304 4210; x_wconf 88' lang='lat' dir='ltr'><strong>alio</strong></span> <span class='ocrx_word' id='word_1_397' title='bbox 1322 4144 1434 4209; x_wconf 57' lang='lat' dir='ltr'><strong>conell?</strong></span> 
     </span>
    </p>
   </div>
   <div class='ocr_carea' id='block_1_3' title="bbox 368 4210 1436 4304">
    <p class='ocr_par' dir='ltr' id='par_1_3' title="bbox 368 4210 1436 4304">
     <span class='ocr_line' id='line_1_47' title="bbox 368 4210 1436 4304; baseline -0.006 -11"><span class='ocrx_word' id='word_1_398' title='bbox 368 4224 417 4264; x_wconf 77' lang='lat'><strong>”⁰</strong></span> <span class='ocrx_word' id='word_1_399' title='bbox 441 4210 480 4300; x_wconf 62' lang='lat'><strong>,5¹¹</strong></span> <span class='ocrx_word' id='word_1_400' title='bbox 501 4219 595 4285; x_wconf 65' lang='lat' dir='ltr'><strong>rebus</strong></span> <span class='ocrx_word' id='word_1_401' title='bbox 621 4233 715 4292; x_wconf 84' lang='lat' dir='ltr'><strong>sacris</strong></span> <span class='ocrx_word' id='word_1_402' title='bbox 738 4251 812 4294; x_wconf 83' lang='lat' dir='ltr'><strong>usus</strong></span> <span class='ocrx_word' id='word_1_403' title='bbox 830 4231 933 4294; x_wconf 84' lang='lat' dir='ltr'><strong>fuisse.</strong></span> <span class='ocrx_word' id='word_1_404' title='bbox 982 4231 1144 4293; x_wconf 85' lang='lat' dir='ltr'><strong>Praeterea</strong></span> <span class='ocrx_word' id='word_1_405' title='bbox 1163 4231 1252 4295; x_wconf 87' lang='lat' dir='ltr'><strong>claris</strong></span> <span class='ocrx_word' id='word_1_406' title='bbox 1271 4232 1367 4295; x_wconf 76' lang='lat' dir='ltr'><strong>vertis</strong></span> <span class='ocrx_word' id='word_1_407' title='bbox 1383 4229 1436 4304; x_wconf 61' lang='lat' dir='ltr'><strong>scr</strong></span> 
     </span>
    </p>
   </div>
   <div class='ocr_carea' id='block_1_4' title="bbox 0 0 1504 4892">
    <p class='ocr_par' dir='ltr' id='par_1_4' title="bbox 0 0 1504 4892">
     <span class='ocr_line' id='line_1_48' title="bbox 0 0 1504 4892; baseline 0 0"><span class='ocrx_word' id='word_1_408' title='bbox 0 0 1504 4892; x_wconf 95' lang='lat' dir='ltr'><strong> </strong></span> 
     </span>
    </p>
   </div>
  </div>
 </body>
</html>
