2975 4892
281 274 367 382 sis
488 264 652 369 ionic.
682 304 830 369 nnisiii
859 298 1149 368 nonusnriiiii

279 462 359 524 lorte
379 460 469 524 iidem
489 474 582 542 sunt,
606 472 637 523 et
656 465 699 523 sic
718 460 947 523 describuntur:
970 452 1200 542 δελεγοῖτορας,
1222 454 1299 532 τοῦς
1312 457 1371 540 rili·

282 542 435 628 φροντίδα
463 546 671 624 ποιουμένους
699 542 755 624 τῆς
775 542 882 604 ον’τοῖν
900 544 1096 626 α’ποτροφῆς.
1137 545 1245 605 Sermo
1268 556 1316 605 est
1333 546 1372 605 de

282 628 430 689 militibus
450 632 638 711 provinciam
656 626 894 687 transeuntibus.
921 626 1075 699 labemus,
1098 629 1142 685 ait
1155 626 1263 688 lustin.
1281 630 1368 709 lmp.,

282 714 393 797 qrwties
414 716 553 774 numum
566 713 614 799 fir
637 724 801 772 nostrorum
821 710 950 769 iudicum
971 722 1001 769 et
1021 712 1230 789 eneminucm,
1252 710 1372 792 delegu-
1473 710 1474 719 ’

282 808 361 857 tures
379 798 470 857 οἰοιοῖ
487 818 548 856 esse
569 814 634 854 nun
652 796 716 866 εἰσ,
738 796 792 878 qni
813 814 917 853 curam
936 792 1064 853 babeant
1081 794 1218 852 aliinenti
1236 814 1349 853 eonem.

368 878 406 939 B.
422 900 452 963 7.
470 878 553 963 [7i8,
568 876 612 959 5.]
635 873 784 948 ὀπτίονες.
827 876 943 935 Parum
962 875 1104 936 videntur
1122 878 1264 957 optiones
1293 897 1313 936 a
1333 876 1374 936 le-

285 963 408 1043 gatariis
427 963 545 1023 discreti
564 960 655 1020 luisse
667 1006 676 1035 ,
708 962 734 1019 si
758 979 866 1040 nempe
889 958 921 1018 bi
943 958 974 1019 id
996 958 1138 1035 suerunt,
1166 959 1251 1039 quod
1272 960 1375 1019 conie-

285 1050 401 1189 tlte
420 1041 946 1207 Piil‘ii'ihffililie’o‘lii
959 1041 1367 1205 llllllillllmffi

402 1167 411 1186 0
1226 1170 1235 1201 ,
1361 1159 1376 1171 “

286 1211 345 1275 bns
367 1229 500 1269 annonas
519 1207 702 1269 distribuere
733 1210 923 1289 hospitiaque
942 1210 1106 1289 assignare.

368 1293 402 1351 ll.
427 1312 476 1351 ii.
501 1290 600 1375 4718,
625 1289 668 1374 7.]
692 1288 877 1363 ἀκόλουθος.
920 1292 1003 1373 Ergo
1035 1290 1174 1351 Hetaeria
1206 1290 1378 1374 pertinebat

286 1374 325 1434 ad
351 1373 538 1435 Aritbmum.
582 1374 661 1434 Nam
688 1372 846 1436 acoluthus
888 1384 952 1435 crat
978 1376 1118 1456 magister
1146 1376 1378 1457 Barangoruin,

287 1459 339 1539 qui
358 1478 429 1539 pars
449 1470 537 1519 eraut
556 1458 737 1535 Hetaeriae,
760 1467 791 1517 et
807 1455 938 1518 vicarius
951 1456 1045 1519 veluti
1067 1458 1223 1539 drungarii
1244 1456 1377 1539 vigiliae.

371 1541 490 1623 B.pen.
505 1539 595 1625 [718,
609 1538 659 1624 8.]
685 1538 928 1619 δοοκινιοὶτορες.
949 1540 1048 1602 ‘Puto
1071 1540 1190 1601 eosdem
1223 1562 1288 1603 esse
1308 1562 1379 1601 cuin

287 1622 461 1685 ducenariis
483 1646 536 1686 seu
557 1625 687 1685 duarum
708 1626 914 1685 centuriarum
935 1624 1113 1705 praelectis,
1136 1626 1248 1707 quibus
1270 1625 1380 1685 duceni

287 1709 349 1768 viri
369 1708 508 1769 attributi
528 1718 636 1785 erant,
670 1707 734 1769 vid.
767 1708 818 1768 Dii
847 1706 949 1790 Gange
968 1707 1066 1768 Gloss.
1088 1708 1177 1787 Lat,
1195 1707 1327 1769 Guther.
1345 1729 1378 1788 p.

288 1790 364 1869 426.
388 1802 418 1852 et
438 1790 511 1853 605.
544 1792 615 1851 Pari
636 1791 727 1852 niodo
749 1789 907 1852 ducenarii
926 1789 1177 1873 appellabantur,
1197 1792 1311 1873 quibus
1322 1792 1380 1851 du·

289 1894 365 1936 ceua
385 1875 519 1935 sestertia
539 1875 569 1935 in
590 1873 732 1934 salarium
754 1883 840 1935 crant
861 1875 1033 1957 assignata,
1055 1883 1086 1934 et
1106 1877 1270 1935 centenarii
1288 1876 1380 1956 ,qui-

289 1956 350 2019 bus
370 1968 516 2031 oeuoeua,
549 1968 579 2017 et
597 1960 800 2040 sexagenarii,
830 1958 941 2039 quibus
962 1976 1128 2039 sexageua;
1160 1956 1227 2018 vid.
1250 1956 1377 2018 Salinas.

291 2041 332 2102 ad
351 2040 418 2101 Ser.
442 2040 480 2101 Η.
502 2040 584 2123 Aug.
608 2040 647 2100 T.
663 2042 689 2100 Ι.
706 2060 736 2121 p.
749 2041 821 2102 533.

372 2122 408 2183 C.
421 2144 450 2203 7.
467 2120 556 2205 [718,
581 2120 641 2205 i4.]
663 2123 898 2203 ἐπισκεπτῆται.
943 2122 983 2183 Ηί
1007 2134 1077 2183 sunt
1089 2119 1198 2204 procul
1213 2122 1310 2183 dubio
1330 2146 1380 2184 cu·

292 2207 365 2268 riosi
389 2205 606 2287 provinciales,
634 2206 800 2287 drungario
820 2227 925 2269 cursus
945 2205 1079 2283 subditi,
1102 2206 1155 2287 qui
1168 2227 1250 2287 quae
1266 2210 1298 2266 in
1312 2229 1381 2289 pin-

241 2334 246 2337 -
292 2291 400 2350 vinciis
415 2288 627 2369 contingebant
639 2310 734 2361 nova,
754 2312 855 2351 rerum
879 2292 1077 2351 mutationem
1097 2294 1160 2349 sive
1170 2290 1211 2349 ab
1231 2289 1379 2363 hostibus,

292 2376 356 2514 sivle
382 2393 401 2431 a
427 2372 543 2432 civibus
569 2371 736 2445 minantia,
760 2386 813 2471 aut
834 2376 924 2435 etiam
943 2372 1003 2471 alia
1033 2374 1110 2433 scitu
1139 2376 1307 2433 necessaria
1330 2396 1383 2455 pei·

292 2455 969 2683 {illilutd'ssuhildlilllulllllff
982 2454 1141 2621 ''ll-‘⁰43¹
1154 2456 1382 2619 ltttsstsst

316 2642 343 2681 is
371 2641 471 2681 eran.

378 2705 414 2764 C.
427 2704 459 2766 8.
475 2701 560 2787 [718,
582 2703 643 2788 i4.]
665 2704 722 2767 τοῦ
746 2696 864 2785 ἇποκρ’.
896 2706 943 2765 lta
962 2714 1007 2764 est
1027 2705 1059 2763 in
1080 2703 1276 2765 membranis.
1299 2706 1384 2783 Quo-

295 2787 388 2849 modo
419 2798 520 2848 autem
548 2786 607 2871 legi
631 2799 662 2849 et
690 2788 790 2851 efferri
811 2790 920 2851 demat
939 2788 999 2848 boc
1017 2787 1232 2869 compendium
1254 2794 1384 2870 scriptu·

294 2892 374 2948 rae,
395 2860 682 2951 ·dnorpiorapisi'oo
711 2885 764 2934 aut
781 2862 1061 2952 α’ποκρισιαριάτοο
1085 2882 1139 2932 aut
1162 2867 1387 2949 rinoxpinrcps·

296 2952 380 3031 arbo,
412 2952 544 3035 ambigo.
587 2954 636 3016 De
654 2957 845 3037 apocrisiario
868 2952 983 3036 aliquid
1003 2955 1120 3028 inesse,
1141 2952 1244 3013 nullus
1265 2953 1383 3015 dubito.

295 3035 375 3097 Nam
394 3035 434 3096 ad
462 3035 646 3119 logothetam
671 3039 770 3100 dromi
792 3038 985 3121 pertinebant
1013 3056 1061 3097 res
1080 3035 1279 3119 legationum.
1315 3038 1384 3099 Nun

293 3122 415 3182 memini
437 3119 509 3182 alibi
530 3142 579 3181 ine
600 3122 698 3205 legere
717 3122 756 3183 de
776 3133 915 3183 curatore
934 3121 1183 3203 apocrisiariatus.

377 3204 407 3264 D
438 3204 495 3264 ult.
520 3203 612 3288 [719,
640 3206 670 3265 5.
706 3199 884 3286 πορτοῖριοι.
926 3206 1020 3264 Forte
1038 3214 1110 3263 sunt
1128 3224 1286 3265 carcerum
1311 3204 1385 3265 iani-

295 3297 387 3349 tores.
430 3287 504 3351 vid.
521 3288 560 3348 ad
581 3309 612 3369 p.
629 3286 660 3367 4.
697 3310 753 3372 .7.
795 3288 894 3349 Paulo
914 3298 983 3370 post
1002 3286 1385 3370 tribuunturquoquedo-

297 3376 421 3433 mestico
442 3381 611 3432 castrorum
626 3373 774 3454 portarii3
794 3372 872 3433 sorte
893 3370 937 3447 ii,
960 3368 1072 3454 quibus
1092 3382 1198 3452 poitae
1219 3384 1386 3433 murorum

297 3455 513 3518 custodiendae
533 3456 711 3517 commissae
729 3465 828 3515 crant.

362 3537 436 3622 417.
452 3540 490 3598 A.
505 3559 575 3619 pen.
599 3536 763 3621 [7¹9213l
784 3534 851 3598 τῶν
871 3530 977 3597 οἴκων.
1001 3535 1109 3600 Posset
1128 3534 1167 3598 de
1180 3536 1386 3619 imperialibus
1473 3598 1474 3619 ,

298 3620 417 3703 palatiis
437 3623 630 3683 recreationis
650 3633 681 3683 et
700 3622 923 3692 rusticationis,
953 3622 985 3679 in
1013 3640 1088 3700 quas
1116 3641 1273 3701 processus
1292 3622 1387 3681 sacae
1473 3630 1474 3645 ¹

299 3702 459 3781 solebant,
482 3714 544 3765 tarn
561 3705 696 3774 urbanis,
710 3726 802 3787 quam
822 3702 1003 3763 suburbanis
1023 3700 1164 3784 intelligi.
1186 3704 1267 3781 Quia
1288 3716 1389 3765 tamen

300 3790 357 3847 ista
385 3786 495 3866 palatin
524 3810 577 3848 seu
603 3788 726 3932 malma
756 3791 798 3849 sic
829 3784 966 3847 absolute
985 3806 1047 3847 non
1070 3784 1168 3847 solent
1185 3784 1216 3847 οὶ
1236 3777 1315 3846 οἶκοι
1336 3809 1389 3868 up-
1473 3790 1474 3833 t

300 3866 431 3952 pellam,
463 3870 514 3930 sed
534 3866 565 3931 oi
583 3872 659 3948 βαοι
680 3862 858 3949 luciolum,
880 3870 943 3931 vid.
965 3891 997 3951 p.
1018 3867 1091 3946 426.
1109 3870 1143 3929 C.
1162 3870 1208 3945 6.;
1230 3870 1321 3930 etde
1342 3892 1389 3929 iie·
1473 3876 1474 3899 ³

300 3949 443 4012 nodocho
478 3963 508 4011 et
529 3974 687 4033 gemcomo
708 3975 761 4015 seii
785 3958 953 4035 inspectore
974 3950 1168 4033 hospitalium
1188 3965 1219 4014 et
1249 3954 1388 4015 senilium

304 4038 354 4117 (ut
380 4036 422 4095 ita
450 4032 565 4116 dicam)
594 4056 693 4099 sermo
721 4040 900 4121 praecessit,
936 4034 1041 4097 malim
1069 4037 1171 4117 potius
1201 4034 1266 4097 τῶν
1297 4030 1388 4095 οἴκων
1473 4052 1474 4117 4

188 4133 195 4166 ·'
302 4118 438 4200 accipere
457 4138 513 4199 pro
533 4118 594 4179 τῶν
613 4118 737 4200 cv’uyoir
748 4115 844 4181 οἴκων
858 4123 1010 4202 positum,
1033 4128 1064 4181 et
1084 4118 1174 4180 aedes
1204 4117 1389 4205 venerabiles
1473 4130 1474 4203 t

171 4244 175 4249 -
304 4207 359 4286 (ita
388 4204 571 4265 monasteria
605 4203 770 4286 appellanti
801 4204 851 4267 hic
883 4202 1032 4287 designari
1062 4201 1199 4265 credere.
1243 4200 1333 4271 Cous.
1356 4224 1387 4285 p.
