2975 4892
138 313 188 379 sn
216 309 441 382 causatur.
465 311 612 383 ronan.
640 313 695 380 on
722 308 857 380 muns
889 311 964 376 ua.
993 313 1033 374 ιι.
1066 281 1149 396 735

87 491 194 554 conque
214 469 320 548 abum,
340 492 403 534 non
422 470 638 548 immittendo,
662 469 750 542 ideo,
773 472 845 553 qnia
867 468 1021 548 eunuchi,
1053 479 1087 530 ut
1104 469 1151 530 iu-

87 556 146 616 timi
172 564 201 614 et
230 556 366 635 perpetui
389 551 550 616 familiares
576 553 767 635 Imperatoris
793 555 986 614 secretissima
1016 573 1153 633 quaeque

87 640 145 700 eius
163 635 285 696 consilia
306 635 439 697 sciebant
463 644 494 696 et
514 636 656 696 mandata
675 636 796 696 maximi
824 634 991 712 momenti,
1021 645 1056 696 ut
1078 656 1105 694 c.
1124 656 1152 696 c.

83 721 121 780 de
141 719 307 802 proceribus
326 722 358 779 in
379 717 545 779 custodiam
562 731 616 780 aut
639 717 760 780 vincula
785 718 946 800 rapiendis,
976 727 1029 776 aut
1056 719 1151 798 capite

82 799 235 886 plectendis
263 801 518 884 exsequebantur,
544 803 639 884 iisque
669 802 782 884 absque
810 821 895 861 mora
923 811 953 860 et
975 801 1151 881 tergiversa-

82 897 159 946 tione
184 883 351 966 parendum
375 893 458 944 essct.
501 883 661 944 Debebunt
689 885 780 965 igitur
800 884 991 944 sacramentis
1013 881 1151 962 obligari,

80 989 120 1028 ne
136 977 275 1050 potestate
294 988 348 1027 sun
368 965 582 1045 abuterentur,
611 987 687 1028 neve
706 989 768 1029 uon
789 969 859 1028 iussi
879 967 996 1050 privato
1025 965 1152 1026 exodio

81 1071 136 1134 per
152 1071 269 1110 cansam
289 1052 367 1132 regis
386 1048 487 1110 hostes
507 1071 578 1112 suos
597 1050 747 1132 perditum
774 1053 865 1110 irent.

158 1133 191 1198 C.
207 1155 237 1214 7.
253 1129 340 1215 [6αᾷ
352 1129 417 1214 ab]
428 1128 595 1212 πίριιορον.
634 1131 917 1214 Debacrocequae
929 1129 1051 1194 afferam
1059 1128 1151 1214 plura

81 1225 134 1276 aut
150 1217 272 1276 certiora
287 1212 344 1291 iis,
369 1234 448 1296 quae
466 1215 608 1275 Gataker.
630 1215 669 1274 ad
687 1216 876 1276 Antoninum
893 1216 933 1276 V.
947 1222 976 1290 §.
992 1213 1024 1278 5.
1039 1237 1069 1296 p.
1086 1212 1153 1280 188.

77 1299 148 1359 edit.
163 1319 218 1358 sec.
238 1297 385 1377 Londin.,
405 1317 469 1358 non
483 1295 595 1373 habeo,
620 1298 677 1359 nisi
691 1297 764 1376 boc,
785 1298 897 1358 habere
919 1319 1058 1381 magnam
1084 1295 1152 1357 affi-

76 1384 197 1440 nitatem
217 1377 368 1461 ιιίρπερος
391 1400 461 1443 cum
473 1381 645 1460 furfureo,
660 1381 868 1460 sorsaronade
885 1379 1042 1442 Francico.
1064 1380 1152 1440 Conf.

75 1461 196 1524 Salmas.
218 1463 270 1535 ad.
296 1463 361 1522 Ser.
383 1463 424 1523 Η.
446 1463 527 1546 Aug.
548 1463 587 1529 T.
607 1464 650 1524 11.
700 1463 800 1526 .605.
841 1462 972 1546 Cyrillus
993 1465 1024 1524 in
1042 1463 1152 1524 Lexico

74 1548 155 1608 Meo
171 1543 269 1627 (apud
279 1545 333 1606 Du
347 1543 496 1626 Congium
514 1566 545 1605 v.
558 1485 768 1627 Kovprlbpe):
791 1546 944 1624 πέρπερος
955 1540 1109 1624 προπετὴς
1129 1537 1151 1626 ἢ

74 1627 250 1708 κοορτὲοης,
269 1635 299 1687 et
312 1623 522 1707 περπερείοιτό
535 1619 580 1706 μὴ
605 1622 660 1688 διὰ
675 1623 805 1708 χρείαν,
821 1625 901 1690 ἄλλα
925 1621 978 1688 διὰ
998 1629 1152 1690 καλλωπι-

73 1703 465 1786 σμόνιιαραλαμβάνεσθαι
477 1700 500 1786 ἧ
511 1703 595 1790 καίῆ
615 1710 762 1771 κολακεία
774 1709 836 1787 1ναί
851 1705 870 1790 ἦ
884 1709 1062 1792 reponerem.
1084 1711 1150 1772 Nisi

72 1792 156 1874 apud
167 1792 292 1852 Suidam
304 1793 347 1852 sic
360 1812 481 1874 quoque
493 1792 652 1874 legeretur,
671 1813 779 1875 nempe
790 1789 1094 1872 παραλαμβάνεσθαι
1109 1793 1153 1870 (et

71 1886 154 1936 recte
162 1875 282 1958 quidem
289 1873 332 1936 ibi
339 1873 626 1956 legitur),tentarem
633 1873 684 1937 bic
691 1871 963 1956 παραβάλλεσθαι,
967 1874 1150 1958 periclitari.

71 1951 176 2040 Longe
189 1957 269 2017 enim
281 1953 341 2016 alia
355 1961 501 2020 sermonis
516 1959 548 2017 in
562 1958 654 2019 Suida
668 1959 852 2018 constructio
867 1967 923 2032 est,
936 1977 1026 2038 quern
1034 1957 1068 2016 in
1089 1958 1150 2040 Cy-

71 2040 151 2102 rillo
177 2043 312 2122 Apparet
325 2033 381 2100 τὸν
397 2037 624 2121 πίριιεροναοεο
634 2036 689 2100 τὸν
706 2029 848 2121 ἄκαιρον,
864 2041 1079 2121 importunum,
1102 2041 1151 2100 in-

69 2120 253 2199 consultum,
267 2122 495 2197 inconstantem,
517 2123 571 2206 qui
580 2122 640 2184 levi
653 2128 766 2207 impetu
780 2121 819 2182 ad
831 2121 956 2184 ridicula
967 2143 1103 2204 quaeque
1120 2134 1153 2184 et

69 2206 160 2266 noxia
180 2226 221 2286 qu
318 2203 479 2266 dicendum
498 2217 529 2266 et
550 2206 711 2288 egendum,
726 2206 917 2287 undcsperat
928 2227 958 2266 se
969 2204 1151 2288 placiturum

68 2310 156 2364 esse,
170 2291 249 2370 impe
262 2288 282 2348 li
295 2298 411 2369 potest;
425 2289 554 2364 volam,
578 2300 613 2348 ut
623 2289 734 2349 Franci
744 2289 860 2361 dicunt,
946 2291 1020 2368 erig,
1033 2298 1069 2347 ut
1081 2310 1148 2350 nos.

70 2369 178 2450 Qualis
190 2381 235 2432 est
249 2367 300 2431 ille
312 2369 392 2452 apud
402 2369 645 2452 Theophrastum
657 2372 688 2432 in
699 2370 873 2434 characteri
895 2392 940 2446 us,
957 2372 1008 2452 qui
1024 2369 1067 2453 τῷ
1079 2392 1150 2432 καιν-
1243 2395 1245 2412 ¹

66 2449 278 2537 μαιιζομένῳ,
290 2453 409 2520 ardenti
422 2453 497 2514 febri
507 2453 666 2526 laboranti,
682 2465 782 2535 spreto
795 2454 902 2514 medici
911 2453 1085 2530 interdicto,
1101 2455 1150 2514 vi-

64 2557 144 2595 num
158 2538 294 2618 porrigit,
314 2557 353 2596 ne
365 2537 478 2598 scilicet
495 2556 582 2618 aeger
601 2537 716 2597 viribus
736 2535 865 2596 deficiat.
891 2535 1015 2596 Arrian.
1033 2533 1155 2605 dissert,

63 2618 199 2700 Epictet.
214 2641 246 2701 p.
260 2617 331 2701 267.
345 2615 411 2698 4οα
429 2615 584 2698 μηδέποτε
594 2613 727 2698 ἡσυχίαν
739 2611 868 2696 ἔχοντα,
886 2619 1048 2698 πίρνιερον.
1069 2618 1149 2680 Hinc

63 2723 86 2762 a
108 2699 289 2783 quibusdam
304 2699 637 2762 mmultrmtorredditur
651 2701 709 2760 hoc
721 2698 922 2776 vocabulum,
942 2697 982 2760 ab
1000 2699 1065 2760 aliis
1075 2723 1150 2784 pro-

60 2805 139 2862 cax,
161 2781 200 2843 ab
212 2782 267 2844 alis
287 2786 463 2845 incomtoose
476 2803 581 2844 omnes
595 2793 686 2844 reete.
702 2781 848 2865 Polybius
860 2783 1001 2862 Excerpt.
1017 2781 1149 2844 Peiresc.

60 2889 94 2948 p.
110 2864 181 3008 183.
197 2865 328 2963 aliquem
346 2857 510 2942 στωμύλον
522 2860 577 2926 καί
587 2865 683 2962 λάλον
691 2860 753 2962 ,καί
763 2862 917 2962 repnentur
928 2859 1155 2961 ’διαφερόντωςΙ

57 2947 1149 3114 zeramtam.caecarentarata

149 3113 194 3174 D.
210 3114 241 3174 ὅ.
258 3111 344 3196 [6οᾷ
355 3111 406 3196 6.]
427 3108 653 3190 ἅναλομβοὶνει.
697 3115 743 3174 lta
764 3117 796 3174 in
818 3113 1000 3174 membranis
1024 3135 1058 3172 ex
1083 3113 1150 3173 dia-

53 3197 143 3259 lecto
158 3196 262 3256 Attica
270 3217 327 3276 pro
339 3191 546 3274 ἀναλαμβάνῃ
556 3207 610 3256 aut
620 3193 885 3275 οἷνοιλοιμβοὶνεοαι,
898 3207 933 3256 ut
944 3217 975 3279 p.
986 3195 1057 3256 360.
1066 3194 1101 3255 B.
1115 3217 1147 3278 7.

147 3277 192 3338 D.
213 3299 243 3362 7.
266 3277 350 3361 [626‚
363 3276 407 3360 9.]
430 3257 602 3354 α’ναβιίσεις
614 3276 649 3338 ἐν
665 3279 705 3361 τῇ
718 3277 831 3362 καρδίᾳ
845 3299 903 3343 σου
919 3275 1149 3352 διατιθέμενος.

57 3357 193 3422 Gradus
208 3363 246 3439 ἰαΙ
256 3361 344 3422 corde
355 3373 403 3420 tuo
417 3361 584 3442 disponeres,
599 3359 686 3422 idest
700 3362 859 3442 qualitates
880 3361 986 3438 animi,
1004 3362 1149 3439 virtutes,

51 3465 200 3526 quarum
211 3460 289 3512 inae
303 3441 370 3504 aliis
382 3443 487 3502 itidem
500 3443 621 3503 altiores
629 3454 660 3506 et
671 3443 834 3524 nobiliores
844 3455 933 3520 sunt;
956 3445 1103 3502 transiens
1114 3449 1153 3503 ex'

50 3548 123 3587 una
135 3527 251 3587 virtute
261 3528 291 3587 io
304 3525 394 3586 aliam
405 3524 621 3600 sublimiorem,
638 3531 779 3588 merearis
789 3547 908 3608 quoque
918 3547 951 3586 ex
959 3523 1150 3586 inferioribus

51 3607 265 3692 dignitatibus
280 3605 482 3668 saecularibus
495 3608 533 3669 ad
548 3608 735 3671 sublimiores
747 3609 821 3670 alias
834 3609 967 3690 aliasque
981 3607 1151 3668 ascendere.

125 3691 203 3753 362.
227 3690 267 3751 A.
290 3712 357 3773 pen.
384 3689 551 3774 [626‚23.]
573 3685 771 3765 σκεπάζεται.
811 3689 923 3752 Rursus
941 3691 1068 3773 imponit
1080 3691 1149 3766 siti,

49 3783 115 3834 aut
131 3775 305 3857 imponitur
319 3775 393 3856 ipsi,
417 3775 637 3834 camelaucciam.
679 3773 758 3835 Nam
777 3795 869 3856 supra
889 3796 922 3856 p.
946 3772 1016 3834 561.
1033 3773 1069 3832 B.
1089 3773 1156 3835 ult.

44 3855 186 3937 legitur,
202 3857 230 3916 ei
250 3855 416 3919 detractum
428 3855 517 3916 scrisse
532 3855 619 3930 illud,
642 3849 912 3932 αἰιοσκειιάζοοσιν
928 3849 1040 3930 ον’τόν,
1053 3876 1149 3936 quum

43 3937 304 4000 introducendus
316 3949 392 3998 esset
401 3939 433 3996 in
447 3939 626 4016 oratorium,
639 3939 694 3998 obi
707 3939 871 4000 initiandus
890 3938 1103 4020 significatione
1120 3949 1152 3998 et

42 4025 238 4163 tttttlt
255 4023 601 4184 ¹¹⁰llu¹i¹ilillllssl
617 4019 1152 4167 ιίὲῗίίιὲζῗιῗ’Ἑιέἒὲίιὲἒιὶἶῗιἒ

40 4197 78 4248 et
102 4183 231 4248 sacellis
252 4185 335 4266 suis,
357 4196 393 4247 nt
415 4175 498 4248 nudo
529 4189 627 4270 capite
653 4207 689 4252 ee
719 4189 867 4253 intrarem
887 4196 917 4251 et
936 4183 1032 4250 cultui
1064 4203 1157 4262 sacro,
