2975 4892
103 364 161 431 an
191 363 417 433 cousrtnr.
448 368 680 434 auarum
708 367 846 433 carru.
878 373 951 434 un
972 375 1012 436 ιι.
1048 339 1131 460 755

45 524 94 584 ius
114 522 235 585 initium
253 521 406 604 usquead
427 523 519 586 umba
540 545 572 606 p.
583 522 653 608 372.
665 523 743 608 tq.
771 523 921 603 Θευδῶρα
943 521 1056 610 η’γιιιῆ
1074 527 1133 609 roei

45 602 188 684 μεγάλου
214 605 464 678 Ἰονοτιιιιανοῦ,
495 627 566 667 cum
587 607 695 666 Latina
723 605 967 690 interpretatione
993 622 1024 671 et
1050 615 1130 676 notis

44 689 130 766 suis,
150 699 186 748 ut
204 689 351 750 haberent
369 689 480 750 eruditi
500 691 668 771 specimen,
689 708 708 749 e
728 711 801 771 quo,
815 685 893 774 'qurd
914 693 953 754 ab
973 695 1039 774 ipso
1059 707 1090 756 et
1110 717 1131 757 a

45 771 175 832 librario
186 782 279 853 atque
296 771 486 854 typographo
499 781 620 853 possent
639 783 826 852 exspectare,
848 777 902 914 ipsi
916 779 1129 840 existimarent.

45 854 144 914 Notas
165 851 231 915 illas
253 874 324 914 cum
343 853 479 934 pauculis
500 857 564 914 eius
585 874 677 914 manu
697 856 746 914 isti
767 857 853 938 singu
867 859 910 917 ari
932 857 1003 918 solio
1022 859 1131 920 adscri-

45 938 111 1020 ptis
131 936 181 997 hic
201 937 306 998 reddo.
349 937 523 996 Versionem
546 937 700 998 remeius
728 957 789 997 non
809 939 941 1017 retinui,
962 941 1014 1000 sed
1034 963 1133 1002 meam

46 1019 143 1095 dedi,
171 1041 233 1102 quo
254 1021 362 1083 Latina
381 1021 483 1080 omnia
503 1022 594 1080 unius
621 1017 663 1078 lili
683 1031 791 1081 essent.
834 1019 978 1105 *¹[Similis
1000 1023 1135 1106 lmpcra-

45 1115 154 1164 torum
183 1103 215 1162 in
244 1102 318 1162 aede
339 1101 393 1162 SS.
418 1101 568 1184 Apostolis
596 1101 694 1162 dicata
714 1103 898 1185 sepultorum
927 1105 1079 1188 catalogus
1098 1127 1135 1168 ex

49 1186 211 1266 Anonymi
230 1184 408 1267 Originibus
418 1185 551 1247 CPtauis
570 1183 669 1245 editus
688 1195 733 1246 est
752 1185 834 1247 uDu
846 1187 959 1269 Cangio
975 1189 1132 1249 Constant.

48 1269 168 1329 Christ.
190 1269 227 1327 L.
248 1269 303 1326 lV.
323 1287 352 1348 p.
377 1287 442 1350 ¹⁰9·
462 1279 493 1328 et
513 1267 630 1350 plenior
655 1286 724 1327 cum
742 1270 824 1330 notis
845 1269 981 1330 Anselmi
1001 1271 1135 1333 Banduri

48 1354 86 1410 in
108 1351 238 1432 lmperio
257 1349 408 1410 Orientali
426 1351 467 1411 T.
488 1351 515 1411 1.
538 1351 575 1410 L.
597 1350 651 1412 vl.
693 1349 783 1410 Hunc
801 1361 953 1414 auctorem
973 1363 1041 1434 post
1060 1353 1137 1414 Con·

49 1435 243 1510 stautinum,
279 1433 366 1493 cuius
396 1435 505 1493 scrinia
535 1435 644 1515 passim
673 1432 834 1515 compilat,
866 1436 1009 1496 vixisses
1032 1449 1136 1518 paret,

49 1517 96 1576 de
113 1535 174 1598 quo
192 1517 252 1576 dixi
272 1515 304 1575 in
314 1513 585 1598 Pnolegomenis.]*
628 1516 848 1577 interciderunt
870 1537 984 1578 cacum
996 1458 1037 1578 cl.
1051 1517 1139 1597 Viro,

51 1597 144 1660 nullo
165 1597 269 1659 relicto
291 1598 322 1658 in
339 1598 455 1658 chartis
474 1601 539 1658 eius
561 1597 608 1658 vel
638 1597 713 1662 vesti
735 1600 742 1614 '
766 1641 775 1657 .
821 1597 925 1680 Neque
955 1619 1051 1682 quum
1080 1604 1139 1664 ista

49 1682 215 1759 scriberet,
235 1684 334 1762 neque
353 1692 489 1762 tempure
510 1691 578 1762 post
601 1700 635 1739 ea
655 1619 988 1762 Proldgomenahabuit
1007 1694 1138 1758 exarata,

50 1764 110 1826 sed
139 1763 171 1823 iu
200 1765 346 1824 memoria
373 1773 404 1822 et
435 1763 612 1822 adversariis
640 1763 807 1844 depositam
837 1783 942 1824 corum
971 1768 1139 1828 materiam.

53 1846 218 1928 catalogos
247 1845 316 1906 illos
337 1845 509 1921 consu-am,
523 1889 527 1896 -
540 1844 764 1905 Bandusianum
789 1844 895 1906 litteris
911 1847 987 1920 AB„
1013 1848 1075 1908 Can
1098 1850 1142 1910 ia·

54 1950 137 1990 num
158 1929 265 1989 litteris
283 1928 350 1988 DC.
369 1928 537 2010 compendii
553 1947 642 1988 causa
662 1928 888 2011 designaturus,
921 1939 951 1998 et
967 1939 1079 1990 annota
1131 1939 1145 2004 ,ἶ
1275 1947 1277 1954 ·

54 2032 141 2094 quae
177 2011 319 2083 momenti
350 2010 475 2071 alieuius
506 2011 635 2086 fuerint,
663 2013 797 2072 minutiis
826 2013 951 2071 omissis.
1000 2011 1145 2074 Bandurii

54 2113 183 2176 qumque
197 2103 283 2153 notas
297 2093 426 2170 libenter
445 2093 599 2172 adderem,
619 2095 676 2153 nisi
689 2095 804 2176 pigeret
815 2095 1047 2172 transscribere3
1070 2117 1145 2176 par·

55 2175 194 2238 cendum
230 2197 354 2258 quoque
381 2176 503 2236 chartae
535 2187 589 2236 est.
635 2174 855 2238 Concluilimur
883 2177 985 2260 spatiis
1013 2179 1146 2258 iniquis,

54 2279 142 2342 quae
164 2269 283 2319 nomras
300 2259 431 2340 copiolas
453 2279 509 2319 nos
530 2260 601 2320 satis
620 2257 768 2340 explicare
791 2281 851 2320 nou
872 2261 1000 2338 sinunt,
1033 2259 1146 2338 pedum
1242 2304 1246 2312 .

56 2353 101 2402 ut
119 2341 224 2402 alienis
242 2339 342 2401 locum
366 2343 488 2402 faciam.
529 2341 686 2401 Constabit
711 2363 728 2402 e
750 2341 910 2403 collatione
936 2343 1062 2402 istorum
1096 2363 1147 2408 ea-

54 2422 234 2505 talogorum
254 2425 335 2484 inter
357 2445 401 2501 se,
424 2435 561 2484 nostrum
582 2435 612 2483 et
634 2425 770 2484 omnium
792 2425 996 2506 plenissimum
1017 2435 1046 2484 et
1064 2427 1147 2486 scitis

57 2508 180 2568 notitiis
199 2507 426 2568 economum
445 2517 476 2567 et
497 2507 536 2566 ad
549 2505 686 2566 ordinem
701 2517 870 2590 temporum
891 2506 1150 2570 adstrictissirnum

57 2609 144 2651 esse.

151 2672 192 2730 D.
232 2691 258 2730 ι.
292 2669 384 2754 [64η
400 2667 449 2752 m]
486 2668 520 2730 ἐν
550 2668 593 2752 τῷ
623 2667 690 2753 ναῷ
716 2669 779 2730 eutr
807 2665 904 2748 c‘rsrhw
934 2665 1151 2736 ’Anouro'luou

57 2752 263 2835 ¹[Templum
277 2753 337 2814 hoc
349 2756 458 2814 sanctis
472 2749 625 2832 Apostolis
638 2753 791 2813 dicaverat
803 2751 1029 2827 Constantinus,
1047 2751 1150 2814 addito

60 2838 208 2915 decreto,
230 2837 340 2918 utipse
355 2848 386 2897 et
408 2854 587 2896 successores
607 2836 638 2893 in
661 2855 697 2894 eo
710 2834 919 2917 sepelirentur,
938 2845 1012 2896 teste
1020 2835 1151 2912 Zonara,

64 2919 207 2982 Eusebio
226 2919 265 2979 de
287 2921 350 2981 vitu
375 2917 565 2980 Constantini
587 2917 623 2976 L.
639 2917 696 2977 lV.
720 2938 750 2978 c.
774 2917 839 2988 58„
858 2917 1057 2999 Theophane,
1090 2917 1155 2978 aliis

61 3003 170 3062 citatis
197 3000 248 3061 Du
279 3003 394 3084 Cangm
425 3004 456 3060 in
492 2998 586 3060 epoti
619 2998 731 3060 Christ.
756 2999 795 3060 L.
827 2999 882 3060 lV.
923 2999 1153 3076 hluhammcdi,

64 3087 128 3167 qui
151 3084 258 3144 urbem
282 3084 462 3159 debellavit,
484 3081 573 3141 hodie
592 3081 726 3142 dicatum
746 3094 791 3144 est
807 3081 965 3164 ternplum,
986 3084 1068 3164 (prod
1080 3081 1155 3142 olim

64 3169 236 3228 memoriae
255 3167 471 3248 Apostolorum
494 3165 626 3223 dicatum
647 3163 727 3242 trit,
751 3175 782 3225 et
803 3165 856 3226 ubi
881 3166 968 3226 multi
990 3165 1156 3246 Imperato-

67 3269 124 3311 res
143 3249 252 3330 sepulti
273 3251 379 3310 iaceut.
394 3249 457 3308 ΤΙι.
478 3247 587 3310 Smith.
613 3246 709 3306 Notit.
733 3246 840 3308 eccles.
863 3249 919 3308 Gr.
944 3271 976 3329 p.
991 3245 1078 3330 87.]*
1121 3245 1156 3308 lu

67 3331 129 3394 illo
149 3331 275 3413 templo,
306 3332 398 3414 quod‘
418 3331 632 3391 Constantinus
655 3340 709 3389 aut
730 3329 943 3408 Constantius,
968 3331 1032 3390 eius
1056 3327 1155 3402 lilius,

69 3415 244 3475 secuudum
264 3413 360 3488 alios,
394 3413 529 3473 condidit
554 3412 653 3492 (patre
672 3411 750 3472 forte
774 3415 933 3494 incipiente
956 3431 1031 3492 opus
1053 3419 1082 3471 et
1101 3431 1158 3490 pro

69 3498 207 3557 maxima
227 3507 311 3577 parte
333 3496 518 3570 conficiente,
540 3493 806 3574 duodeuicenis),
827 3494 936 3554 celebri
960 3504 989 3553 et
1004 3493 1161 3574 spectabili

71 3590 296 3654 monumento,
327 3584 415 3638 aiunt
438 3589 575 3637 auctores
593 3597 688 3658 paene
709 3597 814 3638 omnes
837 3588 866 3638 et
887 3581 983 3659 ipsum
1007 3575 1156 3636 Constan-

72 3665 178 3722 tinum
203 3663 245 3720 Μ.
266 3661 342 3741 (vid.
365 3661 474 3720 Codin.
496 3659 584 3720 Offic.
605 3681 635 3741 p.
655 3661 721 3723 115.
737 3681 768 3719 n.
787 3661 842 3736 ιο.)
862 3671 1072 3720 etsecutorum
1095 3659 1163 3720 lm·

71 3754 251 3827 peratonnn
287 3744 444 3823 plerosque
474 3744 623 3823 depon'tos
652 3741 754 3802 luisse.
822 3741 891 3800 Non
923 3746 1023 3822 itaque
1052 3741 1161 3819 video,

70 3827 233 3908 quomodo
262 3846 333 3884 curn
356 3824 417 3884 illis
440 3825 594 3884 conciliem
613 3825 859 3884 Continuatorem
877 3823 1069 3906 Theophanis
1098 3847 1163 3886 ma·

73 3908 189 3970 nil'este
214 3907 275 3967 illis
302 3909 574 3979 contradicentem,
607 3909 717 4008 script.
746 3927 776 3988 p.
803 3907 863 3966 Th.
889 3929 917 3988 p.
945 3928 1010 3967 rau.
1034 3907 1086 3985 C.,
1110 3907 1164 3968 ubi

72 3995 124 4052 sic
142 3993 204 4049 ait:
229 3989 401 4069 παρεδίδου
419 3981 474 4047 uh
494 3984 643 4068 'lyricum
658 4011 674 4048 o
691 3982 823 4066 Bu'odac
831 3989 974 4086 φρουρᾷ,
994 3985 1049 4050 καί
1061 4010 1163 4070 φρου-

74 4073 125 4155 ρᾷ
148 4070 313 4150 &putre
332 4071 390 4130 aur*
419 4072 552 4155 χαλεπῇ.
583 4067 601 4150 ἢ
632 4071 667 4132 δὲ
689 4063 725 4150 ἦν
752 4069 786 4130 ἐν
804 4091 845 4152 τῳ
872 4070 933 4131 τῶν
952 4065 1045 4151 iepaiv
1073 4069 1166 4133 Ἀιιοι

75 4151 206 4216 στόλων
225 4156 365 4248 repetisse,
395 4152 455 4212 οὐκ
485 4155 520 4214 e'v
545 4155 587 4238 trgi
611 4149 651 4232 dr}
672 4151 796 4237 μεγάλῳ
818 4170 852 4212 τε
871 4153 927 4214 καί
946 4153 1066 4236 σεμνῷ,
1097 4149 1164 4212 ἀλλ’

77 4230 163 4297 ἔνθα
190 4230 221 4295 oi
246 4255 342 4316 topos
363 4231 420 4297 soi
451 4233 594 4316 λέγωται
620 4233 679 4296 καί
711 4235 809 4310 εἰσιν,
858 4235 986 4298 uacua
1010 4256 1032 4294 a
1057 4233 1165 4295 Barda
