2975 4892
352 341 431 436 ¹150
481 338 487 349 ’
550 377 605 442 10.
637 367 717 441 uc.
745 377 893 439 ausui
927 334 1212 439 counnuraun

429 531 466 592 C.
484 553 531 592 ro.
546 527 619 674 iffi,
634 527 686 612 4.]
716 510 896 610 πρεσβείας,
937 527 1176 602 Irrterocssiondr⁸
1215 515 1427 612 ampliandam&

347 630 415 683 αναο
433 636 493 700 pro
513 637 550 676 no
569 617 615 692 is,
639 625 670 674 et
691 613 734 673 aic
754 633 876 694 quoquc
898 611 987 672 debet
1009 633 1041 694 p.
1058 609 1110 672 35.
1134 611 1177 672 A.
1197 611 1229 674 ὅ.
1253 611 1354 692 accipi.

389 695 528 778 34.13.8.
544 697 616 782 [56‚
630 693 683 780 p]
696 698 706 722 ·’
717 691 763 766 εἰς
781 689 836 756 τὸν
861 693 1107 776 Ἀμαστριανοῦ.
1146 693 1210 756 Pro
1231 694 1334 776 primia
1351 694 1427 755 dua-

1138 793 1157 829 r

347 849 404 911 bus
434 849 559 910 vocibus
589 851 734 930 scripmm
756 856 821 908 erat
843 845 875 906 in
895 845 1078 906 membranis
1105 865 1170 923 εις,
1200 844 1233 905 id
1252 855 1298 907 cst
1316 841 1356 916 εἷς
1374 843 1430 907 roi.

347 933 479 1011 Quando
508 931 686 992 coenobium
716 931 850 992 indicare
882 928 991 989 volunt
1015 930 1124 990 Graeci
1152 928 1192 989 ab
1222 927 1282 988 boc
1307 927 1351 989 vel
1371 927 1429 990 illo

347 1027 412 1077 stru
421 1027 495 1075 etum
516 1025 569 1075 aut
588 1014 839 1090 denominatum,
862 1011 1164 1074 adbibentncutrum
1176 1009 1294 1116 plurale
1312 1006 1367 1085 vd,
1389 1024 1430 1073 ut

346 1093 386 1160 sci
425 1097 676 1177 Ἀμαστριανοῦ,
711 1094 752 1160 τὰ
785 1097 941 1179 Napaei,
980 1090 1022 1156 rai
1053 1086 1221 1178 Ὀλαβριον
1253 1105 1314 1158 etc.
1348 1095 1425 1157 Vid.

251 1269 257 1278 “
347 1203 416 1264 pag·
430 1201 513 1323 (boi.
530 1181 600 1350 {3565
618 1263 682 1348 13.]
704 1259 904 1344 dpaoucoio'a'v.
945 1261 991 1321 Μ.
1011 1255 1227 1344 ἅρτοποολίων.

428 1347 470 1405 D.
481 1357 580 1428 autep.
597 1345 666 1430 [57,
680 1347 729 1430 6.]
753 1341 919 1421 δρομικῶς.
946 1343 1065 1406 Ultima
1082 1340 1199 1488 spilaba
1212 1353 1430 1426 eratpereon

346 1429 491 1512 pendium
508 1430 525 1502 ξ
545 1431 670 1512 scripta,
692 1443 726 1491 ut
739 1429 867 1490 dubium
882 1449 944 1487 esse
955 1429 1069 1508 possit,
1109 1423 1249 1506 ρομικόν,
1273 1449 1311 1488 an
1323 1426 1433 1508 δρομι-

346 1507 387 1572 κὰ
401 1513 457 1593 icgi
478 1511 597 1572 debeat.
622 1515 766 1574 Ccmzina
786 1510 836 1573 vel
848 1512 973 1589 nwdrdi,
994 1512 1048 1593 qui
1063 1531 1138 1571 voce
1148 1511 1301 1593 praecipiti
1313 1521 1342 1571 et
1350 1511 1430 1572 mui-

345 1605 412 1655 tum
434 1594 597 1656 accelerata
617 1609 812 1670 canerentur,
835 1606 980 1678 tanquam
1002 1594 1028 1654 si
1047 1605 1202 1676 comeret,
1226 1605 1263 1655 ut
1281 1605 1349 1656 aunt
1366 1595 1430 1679 by-

345 1681 410 1739 mni
431 1697 448 1737 c
469 1676 573 1738 multis
592 1679 661 1740 dact
683 1680 718 1741 iis
732 1691 914 1741 constantes.

387 1759 611 1846 35.A.2.[57‚
627 1700 681 1846 9.]
698 1755 938 1843 ἐγκααχόμενοι.
976 1761 1024 1822 Ita
1042 1781 1163 1846 quoque
1174 1759 1220 1824 Μ.
1238 1757 1352 1824 solenni
1364 1780 1431 1824 mo·

345 1865 379 1905 ra
401 1863 417 1902 ο
438 1854 467 1902 et
484 1865 510 1902 ω
529 1845 734 1924 permutandi.

429 1924 471 1985 A.
485 1925 517 1986 6.
532 1926 600 2010 [57,
620 1926 685 2069 παρ]
706 1925 811 2004 ὑμῶν.
838 1926 884 1986 Μ.
906 1918 1002 2001 ὖμᾶς.
1022 1925 1432 1990 Monstratwrvr‘eto'n‘anm

344 2011 461 2068 carinis
482 2023 615 2090 amotos,
648 2011 659 2070 i
707 2021 753 2071 est
780 2009 898 2070 coronis
923 2008 1074 2070 vincendo
1091 2009 1208 2092 partia,
1238 2019 1269 2071 et
1284 2011 1435 2075 victoriae

345 2089 453 2150 debitis
476 2110 602 2172 eamque
617 2091 881 2175 consequentibus.
907 2166 911 2172 .

427 2172 468 2232 A.
484 2171 516 2233 8.
532 2172 601 2258 [57‚
620 2173 685 2258 13.]
718 2177 900 2254 εὐλογεῖται.
942 2175 979 2234 in
996 2171 1178 2234 membranis
1194 2183 1325 2257 utroque
1344 2171 1434 2256 loco,

341 2249 393 2314 bic
413 2265 488 2336 puta
510 2267 541 2317 et
561 2279 652 2320 versu
674 2279 719 2341 9.‚
750 2269 795 2318 eat
818 2251 1009 2336 ειῗλόγειται,
1030 2267 1155 2318 accentu
1173 2258 1205 2318 in
1227 2256 1435 2342 antepenulti-

341 2353 404 2396 ma.
426 2337 525 2400 Debet
538 2340 629 2424 igitur
641 2342 712 2402 inda
725 2339 802 2402 effici
814 2335 1000 2419 εὐλόγησαν,
1015 2333 1292 2437 'bencdictionfiiiss
1310 2353 1365 2403 aut
1376 2345 1431 2403 sit.

422 2503 448 2563 B
542 2507 658 2584 5‚23.
701 2509 816 2578 αυτοῖς.
858 2507 904 2566 Μ.
926 2525 1051 2578 αντονς.

424 2585 461 2686 C}
478 2586 509 2667 4.
542 2529 595 2688 Sd,
610 2587 659 2674 5.]
681 2581 953 2671 προσκυνήσαντες
974 2581 1013 2652 οἱ.
1043 2584 1175 2649 Membr.
1196 2582 1437 2672 προσνανὴοαν·

338 2687 393 2745 ης
416 2691 595 2840 Ἠιῗςέζ,
610 2754 659 2839 6.]
681 2751 863 2830 κατέλαβον.
876 2751 972 2814 Verbi
985 2748 1238 2830 καταλαμβάνειν
1247 2752 1328 2834 apud
1336 2754 1437 2817 Grae-

339 2853 391 2895 cos
411 2855 506 2896 novos
523 2860 596 2899 usus
617 2849 663 2900 est
682 2837 940 2918 frequentissima
956 2857 1015 2918 pro
1029 2829 1201 2915 ἔρχεσθαι,
1233 2833 1412 2918 α’φικέοθαι
1424 2887 1439 2918 ,

335 2919 496 3000 pervenire
515 2922 628 3005 αἱίραο.
672 2919 802 3000 Proprie
818 2929 863 2978 est
884 2939 1027 3004 occupare
1042 2916 1144 2978 locum
1165 2917 1308 3000 aliqum.
1347 2921 1439 2981 Fre·

340 3007 470 3080 quenter
495 3003 527 3061 in
549 3014 651 3063 nostro
678 3001 788 3062 Codice
806 3003 849 3061 sic
869 3004 1016 3062 occurrit:
1045 3021 1143 3083 neque
1162 3022 1336 3081 monerem,
1371 3004 1441 3065 nisi

338 3080 495 3161 viderem,
519 3105 554 3146 ex
571 3107 607 3146 eo
674 3085 735 3144 uod
759 3083 796 3144 ad
822 3105 912 3146 usum
927 3084 1011 3145 bunc
1026 3105 1088 3144 non
1111 3085 1320 3162 attenderent,
1342 3087 1441 3149 viros

339 3164 444 3224 doctos
466 3167 499 3226 in
522 3107 746 3231 aesttcddatos
768 3166 857 3228 fuisse
880 3167 912 3227 in
935 3167 1162 3247 interpretando
1185 3167 1252 3229 loco
1279 3167 1441 3250 Diogenis

339 3249 451 3308 aaran
474 3271 507 3332 p.
523 3229 646 3326 aebeat
670 3250 719 3310 ea.
736 3249 843 3324 uon„
864 3249 920 3310 aba
941 3251 1027 3312 aaa
1054 3249 1145 3310 aaa
1162 3251 1254 3312 σοι...
1272 3254 1393 3311 venena
1419 3279 1444 3313 ..-

338 3321 655 3429 Macedonr'aA‘firgo
680 3335 740 3394 iam
763 3333 934 3396 Aristotelia
958 3343 1056 3396 aetate
1091 3326 1343 3412 καταλαμβάνειν
1371 3334 1447 3398 hoc

339 3435 428 3476 sensu
453 3437 485 3475 in
503 3439 560 3478 uau
581 3429 656 3479 erat.

423 3497 584 3583 C.6.[58‚
599 3500 647 3585 7.]
669 3492 820 3582 εῧρησαν.
860 3501 906 3562 Μ.
929 3491 1079 3584 εὕροσαν.
1119 3497 1169 3560 Sic
1197 3497 1331 3560 formant
1356 3501 1445 3564 novi

338 3579 446 3642 Graeci
461 3602 516 3663 pro
537 3572 640 3664 εὗρον.
681 3584 787 3645 Exstat
813 3574 948 3664 οῧροσαν
971 3583 1050 3665 apud
1062 3582 1205 3656 {Nicctam
1233 3581 1413 3644 Choniaten
1431 3633 1457 3662 ,.

338 3661 442 3723 isaacii
463 3662 571 3746 Angcli
599 3666 637 3724 L.
658 3667 700 3727 11.
725 3689 753 3727 c.
770 3665 800 3730 5.
824 3688 893 3750 pag.
913 3665 1049 3745 214.st
1078 3663 1126 3728 15.
1156 3665 1205 3725 ed.
1228 3665 1364 3726 venet:
1391 3663 1447 3740 ὥς

337 3741 367 3802 δ’
387 3740 501 3805 οιῑδὲνα
531 3739 666 3826 εῧροσαν
693 3745 869 3828 α’ντίμαχον
905 3745 936 3810 οἱ
954 3746 1107 3826 πολέμιοι.
1149 3746 1185 3807 Μ
1227 3747 1307 3808 esic
1374 3754 1449 3812 suit

337 3847 423 3888 more
441 3847 508 3888 suo.
552 3827 645 3889 Amat
666 3831 850 3906 cnimjhanc
870 3831 1013 3906 formam.
1054 3831 1102 3892 Ita
1131 3851 1162 3913 p.
1184 3769 1237 3908 Μ.
1258 3831 1297 3892 Ε.
1321 3831 1355 3894 5.
1377 3831 1448 3894 ha-

337 3907 390 3970 bet
411 3903 613 3990 προὴλθοσαν
633 3933 689 3992 pro
711 3913 879 3993 προῆλθον,
914 3926 946 3976 et
965 3936 997 3997 p.
1014 3913 1067 3976 81.
1098 3915 1208 3975 B..rr.
1230 3909 1451 3993 οἶκὴλθοσαν.

337 3991 440 4074 Neque
458 4013 573 4052 novum
594 3993 652 4056 boc
671 3995 791 4056 schema
808 4009 872 4074 est,
900 3999 954 4059 aed
970 3997 1226 4071 vetustissimum,
1263 3997 1453 4081 Posidippo

335 4073 459 4153 Siculo,
481 4085 587 4156 poetae
604 4078 889 4159 epigrammatum,
911 4092 1112 4163 usurpatum,
1132 4081 1184 4162 qui
1203 4079 1361 4161 Meleagro
1379 4103 1452 4144 an-

336 4158 450 4240 tiquior
467 4155 541 4233 sirit,
563 4170 594 4219 et
610 4163 694 4221 cuius
708 4163 738 4220 in
752 4161 937 4248 Anthologia
948 4163 998 4227 ed.
1017 4159 1156 4231 wachel.
1171 4185 1204 4246 p.
1218 4162 1291 4241 bid.
1307 4163 1450 4248 (steph.

335 4259 368 4324 p.
393 4238 478 4326 473.)
501 4239 575 4304 haec
599 4239 760 4326 leguntur:

202 2419 334 2490 libb-⁴8
425 2421 506 2565 Rp.
524 2421 591 2675 ρὸρ,
609 2444 659 2483 aa.
700 2420 859 2519 ἑξρίγαγεν.
899 2425 944 2483 M.
955 2419 1128 2520 Ὶα’ξργαγεν.
