2975 4892
287 297 372 410 372
520 322 591 388 ro.
604 321 684 388 nc.
716 323 865 388 1111111
894 317 1178 390 coimmunis
1245 329 1247 334 ·

178 530 185 549 ,
288 475 436 539 latercula
451 477 569 538 codices
584 475 627 537 in'
641 479 754 538 scrinio
770 477 933 538 memoriae
951 475 1097 558 depositi,
1117 476 1170 559 qui
1191 473 1372 558 dignitatum

289 573 321 621 et
339 562 633 622 administrationum
650 572 715 619 tam
739 560 876 620 civilium
899 581 991 642 quam
1009 559 1187 621 militarium
1202 571 1233 631 et
1246 561 1372 622 1111111111-

289 655 392 704 torum
410 645 553 726 principis
586 655 616 704 et
642 646 868 725 promotionum
895 654 926 702 et
953 643 1207 702 consuetudinum
1231 646 1372 704 notitiam

289 727 499 799 continebant,
522 738 558 786 ut
577 728 620 786 ait
642 725 771 786 Guther.
795 749 827 808 p.
851 724 922 804 584.
966 723 1195 786 Scrinium-hoc
1208 729 1372 786 memoriae

290 811 478 872 subdivisum
497 812 529 868 iu
555 809 613 869 alia
635 813 755 869 minora
777 822 858 885 erat,
889 829 1019 890 qnorum
1040 830 1136 869 unum
1151 809 1297 870 scrinium
1316 809 1372 870 be-

290 895 404 969 neficii,
426 896 539 973 inquo
564 892 682 952 iacebat
704 892 874 973 depositum
901 891 1081 952 laterculum
1105 913 1171 984 seu,
1180 891 1291 970 codex,
1313 912 1373 952 no·

289 979 373 1052 titia,
394 976 482 1037 indes
505 977 662 1035 nominum
693 997 819 1053 eorum,
851 977 904 1055 qui
929 974 1075 1036 beneficio
1102 975 1234 1056 quodam
1257 995 1292 1036 ex
1333 972 1374 1035 li·

239 1110 242 1118 .
288 1058 445 1120 beralitate
464 1061 607 1138 principis
622 1057 809 1126 fruebantur.
831 1056 918 1116 Talia
938 1057 1082 1118 latercula
1095 1057 1236 1118 dicebant
1251 1078 1373 1140 quoque

287 1143 396 1213 libros,
414 1145 486 1201 item
510 1144 736 1200 commentarms
762 1141 984 1224 beneficioncnt3
1006 1140 1069 1201 vid.
1092 1139 1222 1200 Gutber.
1240 1162 1271 1226 p.
1295 1161 1369 1223 ²²9·

219 1286 222 1297 ,
287 1223 494 1283 Tertullianus
524 1224 605 1304 apud
628 1223 757 1283 eundem
782 1247 812 1304 p.
836 1223 908 1304 627.
930 1226 1065 1282 matrices
1086 1223 1289 1308 benefictbmm
1308 1243 1372 1284 me-

288 1317 408 1384 morat,
428 1307 483 1366 ubi
514 1327 659 1387 reponere
691 1328 762 1365 cum
788 1306 925 1365 Guthero
955 1307 1206 1391 beneficiariorum
1230 1305 1372 1389 equidem

287 1388 394 1450 nolim.
436 1389 587 1473 Beneficia
620 1401 692 1449 sunt
717 1389 916 1473 beneficiarii,
940 1387 1033 1449 111111
1054 1385 1224 1467 α’λλὰξιμα,
1246 1403 1372 1450 1111111110-

287 1476 355 1545 1111,
384 1493 538 1554 proceres,
559 1473 669 1554 qrribus
689 1475 736 1531 ius
759 1475 902 1552 competit
931 1471 963 1530 ia
985 1475 1154 1532 mutatoriis
1177 1471 1372 1554 comparendi

287 1577 391 1615 coram
416 1558 562 1637 principe.
604 1553 677 1615 vid.
699 1564 800 1614 tamen
877 1575 912 1615 ae
940 1555 1069 1614 Casaub.
1096 1567 1127 1614 et
1145 1552 1307 1616 Salmasius
1332 1553 1373 1615 ad

287 1641 354 1699 Ser.
369 1640 409 1700 11.
431 1638 470 1697 A.
493 1639 532 1696 Τ.
548 1638 573 1697 1.
586 1657 620 1718 p.
652 1635 822 1718 17.et95.
872 1639 974 1697 abent.
1018 1636 1373 1719 inquisitionemiuridi·

288 1739 356 1782 cam
375 1725 408 1781 in
434 1741 549 1780 morem
572 1720 694 1781 militias
712 1718 861 1802 palatinas
883 1720 1032 1780 vendendi
1058 1731 1088 1780 et
1111 1721 1248 1794 emendi,
1269 1741 1373 1781 rerum

286 1801 398 1864 harum
418 1805 593 1885 imperitus,
615 1824 677 1863 non
701 1803 872 1886 aggredior,
892 1805 1093 1886 permittoque
1110 1802 1218 1864 lubens
1235 1801 1306 1880 illis,
1329 1803 1371 1866 ad

287 1909 364 1969 quos
389 1889 531 1969 pertinet.
939 1949 940 1954 ,

369 1967 410 2030 A.
423 1968 453 2030 8.
475 1970 562 2052 [389,
580 1966 642 2049 11]
665 1962 880 2047 πραγματικὸν
901 1965 1012 2030 τύπον.
1055 1969 1256 2052 Pragmatius,
1281 1967 1372 2032 idest

286 2052 413 2114 actualis
421 2053 529 2129 forma,
551 2053 735 2130 pragmatica
750 2054 864 2111 sanctio
880 2063 924 2111 cst
937 2073 990 2125 ea,
1010 2055 1091 2112 iuxta
1109 2055 1194 2113 cuius
1208 2053 1372 2114 formulam

286 2146 317 2196 et
335 2136 468 2194 edictum
489 2137 521 2193 in
539 2133 630 2192 rebus
650 2133 807 2214 gerendis,
825 2137 857 2194 in
873 2135 1132 2196 administratione
1148 2157 1250 2197 rerum
1270 2135 1379 2218 puhli-¹

285 2239 390 2278 earum
404 2227 502 2299 potest
515 2227 547 2276 et
563 2215 653 2275 debet
661 2213 871 2295 πράττεσθαι,
891 2219 939 2299 agi
956 2230 986 2278 et
1000 2219 1123 2300 procedi
1137 2240 1147 2297 3
1162 2219 1225 2280 vid.
1244 2219 1373 2281 Salmas.

282 2301 326 2360 ad
345 2301 377 2359 S.
398 2301 439 2360 ll.
454 2299 494 2360 A.
509 2300 548 2359 T.
573 2299 615 2357 ll.
636 2299 734 2379 p.85.
751 2310 781 2358 et
807 2302 857 2359 Du
879 2302 981 2382 Cange
1002 2301 1101 2362 Gloss.
1126 2313 1268 2384 utruque.
1310 2300 1372 2362 La-

280 2384 342 2444 tini
361 2385 609 2465 quoquesacnmr
627 2381 799 2464 appellant,
817 2395 853 2442 ut
867 2382 1030 2444 Salmasius
1049 2383 1071 2444 l.
1092 2406 1119 2444 c.
1141 2385 1265 2462 docuit3
1287 2385 1371 2466 quod

286 2467 443 2528 confirmat
461 2465 662 2547 Theophanes
688 2487 719 2547 p.
750 2485 818 2524 122.
841 2466 881 2525 A.
904 2466 959 2540 6.,
981 2466 1035 2527 ubi
1065 2463 1177 2546 πρᾶξις
1194 2463 1371 2548 ἔγγραφος,

178 2591 183 2602 ·
219 2560 222 2565 ’
272 2554 398 2632 saraam
425 2551 530 2610 litteras
551 2549 777 2628 consignatum,
806 2560 850 2608 est
869 2549 959 2608 iussio
981 2551 1063 2630 regia
1080 2552 1202 2631 scripta.
1222 2551 1371 2632 Pragma-

283 2637 347 2695 tica
371 2632 518 2709 historia,
541 2631 639 2712 qualis
661 2633 691 2691 in
712 2631 881 2712 exemplum
897 2630 968 2693 libri
994 2631 1116 2716 Polybii
1141 2637 1226 2694 citari
1250 2634 1368 2710 solent,

284 2721 359 2778 item
391 2715 580 2796 philosophia
609 2719 791 2796 pragmatica
818 2714 879 2774 huc
903 2735 966 2774 non
994 2725 1157 2796 pertrnent,
1179 2716 1268 2797 longe
1292 2716 1370 2778 alte-

285 2803 351 2860 rius
367 2800 484 2880 generis
496 2819 554 2858 res.
596 2801 708 2879 Aptius
721 2798 782 2856 huc
798 2797 933 2857 refertur*
940 2797 1075 2857 Suetonii
1086 2798 1220 2860 formalis
1231 2799 1369 2879 epistola,

285 2875 414 2962 111111κῆ,
435 2880 545 2958 τύπος,
555 2883 678 2958 forma,
704 2883 860 2940 continens
875 2901 1013 2951 normam
1030 2880 1227 2962 agendorum,
1237 2881 1371 2944 Domiti·

287 2965 339 3023 ani
358 2984 387 3022 c.
405 2963 496 3022 Xlll.
507 2986 516 3022 ε
527 2965 602 3046 pari
610 2965 785 3044 arrogantia
800 2985 865 3024 crau
879 2977 1105 3046 procla-aterum
1115 2987 1232 3026 suonam
1249 2969 1371 3028 1101111111

284 3048 448 3115 fermalem
459 3044 584 3105 dictaret
596 3048 760 3128 epistolam,
781 3051 824 3104 sic
847 3050 959 3130 coepe.-
977 3047 1160 3107 domasset
1177 3049 1248 3108 deus
1271 3063 1371 3110 noster

287 3132 330 3188 sic
340 3129 423 3211 fieri
438 3128 524 3187 1111111.
567 3127 750 3207 Simpliciter
767 3149 889 3210 quoque
903 3143 1005 3214 typum
1021 3140 1051 3190 et
1061 3132 1203 3209 sormam
1215 3130 1370 3193 dicebant.

285 3212 358 3274 vid.
378 3213 431 3272 Du
445 3212 508 3270 Can
529 3210 592 3269 ein
610 3209 658 3270 his
676 3211 802 3272 vocibus
820 3223 851 3272 et
865 3211 1012 3272 Altescrr.
1029 3214 1068 3273 ad
1085 3212 1224 3274 Anastas.
1254 3235 1284 3294 p.
1310 3215 1365 3276 65.

326 3286 330 3294 ⁴
371 3295 415 3356 A.
442 3231 597 3376 111389,
626 3292 688 3376 15.]
720 3294 840 3369 arbore.
885 3295 930 3354 Ut
962 3293 1194 3372 στρατεύεσθαι
1215 3318 1276 3356 non
1298 3307 1370 3358 tau·

287 3391 355 3440 tum
376 3379 417 3440 de
437 3378 596 3449 castrensi,
618 3375 670 3436 sed
702 3377 793 3436 etiam
813 3376 943 3456 palatina
966 3378 1075 3438 militia
1100 3377 1228 3456 dicitur,
1251 3382 1292 3440 ita
1310 3383 1370 3442 tiro

268 3474 333 3524 .est
356 3483 419 3522 non
447 3460 499 3522 ille
523 3469 653 3532 tantum,
674 3461 727 3541 qui
751 3460 922 3520 rudimenta
945 3463 1032 3542 ponit
1061 3480 1215 3520 armorum
1235 3471 1371 3523 tractan-

287 3545 397 3604 dorum
430 3555 459 3604 et
485 3541 647 3624 aliquando
675 3564 866 3603 successurus
896 3547 989 3604 estin
1012 3543 1112 3604 locum
1128 3543 1232 3606 militis
1255 3549 1371 3627 stipen-

288 3626 346 3685 diis
366 3627 508 3701 inuentis,
536 3636 589 3684 aut
607 3626 731 3706 praedia
752 3626 893 3686 militaria
908 3626 1105 3708 possidentis,
1126 3627 1178 3686 sed
1195 3629 1285 3688 etiam
1302 3627 1370 3707 ille,

289 3711 342 3789 qui
373 3706 462 3768 alicui
485 3728 609 3768 munere
632 3709 713 3768 civili
736 3719 767 3768 et
790 3708 889 3769 aulico
919 3711 1056 3791 firngenti
1087 3708 1279 3793 adiungitur,
1309 3711 1371 3793 ipsi

287 3811 342 3871 per
364 3789 427 3850 fata
444 3792 598 3852 decedenti
617 3791 780 3873 aliquando
802 3795 833 3852 in
856 3795 919 3853 eius
941 3805 971 3853 et
996 3813 1105 3852 munus
1129 3804 1160 3853 et
1181 3815 1370 3876 mgamsuo-

287 3892 439 3933 cessurus.
481 3874 649 3956 Utriusque
669 3877 785 3956 generis
808 3877 888 3936 enim
913 3878 1026 3937 tirones
1055 3876 1203 3956 stipendia
1218 3899 1279 3937 non
1297 3899 1370 3958 per-

287 3955 439 4036 cipiebant
455 3958 555 4037 quoad
572 3962 686 4017 tirones
713 3969 821 4018 essent.
862 3959 904 4019 Et
922 3970 956 4020 ut
969 3962 1029 4020 tiro
1051 3961 1188 4020 militaris
1204 3962 1270 4020 vioe
1287 3960 1371 4020 mili-

286 4037 345 4111 tis,
376 4041 424 4098 cui
454 4039 633 4101 substitutus
666 4051 760 4114 esset,
797 4043 827 4102 in
855 4052 953 4102 castra
980 4045 1108 4124 ‘pergere
1134 4043 1283 4121 debebat,
1302 4045 1369 4127 ipso

280 4121 384 4181 milite
407 4132 461 4182 aut
483 4123 619 4195 nolente,
641 4135 695 4183 aut
718 4144 781 4184 non
807 4123 928 4184 valente
955 4126 1133 4207 expeditioni
1168 4126 1291 4186 adesse:
1325 4129 1369 4188 sic

282 4208 346 4266 tiro
363 4205 514 4289 palatinus
534 4207 638 4267 munia
658 4208 705 4267 sui
722 4209 870 4290 senioris,
891 4206 960 4270 loco
981 4210 1073 4292 ipsius
1084 4253 1094 4290 ,
1116 4209 1201 4271 obire
1223 4209 1368 4272 debebat.
