<?xml version="1.0" encoding="UTF-8"?>
<!DOCTYPE html PUBLIC "-//W3C//DTD XHTML 1.0 Transitional//EN"
    "http://www.w3.org/TR/xhtml1/DTD/xhtml1-transitional.dtd">
<html xmlns="http://www.w3.org/1999/xhtml" xml:lang="en" lang="en">
 <head>
  <title>
</title>
<meta http-equiv="Content-Type" content="text/html;charset=utf-8" />
  <meta name='ocr-system' content='tesseract 3.04.00' />
  <meta name='ocr-capabilities' content='ocr_page ocr_carea ocr_par ocr_line ocrx_word'/>
</head>
<body>
  <div class='ocr_page' id='page_1' title='image "./corpusscriptoru45theogoog/corpusscriptoru45theogoog_0386.png"; bbox 0 0 2975 4892; ppageno 0'>
   <div class='ocr_carea' id='block_1_1' title="bbox 171 282 1229 425">
    <p class='ocr_par' dir='ltr' id='par_1_1' title="bbox 171 282 1229 425">
     <span class='ocr_line' id='line_1_1' title="bbox 171 282 1229 425; baseline -0.003 -28"><span class='ocrx_word' id='word_1_1' title='bbox 171 282 177 299; x_wconf 46' lang='grc'><em>“</em></span> <span class='ocrx_word' id='word_1_2' title='bbox 205 332 265 397; x_wconf 80' lang='grc' dir='ltr'><strong>ιο</strong></span> <span class='ocrx_word' id='word_1_3' title='bbox 294 329 523 401; x_wconf 79' lang='lat' dir='ltr'><strong>cousruu.</strong></span> <span class='ocrx_word' id='word_1_4' title='bbox 549 334 697 409; x_wconf 80' lang='lat' dir='ltr'><strong>roura.</strong></span> <span class='ocrx_word' id='word_1_5' title='bbox 726 332 1104 402; x_wconf 64' lang='lat' dir='ltr'><strong>oneraremur.</strong></span> <span class='ocrx_word' id='word_1_6' title='bbox 1141 309 1229 425; x_wconf 82' lang='lat'><strong>379</strong></span> 
     </span>
    </p>
   </div>
   <div class='ocr_carea' id='block_1_2' title="bbox 144 483 1245 4229">
    <p class='ocr_par' dir='ltr' id='par_1_2' title="bbox 144 483 1245 4229">
     <span class='ocr_line' id='line_1_2' title="bbox 147 483 1233 570; baseline 0.008 -25"><span class='ocrx_word' id='word_1_7' title='bbox 147 483 293 547; x_wconf 65' lang='lat' dir='ltr'><strong>dcuntm</strong></span> <span class='ocrx_word' id='word_1_8' title='bbox 302 496 483 569; x_wconf 83' lang='lat' dir='ltr'><strong>praesentes,</strong></span> <span class='ocrx_word' id='word_1_9' title='bbox 503 485 716 569; x_wconf 84' lang='lat' dir='ltr'><strong>praesentales,</strong></span> <span class='ocrx_word' id='word_1_10' title='bbox 727 490 760 549; x_wconf 91' lang='lat' dir='ltr'><strong>in</strong></span> <span class='ocrx_word' id='word_1_11' title='bbox 777 490 926 570; x_wconf 80' lang='lat' dir='ltr'>praesenti</span> <span class='ocrx_word' id='word_1_12' title='bbox 937 509 1010 551; x_wconf 86' lang='lat' dir='ltr'><strong>esse.</strong></span> <span class='ocrx_word' id='word_1_13' title='bbox 1017 489 1091 551; x_wconf 67' lang='lat' dir='ltr'><strong>tud.</strong></span> <span class='ocrx_word' id='word_1_14' title='bbox 1102 490 1233 554; x_wconf 85' lang='lat' dir='ltr'><strong>Gntber.</strong></span> 
     </span>
     <span class='ocr_line' id='line_1_3' title="bbox 149 566 1231 713; baseline 0.008 -86"><span class='ocrx_word' id='word_1_15' title='bbox 149 566 185 651; x_wconf 57' lang='lat' dir='ltr'><strong>pss</strong></span> <span class='ocrx_word' id='word_1_16' title='bbox 192 569 267 713; x_wconf 57' lang='lat' dir='ltr'><strong>big.</strong></span> <span class='ocrx_word' id='word_1_17' title='bbox 278 570 379 631; x_wconf 72' lang='lat' dir='ltr'><strong>Valeo.</strong></span> <span class='ocrx_word' id='word_1_18' title='bbox 392 570 430 630; x_wconf 88' lang='lat' dir='ltr'><strong>ad</strong></span> <span class='ocrx_word' id='word_1_19' title='bbox 444 569 700 669; x_wconf 37' lang='lat' dir='ltr'><strong>Ammqltlar&#39;cp.</strong></span> <span class='ocrx_word' id='word_1_20' title='bbox 710 571 740 632; x_wconf 88' lang='lat'><strong>8.</strong></span> <span class='ocrx_word' id='word_1_21' title='bbox 752 582 783 662; x_wconf 85' lang='lat' dir='ltr'><strong>et</strong></span> <span class='ocrx_word' id='word_1_22' title='bbox 795 571 846 632; x_wconf 83' lang='lat'><strong>52.</strong></span> <span class='ocrx_word' id='word_1_23' title='bbox 859 573 913 671; x_wconf 77' lang='lat' dir='ltr'><strong>Du</strong></span> <span class='ocrx_word' id='word_1_24' title='bbox 924 573 1025 654; x_wconf 81' lang='lat' dir='ltr'><strong>Cengc</strong></span> <span class='ocrx_word' id='word_1_25' title='bbox 1034 574 1231 673; x_wconf 40' lang='lat' dir='ltr'><strong>etruscern.</strong></span> 
     </span>
     <span class='ocr_line' id='line_1_4' title="bbox 149 650 1231 818; baseline 0.002 -23"><span class='ocrx_word' id='word_1_26' title='bbox 149 731 214 816; x_wconf 76' lang='lat' dir='ltr'><strong>m,</strong></span> <span class='ocrx_word' id='word_1_27' title='bbox 234 650 834 818; x_wconf 56' lang='lat' dir='ltr'><strong>,ittittilt‘it&#39;t‚ttalt⁰⁸m</strong></span> <span class='ocrx_word' id='word_1_28' title='bbox 861 654 895 715; x_wconf 80' lang='lat'><strong>¹¹¹</strong></span> <span class='ocrx_word' id='word_1_29' title='bbox 927 657 1126 740; x_wconf 63' lang='lat' dir='ltr'><strong>namara</strong></span> <span class='ocrx_word' id='word_1_30' title='bbox 1146 669 1231 738; x_wconf 52' lang='grc' dir='ltr'><strong>ω’</strong></span> 
     </span>
     <span class='ocr_line' id='line_1_5' title="bbox 233 816 1234 903; baseline 0.007 -25"><span class='ocrx_word' id='word_1_31' title='bbox 233 820 270 878; x_wconf 88' lang='lat' dir='ltr'><strong>C.</strong></span> <span class='ocrx_word' id='word_1_32' title='bbox 287 818 319 879; x_wconf 88' lang='lat'><strong>8.</strong></span> <span class='ocrx_word' id='word_1_33' title='bbox 343 816 432 903; x_wconf 81' lang='lat'><strong>[392‚</strong></span> <span class='ocrx_word' id='word_1_34' title='bbox 452 818 516 903; x_wconf 79' lang='lat' dir='ltr'><strong>rm]</strong></span> <span class='ocrx_word' id='word_1_35' title='bbox 536 822 676 899; x_wconf 80' lang='grc' dir='ltr'><strong><em>πληροῖα.</em></strong></span> <span class='ocrx_word' id='word_1_36' title='bbox 727 820 812 881; x_wconf 80' lang='lat' dir='ltr'><strong>Sitne</strong></span> <span class='ocrx_word' id='word_1_37' title='bbox 847 820 898 881; x_wconf 86' lang='lat' dir='ltr'><strong>bie</strong></span> <span class='ocrx_word' id='word_1_38' title='bbox 923 840 1010 882; x_wconf 87' lang='lat' dir='ltr'><strong>error</strong></span> <span class='ocrx_word' id='word_1_39' title='bbox 1032 819 1163 901; x_wconf 87' lang='lat' dir='ltr'><strong>calami,</strong></span> <span class='ocrx_word' id='word_1_40' title='bbox 1193 840 1234 885; x_wconf 86' lang='lat' dir='ltr'><strong>sn</strong></span> 
     </span>
     <span class='ocr_line' id='line_1_6' title="bbox 150 900 1234 966; baseline 0.005 -5"><span class='ocrx_word' id='word_1_41' title='bbox 150 918 250 961; x_wconf 89' lang='lat' dir='ltr'><strong>novae</strong></span> <span class='ocrx_word' id='word_1_42' title='bbox 270 902 413 963; x_wconf 76' lang='lat' dir='ltr'><strong>Graecirm</strong></span> <span class='ocrx_word' id='word_1_43' title='bbox 432 922 498 962; x_wconf 87' lang='lat' dir='ltr'><strong>mos</strong></span> <span class='ocrx_word' id='word_1_44' title='bbox 517 900 609 963; x_wconf 86' lang='lat' dir='ltr'><strong>verba</strong></span> <span class='ocrx_word' id='word_1_45' title='bbox 640 904 672 961; x_wconf 91' lang='lat' dir='ltr'><strong>in</strong></span> <span class='ocrx_word' id='word_1_46' title='bbox 691 922 734 963; x_wconf 82' lang='grc' dir='ltr'><strong>σα</strong></span> <span class='ocrx_word' id='word_1_47' title='bbox 755 904 921 965; x_wconf 76' lang='lat' dir='ltr'><strong>desinentia</strong></span> <span class='ocrx_word' id='word_1_48' title='bbox 937 906 971 964; x_wconf 93' lang='lat' dir='ltr'><strong>in</strong></span> <span class='ocrx_word' id='word_1_49' title='bbox 989 906 1140 965; x_wconf 80' lang='lat' dir='ltr'><strong>infinitivo</strong></span> <span class='ocrx_word' id='word_1_50' title='bbox 1160 925 1234 966; x_wconf 89' lang='lat' dir='ltr'><strong>con-</strong></span> 
     </span>
     <span class='ocr_line' id='line_1_7' title="bbox 150 983 1235 1071; baseline 0.006 -30"><span class='ocrx_word' id='word_1_51' title='bbox 150 983 292 1045; x_wconf 86' lang='lat' dir='ltr'><strong>trahendi</strong></span> <span class='ocrx_word' id='word_1_52' title='bbox 312 986 344 1045; x_wconf 91' lang='lat' dir='ltr'><strong>in</strong></span> <span class='ocrx_word' id='word_1_53' title='bbox 366 990 430 1060; x_wconf 79' lang='grc' dir='ltr'><strong>οἶν,</strong></span> <span class='ocrx_word' id='word_1_54' title='bbox 456 984 511 1046; x_wconf 89' lang='lat' dir='ltr'><strong>ubi</strong></span> <span class='ocrx_word' id='word_1_55' title='bbox 542 984 593 1045; x_wconf 88' lang='lat' dir='ltr'><strong>alii</strong></span> <span class='ocrx_word' id='word_1_56' title='bbox 614 985 644 1045; x_wconf 90' lang='lat' dir='ltr'><strong>in</strong></span> <span class='ocrx_word' id='word_1_57' title='bbox 667 985 726 1046; x_wconf 80' lang='grc' dir='ltr'><strong>οὖν</strong></span> <span class='ocrx_word' id='word_1_58' title='bbox 745 987 862 1064; x_wconf 85' lang='lat' dir='ltr'><strong>solent,</strong></span> <span class='ocrx_word' id='word_1_59' title='bbox 884 1008 946 1049; x_wconf 92' lang='lat' dir='ltr'><strong>non</strong></span> <span class='ocrx_word' id='word_1_60' title='bbox 965 989 1047 1053; x_wconf 84' lang='lat' dir='ltr'><strong>novi.</strong></span> <span class='ocrx_word' id='word_1_61' title='bbox 1067 987 1145 1048; x_wconf 86' lang='lat' dir='ltr'><strong>Mihi</strong></span> <span class='ocrx_word' id='word_1_62' title='bbox 1166 992 1235 1071; x_wconf 88' lang='lat' dir='ltr'><strong>qm-</strong></span> 
     </span>
     <span class='ocr_line' id='line_1_8' title="bbox 150 1064 1235 1149; baseline 0.005 -22"><span class='ocrx_word' id='word_1_63' title='bbox 150 1064 222 1127; x_wconf 90' lang='lat' dir='ltr'><strong>dem</strong></span> <span class='ocrx_word' id='word_1_64' title='bbox 243 1067 411 1149; x_wconf 82' lang='lat' dir='ltr'><strong>exemplum</strong></span> <span class='ocrx_word' id='word_1_65' title='bbox 439 1067 508 1130; x_wconf 86' lang='lat' dir='ltr'><strong>talis</strong></span> <span class='ocrx_word' id='word_1_66' title='bbox 540 1070 754 1131; x_wconf 86' lang='lat' dir='ltr'><strong>contractionis</strong></span> <span class='ocrx_word' id='word_1_67' title='bbox 781 1070 864 1131; x_wconf 92' lang='lat' dir='ltr'><strong>aliud</strong></span> <span class='ocrx_word' id='word_1_68' title='bbox 884 1093 946 1131; x_wconf 91' lang='lat' dir='ltr'><strong>non</strong></span> <span class='ocrx_word' id='word_1_69' title='bbox 975 1072 1119 1131; x_wconf 86' lang='lat' dir='ltr'><strong>oecurrit.</strong></span> <span class='ocrx_word' id='word_1_70' title='bbox 1160 1073 1235 1132; x_wconf 82' lang='lat' dir='ltr'><strong>Sae-</strong></span> 
     </span>
     <span class='ocr_line' id='line_1_9' title="bbox 150 1149 1228 1233; baseline 0.005 -24"><span class='ocrx_word' id='word_1_71' title='bbox 150 1149 272 1229; x_wconf 79' lang='lat' dir='ltr'>pissime</span> <span class='ocrx_word' id='word_1_72' title='bbox 333 1172 413 1233; x_wconf 90' lang='lat' dir='ltr'><strong>oque</strong></span> <span class='ocrx_word' id='word_1_73' title='bbox 436 1150 575 1213; x_wconf 89' lang='lat' dir='ltr'><strong>librarius</strong></span> <span class='ocrx_word' id='word_1_74' title='bbox 594 1150 816 1224; x_wconf 65' lang='lat' dir='ltr'><strong>canaescet&lt;</strong></span> <span class='ocrx_word' id='word_1_75' title='bbox 834 1174 897 1217; x_wconf 76' lang='lat' dir='ltr'><strong>ec.</strong></span> <span class='ocrx_word' id='word_1_76' title='bbox 920 1153 1003 1214; x_wconf 85' lang='lat' dir='ltr'><strong>dedit</strong></span> <span class='ocrx_word' id='word_1_77' title='bbox 1022 1174 1079 1233; x_wconf 89' lang='lat' dir='ltr'><strong>pro</strong></span> <span class='ocrx_word' id='word_1_78' title='bbox 1100 1149 1228 1229; x_wconf 69' lang='lat' dir='ltr'><strong>adroic,</strong></span> 
     </span>
     <span class='ocr_line' id='line_1_10' title="bbox 152 1172 1234 1317; baseline 0.006 -25"><span class='ocrx_word' id='word_1_79' title='bbox 152 1240 185 1291; x_wconf 85' lang='lat' dir='ltr'><strong>et</strong></span> <span class='ocrx_word' id='word_1_80' title='bbox 204 1232 262 1293; x_wconf 87' lang='lat' dir='ltr'><strong>alia</strong></span> <span class='ocrx_word' id='word_1_81' title='bbox 281 1172 428 1317; x_wconf 59' lang='lat' dir='ltr'><strong>ilugenus</strong></span> <span class='ocrx_word' id='word_1_82' title='bbox 449 1236 584 1316; x_wconf 74' lang='grc' dir='ltr'><strong><em>ροοοανίι</em></strong></span> <span class='ocrx_word' id='word_1_83' title='bbox 598 1254 628 1293; x_wconf 91' lang='grc' dir='ltr'><strong>οι</strong></span> <span class='ocrx_word' id='word_1_84' title='bbox 648 1256 704 1316; x_wconf 89' lang='lat' dir='ltr'><strong>pro</strong></span> <span class='ocrx_word' id='word_1_85' title='bbox 724 1254 762 1295; x_wconf 88' lang='grc' dir='ltr'><strong>σο</strong></span> <span class='ocrx_word' id='word_1_86' title='bbox 781 1238 943 1299; x_wconf 83' lang='lat' dir='ltr'><strong>exarando.</strong></span> <span class='ocrx_word' id='word_1_87' title='bbox 991 1237 1037 1298; x_wconf 90' lang='lat' dir='ltr'><strong>Ut</strong></span> <span class='ocrx_word' id='word_1_88' title='bbox 1058 1236 1234 1298; x_wconf 83' lang='lat' dir='ltr'><strong>facillimum</strong></span> 
     </span>
     <span class='ocr_line' id='line_1_11' title="bbox 154 1318 1236 1403; baseline 0.007 -30"><span class='ocrx_word' id='word_1_89' title='bbox 154 1326 250 1395; x_wconf 84' lang='lat' dir='ltr'><strong>esset,</strong></span> <span class='ocrx_word' id='word_1_90' title='bbox 282 1328 337 1377; x_wconf 88' lang='lat' dir='ltr'><strong>ant</strong></span> <span class='ocrx_word' id='word_1_91' title='bbox 364 1338 461 1399; x_wconf 88' lang='lat' dir='ltr'><strong>paene</strong></span> <span class='ocrx_word' id='word_1_92' title='bbox 488 1319 689 1379; x_wconf 85' lang='lat' dir='ltr'><strong>necessarium</strong></span> <span class='ocrx_word' id='word_1_93' title='bbox 716 1318 889 1397; x_wconf 85' lang='lat' dir='ltr'><strong>videretur,</strong></span> <span class='ocrx_word' id='word_1_94' title='bbox 919 1320 1060 1400; x_wconf 74' lang='grc' dir='ltr'><strong><em>πληροῦν</em></strong></span> <span class='ocrx_word' id='word_1_95' title='bbox 1079 1340 1236 1403; x_wconf 81' lang='lat' dir='ltr'><strong>reponere.</strong></span> 
     </span>
     <span class='ocr_line' id='line_1_12' title="bbox 155 1396 1234 1483; baseline 0.007 -27"><span class='ocrx_word' id='word_1_96' title='bbox 155 1396 264 1459; x_wconf 87' lang='lat' dir='ltr'><strong>Tutius</strong></span> <span class='ocrx_word' id='word_1_97' title='bbox 283 1410 385 1459; x_wconf 87' lang='lat' dir='ltr'><strong>tamen</strong></span> <span class='ocrx_word' id='word_1_98' title='bbox 421 1402 587 1461; x_wconf 82' lang='lat' dir='ltr'><strong>existimavi</strong></span> <span class='ocrx_word' id='word_1_99' title='bbox 606 1400 753 1477; x_wconf 89' lang='lat' dir='ltr'><strong>reddere,</strong></span> <span class='ocrx_word' id='word_1_100' title='bbox 773 1403 856 1483; x_wconf 89' lang='lat' dir='ltr'><strong>quod</strong></span> <span class='ocrx_word' id='word_1_101' title='bbox 875 1407 908 1465; x_wconf 87' lang='lat' dir='ltr'><strong>in</strong></span> <span class='ocrx_word' id='word_1_102' title='bbox 928 1402 1110 1463; x_wconf 80' lang='lat' dir='ltr'><strong>membranis</strong></span> <span class='ocrx_word' id='word_1_103' title='bbox 1132 1405 1234 1481; x_wconf 84' lang='lat' dir='ltr'><strong>iacet,</strong></span> 
     </span>
     <span class='ocr_line' id='line_1_13' title="bbox 152 1476 1235 1566; baseline 0.006 -26"><span class='ocrx_word' id='word_1_104' title='bbox 152 1476 230 1541; x_wconf 78' lang='lat' dir='ltr'><strong>bede</strong></span> <span class='ocrx_word' id='word_1_105' title='bbox 249 1502 360 1565; x_wconf 76' lang='lat' dir='ltr'><strong>grimm</strong></span> <span class='ocrx_word' id='word_1_106' title='bbox 379 1494 495 1545; x_wconf 85' lang='lat' dir='ltr'><strong>veteres</strong></span> <span class='ocrx_word' id='word_1_107' title='bbox 506 1485 602 1543; x_wconf 91' lang='lat' dir='ltr'><strong>Dores</strong></span> <span class='ocrx_word' id='word_1_108' title='bbox 616 1494 647 1544; x_wconf 91' lang='lat' dir='ltr'><strong>et</strong></span> <span class='ocrx_word' id='word_1_109' title='bbox 667 1482 776 1545; x_wconf 84' lang='lat' dir='ltr'><strong>Aeules</strong></span> <span class='ocrx_word' id='word_1_110' title='bbox 795 1504 851 1566; x_wconf 88' lang='lat' dir='ltr'><strong>pro</strong></span> <span class='ocrx_word' id='word_1_111' title='bbox 871 1505 909 1547; x_wconf 85' lang='grc' dir='ltr'><strong>ου</strong></span> <span class='ocrx_word' id='word_1_112' title='bbox 930 1506 1018 1566; x_wconf 81' lang='lat' dir='ltr'><strong>saepe</strong></span> <span class='ocrx_word' id='word_1_113' title='bbox 1037 1504 1067 1544; x_wconf 88' lang='grc' dir='ltr'><strong>οι</strong></span> <span class='ocrx_word' id='word_1_114' title='bbox 1087 1484 1235 1563; x_wconf 83' lang='lat' dir='ltr'><strong>extulisse,</strong></span> 
     </span>
     <span class='ocr_line' id='line_1_14' title="bbox 150 1566 1235 1651; baseline 0.006 -27"><span class='ocrx_word' id='word_1_115' title='bbox 150 1584 284 1647; x_wconf 89' lang='lat' dir='ltr'><strong>quorum</strong></span> <span class='ocrx_word' id='word_1_116' title='bbox 305 1566 423 1630; x_wconf 84' lang='lat' dir='ltr'><strong>dialecti</strong></span> <span class='ocrx_word' id='word_1_117' title='bbox 457 1566 600 1648; x_wconf 82' lang='lat' dir='ltr'><strong>reliquias</strong></span> <span class='ocrx_word' id='word_1_118' title='bbox 620 1587 684 1627; x_wconf 86' lang='lat' dir='ltr'><strong>esse</strong></span> <span class='ocrx_word' id='word_1_119' title='bbox 701 1588 763 1627; x_wconf 91' lang='lat' dir='ltr'><strong>non</strong></span> <span class='ocrx_word' id='word_1_120' title='bbox 784 1588 871 1649; x_wconf 83' lang='lat' dir='ltr'><strong>posse</strong></span> <span class='ocrx_word' id='word_1_121' title='bbox 889 1570 1019 1647; x_wconf 78' lang='grc' dir='ltr'><strong><em>πληρσῑι</em></strong></span> <span class='ocrx_word' id='word_1_122' title='bbox 1039 1571 1106 1651; x_wconf 91' lang='lat' dir='ltr'><strong>quis</strong></span> <span class='ocrx_word' id='word_1_123' title='bbox 1124 1571 1235 1630; x_wconf 81' lang='lat' dir='ltr'><strong>audeat</strong></span> 
     </span>
     <span class='ocr_line' id='line_1_15' title="bbox 151 1646 1236 1734; baseline 0.005 -28"><span class='ocrx_word' id='word_1_124' title='bbox 151 1648 355 1711; x_wconf 74' lang='lat' dir='ltr'><strong>contendere?</strong></span> <span class='ocrx_word' id='word_1_125' title='bbox 404 1648 530 1711; x_wconf 87' lang='lat' dir='ltr'><strong>Pindari</strong></span> <span class='ocrx_word' id='word_1_126' title='bbox 550 1670 620 1710; x_wconf 91' lang='lat' dir='ltr'><strong>cum</strong></span> <span class='ocrx_word' id='word_1_127' title='bbox 643 1660 689 1711; x_wconf 85' lang='lat' dir='ltr'><strong>est</strong></span> <span class='ocrx_word' id='word_1_128' title='bbox 707 1646 792 1711; x_wconf 78' lang='grc' dir='ltr'><strong><em>δι’δοι</em></strong></span> <span class='ocrx_word' id='word_1_129' title='bbox 812 1672 868 1732; x_wconf 91' lang='lat' dir='ltr'><strong>pro</strong></span> <span class='ocrx_word' id='word_1_130' title='bbox 888 1649 978 1710; x_wconf 69' lang='lat' dir='ltr'><strong>taum</strong></span> <span class='ocrx_word' id='word_1_131' title='bbox 997 1694 1006 1727; x_wconf 91' lang='lat'><strong>,</strong></span> <span class='ocrx_word' id='word_1_132' title='bbox 1027 1650 1133 1731; x_wconf 90' lang='lat' dir='ltr'><strong>quidni</strong></span> <span class='ocrx_word' id='word_1_133' title='bbox 1153 1655 1236 1734; x_wconf 90' lang='lat' dir='ltr'><strong>pari·</strong></span> 
     </span>
     <span class='ocr_line' id='line_1_16' title="bbox 152 1729 1235 1814; baseline 0.004 -24"><span class='ocrx_word' id='word_1_134' title='bbox 152 1740 200 1790; x_wconf 84' lang='lat' dir='ltr'><strong>ter</strong></span> <span class='ocrx_word' id='word_1_135' title='bbox 219 1729 320 1792; x_wconf 72' lang='grc' dir='ltr'><strong><em>διδοῖι</em></strong></span> <span class='ocrx_word' id='word_1_136' title='bbox 334 1752 391 1814; x_wconf 91' lang='lat' dir='ltr'><strong>pro</strong></span> <span class='ocrx_word' id='word_1_137' title='bbox 415 1730 524 1794; x_wconf 81' lang='grc' dir='ltr'><strong><em>διδσῦν</em></strong></span> <span class='ocrx_word' id='word_1_138' title='bbox 538 1732 691 1794; x_wconf 76' lang='lat' dir='ltr'><strong>dixerint?</strong></span> <span class='ocrx_word' id='word_1_139' title='bbox 733 1732 849 1811; x_wconf 90' lang='lat' dir='ltr'><strong>Quidni</strong></span> <span class='ocrx_word' id='word_1_140' title='bbox 867 1734 906 1795; x_wconf 89' lang='lat' dir='ltr'><strong>ad</strong></span> <span class='ocrx_word' id='word_1_141' title='bbox 927 1733 1009 1792; x_wconf 88' lang='lat' dir='ltr'><strong>hunc</strong></span> <span class='ocrx_word' id='word_1_142' title='bbox 1028 1754 1149 1813; x_wconf 87' lang='lat' dir='ltr'><strong>qunque</strong></span> <span class='ocrx_word' id='word_1_143' title='bbox 1168 1756 1235 1794; x_wconf 89' lang='lat' dir='ltr'><strong>mn-</strong></span> 
     </span>
     <span class='ocr_line' id='line_1_17' title="bbox 153 1812 1233 1898; baseline 0.002 -25"><span class='ocrx_word' id='word_1_144' title='bbox 153 1812 228 1875; x_wconf 89' lang='lat' dir='ltr'><strong>dum</strong></span> <span class='ocrx_word' id='word_1_145' title='bbox 256 1814 388 1876; x_wconf 87' lang='lat' dir='ltr'><strong>voluerit</strong></span> <span class='ocrx_word' id='word_1_146' title='bbox 414 1812 554 1876; x_wconf 83' lang='lat' dir='ltr'><strong>librarius</strong></span> <span class='ocrx_word' id='word_1_147' title='bbox 574 1836 604 1897; x_wconf 83' lang='lat' dir='ltr'><strong>p.</strong></span> <span class='ocrx_word' id='word_1_148' title='bbox 627 1816 700 1876; x_wconf 79' lang='lat'><strong>231.</strong></span> <span class='ocrx_word' id='word_1_149' title='bbox 730 1818 925 1898; x_wconf 81' lang='lat' dir='ltr'><strong>inscriptione</strong></span> <span class='ocrx_word' id='word_1_150' title='bbox 938 1836 1014 1896; x_wconf 63' lang='lat' dir='ltr'><strong>cap„</strong></span> <span class='ocrx_word' id='word_1_151' title='bbox 1030 1816 1233 1878; x_wconf 83' lang='lat' dir='ltr'><strong>LXXXVlll.</strong></span> 
     </span>
     <span class='ocr_line' id='line_1_18' title="bbox 154 1895 1236 1981; baseline 0.003 -25"><span class='ocrx_word' id='word_1_152' title='bbox 154 1918 243 1959; x_wconf 89' lang='lat' dir='ltr'><strong>versu</strong></span> <span class='ocrx_word' id='word_1_153' title='bbox 260 1902 351 1959; x_wconf 84' lang='lat' dir='ltr'><strong>tertio</strong></span> <span class='ocrx_word' id='word_1_154' title='bbox 371 1899 513 1976; x_wconf 75' lang='grc' dir='ltr'><strong><em>βεβαιοῖν</em></strong></span> <span class='ocrx_word' id='word_1_155' title='bbox 533 1900 606 1959; x_wconf 89' lang='lat' dir='ltr'><strong>dare</strong></span> <span class='ocrx_word' id='word_1_156' title='bbox 623 1898 664 1977; x_wconf 80' lang='lat' dir='ltr'><strong>(id</strong></span> <span class='ocrx_word' id='word_1_157' title='bbox 682 1908 728 1960; x_wconf 87' lang='lat' dir='ltr'><strong>est</strong></span> <span class='ocrx_word' id='word_1_158' title='bbox 745 1899 918 1978; x_wconf 80' lang='grc' dir='ltr'>βεβαιοῦν),</span> <span class='ocrx_word' id='word_1_159' title='bbox 941 1899 1117 1981; x_wconf 78' lang='lat' dir='ltr'><strong>praesertim</strong></span> <span class='ocrx_word' id='word_1_160' title='bbox 1140 1895 1236 1980; x_wconf 81' lang='lat' dir='ltr'><strong>quum</strong></span> 
     </span>
     <span class='ocr_line' id='line_1_19' title="bbox 153 1979 1237 2063; baseline 0.002 -23"><span class='ocrx_word' id='word_1_161' title='bbox 153 1984 344 2042; x_wconf 84' lang='lat' dir='ltr'><strong>consueverit</strong></span> <span class='ocrx_word' id='word_1_162' title='bbox 362 2002 381 2041; x_wconf 79' lang='grc' dir='ltr'><strong><em>ν</em></strong></span> <span class='ocrx_word' id='word_1_163' title='bbox 394 1980 484 2043; x_wconf 87' lang='lat' dir='ltr'><strong>finale</strong></span> <span class='ocrx_word' id='word_1_164' title='bbox 503 1986 653 2059; x_wconf 88' lang='lat' dir='ltr'><strong>omittere,</strong></span> <span class='ocrx_word' id='word_1_165' title='bbox 676 1992 729 2042; x_wconf 88' lang='lat' dir='ltr'><strong>aut</strong></span> <span class='ocrx_word' id='word_1_166' title='bbox 742 1983 829 2063; x_wconf 82' lang='lat' dir='ltr'><strong>signo</strong></span> <span class='ocrx_word' id='word_1_167' title='bbox 849 1982 952 2059; x_wconf 74' lang='lat' dir='ltr'><strong>hoc&#39;,</strong></span> <span class='ocrx_word' id='word_1_168' title='bbox 970 1979 1053 2063; x_wconf 90' lang='lat' dir='ltr'><strong>quod</strong></span> <span class='ocrx_word' id='word_1_169' title='bbox 1072 1980 1161 2062; x_wconf 76' lang='lat' dir='ltr'><strong>longo</strong></span> <span class='ocrx_word' id='word_1_170' title='bbox 1177 1982 1237 2042; x_wconf 82' lang='lat' dir='ltr'><strong>oir-</strong></span> 
     </span>
     <span class='ocr_line' id='line_1_20' title="bbox 152 2063 1238 2147; baseline 0.003 -25"><span class='ocrx_word' id='word_1_171' title='bbox 152 2063 299 2125; x_wconf 82' lang='lat' dir='ltr'><strong>cumllexn</strong></span> <span class='ocrx_word' id='word_1_172' title='bbox 312 2086 406 2145; x_wconf 86' lang='lat' dir='ltr'><strong>paene</strong></span> <span class='ocrx_word' id='word_1_173' title='bbox 421 2064 518 2125; x_wconf 89' lang='lat' dir='ltr'><strong>simile</strong></span> <span class='ocrx_word' id='word_1_174' title='bbox 538 2077 595 2144; x_wconf 86' lang='lat' dir='ltr'><strong>est,</strong></span> <span class='ocrx_word' id='word_1_175' title='bbox 610 2071 857 2147; x_wconf 79' lang='lat' dir='ltr'><strong>repraesentare?</strong></span> <span class='ocrx_word' id='word_1_176' title='bbox 896 2065 975 2125; x_wconf 91' lang='lat' dir='ltr'><strong>Sunt</strong></span> <span class='ocrx_word' id='word_1_177' title='bbox 991 2065 1067 2125; x_wconf 88' lang='lat' dir='ltr'><strong>aliae</strong></span> <span class='ocrx_word' id='word_1_178' title='bbox 1081 2064 1183 2147; x_wconf 85' lang='lat' dir='ltr'><strong>plures</strong></span> <span class='ocrx_word' id='word_1_179' title='bbox 1205 2066 1238 2125; x_wconf 89' lang='lat' dir='ltr'><strong>in</strong></span> 
     </span>
     <span class='ocr_line' id='line_1_21' title="bbox 154 2143 1236 2230; baseline 0.003 -25"><span class='ocrx_word' id='word_1_180' title='bbox 154 2146 264 2208; x_wconf 83' lang='lat' dir='ltr'><strong>Nostro</strong></span> <span class='ocrx_word' id='word_1_181' title='bbox 284 2148 429 2229; x_wconf 86' lang='lat' dir='ltr'><strong>reliquiae</strong></span> <span class='ocrx_word' id='word_1_182' title='bbox 455 2146 675 2225; x_wconf 87' lang='lat' dir='ltr'><strong>dialectorum,</strong></span> <span class='ocrx_word' id='word_1_183' title='bbox 698 2159 734 2207; x_wconf 89' lang='lat' dir='ltr'><strong>ut</strong></span> <span class='ocrx_word' id='word_1_184' title='bbox 756 2170 784 2209; x_wconf 89' lang='lat' dir='ltr'><strong>e.</strong></span> <span class='ocrx_word' id='word_1_185' title='bbox 809 2170 836 2211; x_wconf 89' lang='lat' dir='ltr'><strong>c.</strong></span> <span class='ocrx_word' id='word_1_186' title='bbox 861 2148 980 2210; x_wconf 70' lang='grc' dir='ltr'><strong><em>εἶθῶτα</em></strong></span> <span class='ocrx_word' id='word_1_187' title='bbox 1009 2168 1067 2230; x_wconf 90' lang='lat' dir='ltr'><strong>pro</strong></span> <span class='ocrx_word' id='word_1_188' title='bbox 1084 2143 1236 2208; x_wconf 73' lang='lat' dir='ltr'><strong>a&#39;ata&#39;w.</strong></span> 
     </span>
     <span class='ocr_line' id='line_1_22' title="bbox 154 2222 1237 2312; baseline 0.001 -23"><span class='ocrx_word' id='word_1_189' title='bbox 154 2228 251 2312; x_wconf 80' lang='lat' dir='ltr'><strong>Atqui</strong></span> <span class='ocrx_word' id='word_1_190' title='bbox 273 2230 365 2291; x_wconf 89' lang='lat' dir='ltr'><strong>Siculi</strong></span> <span class='ocrx_word' id='word_1_191' title='bbox 387 2222 461 2291; x_wconf 73' lang='grc' dir='ltr'><strong>εἷθα</strong></span> <span class='ocrx_word' id='word_1_192' title='bbox 475 2250 530 2311; x_wconf 92' lang='lat' dir='ltr'><strong>pro</strong></span> <span class='ocrx_word' id='word_1_193' title='bbox 545 2227 645 2303; x_wconf 77' lang='grc' dir='ltr'><strong><em>,εἴωθα</em></strong></span> <span class='ocrx_word' id='word_1_194' title='bbox 661 2230 813 2293; x_wconf 86' lang='lat' dir='ltr'><strong>dicebant.</strong></span> <span class='ocrx_word' id='word_1_195' title='bbox 853 2232 1014 2292; x_wconf 79' lang='lat' dir='ltr'><strong>Caeterum</strong></span> <span class='ocrx_word' id='word_1_196' title='bbox 1036 2232 1065 2291; x_wconf 90' lang='lat' dir='ltr'><strong>in</strong></span> <span class='ocrx_word' id='word_1_197' title='bbox 1087 2228 1237 2309; x_wconf 72' lang='grc' dir='ltr'><strong>πληροῦν,</strong></span> 
     </span>
     <span class='ocr_line' id='line_1_23' title="bbox 144 2312 1238 2398; baseline -0.002 -23"><span class='ocrx_word' id='word_1_198' title='bbox 144 2312 259 2398; x_wconf 82' lang='lat' dir='ltr'><strong>finire,</strong></span> <span class='ocrx_word' id='word_1_199' title='bbox 274 2314 509 2394; x_wconf 81' lang='lat' dir='ltr'><strong>subintelligitur</strong></span> <span class='ocrx_word' id='word_1_200' title='bbox 523 2315 769 2397; x_wconf 74' lang='lat' dir='ltr'><strong>priau&#39;eeriamm.</strong></span> <span class='ocrx_word' id='word_1_201' title='bbox 811 2314 903 2375; x_wconf 82' lang='lat' dir='ltr'><strong>Unde</strong></span> <span class='ocrx_word' id='word_1_202' title='bbox 922 2314 1112 2395; x_wconf 78' lang='lat' dir='ltr'><strong>intelligitur,</strong></span> <span class='ocrx_word' id='word_1_203' title='bbox 1131 2314 1238 2393; x_wconf 90' lang='lat' dir='ltr'><strong>primi·</strong></span> 
     </span>
     <span class='ocr_line' id='line_1_24' title="bbox 151 2396 1238 2479; baseline 0.001 -22"><span class='ocrx_word' id='word_1_204' title='bbox 151 2400 250 2457; x_wconf 82' lang='lat' dir='ltr'><strong>cerins</strong></span> <span class='ocrx_word' id='word_1_205' title='bbox 267 2418 328 2459; x_wconf 90' lang='lat' dir='ltr'><strong>nou</strong></span> <span class='ocrx_word' id='word_1_206' title='bbox 342 2398 454 2459; x_wconf 85' lang='lat' dir='ltr'><strong>diutius</strong></span> <span class='ocrx_word' id='word_1_207' title='bbox 475 2418 556 2457; x_wconf 91' lang='lat' dir='ltr'><strong>anuo</strong></span> <span class='ocrx_word' id='word_1_208' title='bbox 575 2396 731 2473; x_wconf 79' lang='lat' dir='ltr'><strong>militasse,</strong></span> <span class='ocrx_word' id='word_1_209' title='bbox 747 2418 809 2479; x_wconf 87' lang='lat' dir='ltr'><strong>qun</strong></span> <span class='ocrx_word' id='word_1_210' title='bbox 832 2399 916 2458; x_wconf 86' lang='lat' dir='ltr'><strong>finito</strong></span> <span class='ocrx_word' id='word_1_211' title='bbox 932 2419 983 2459; x_wconf 89' lang='lat' dir='ltr'><strong>eos</strong></span> <span class='ocrx_word' id='word_1_212' title='bbox 1001 2397 1141 2457; x_wconf 86' lang='lat' dir='ltr'><strong>Calendis</strong></span> <span class='ocrx_word' id='word_1_213' title='bbox 1149 2396 1238 2458; x_wconf 83' lang='lat' dir='ltr'><strong>Maiis</strong></span> 
     </span>
     <span class='ocr_line' id='line_1_25' title="bbox 153 2478 1239 2563; baseline 0 -25"><span class='ocrx_word' id='word_1_214' title='bbox 153 2479 185 2538; x_wconf 87' lang='lat' dir='ltr'><strong>in</strong></span> <span class='ocrx_word' id='word_1_215' title='bbox 201 2480 339 2541; x_wconf 83' lang='lat' dir='ltr'><strong>altiorem</strong></span> <span class='ocrx_word' id='word_1_216' title='bbox 359 2481 498 2563; x_wconf 79' lang='lat' dir='ltr'><strong>gradum,</strong></span> <span class='ocrx_word' id='word_1_217' title='bbox 522 2480 599 2541; x_wconf 87' lang='lat' dir='ltr'><strong>forte</strong></span> <span class='ocrx_word' id='word_1_218' title='bbox 615 2478 840 2561; x_wconf 74' lang='lat' dir='ltr'><strong>spathariorum</strong></span> <span class='ocrx_word' id='word_1_219' title='bbox 872 2491 926 2541; x_wconf 91' lang='lat' dir='ltr'><strong>aut</strong></span> <span class='ocrx_word' id='word_1_220' title='bbox 954 2478 1239 2563; x_wconf 82' lang='lat' dir='ltr'><strong>spatharocandida-</strong></span> 
     </span>
     <span class='ocr_line' id='line_1_26' title="bbox 152 2558 1239 2645; baseline -0.002 -22"><span class='ocrx_word' id='word_1_221' title='bbox 152 2572 255 2624; x_wconf 84' lang='lat' dir='ltr'><strong>torum</strong></span> <span class='ocrx_word' id='word_1_222' title='bbox 277 2564 453 2625; x_wconf 83' lang='lat' dir='ltr'><strong>ascendisse.</strong></span> <span class='ocrx_word' id='word_1_223' title='bbox 474 2558 628 2645; x_wconf 80' lang='grc' dir='ltr'><strong><em>Πληροῦν</em></strong></span> <span class='ocrx_word' id='word_1_224' title='bbox 646 2558 707 2623; x_wconf 81' lang='lat' dir='ltr'><strong>cini</strong></span> <span class='ocrx_word' id='word_1_225' title='bbox 729 2559 961 2641; x_wconf 79' lang='lat' dir='ltr'><strong>osisvuapr‘mr,</strong></span> <span class='ocrx_word' id='word_1_226' title='bbox 994 2564 1170 2623; x_wconf 77' lang='lat' dir='ltr'><strong>excederes</strong></span> <span class='ocrx_word' id='word_1_227' title='bbox 1195 2564 1239 2621; x_wconf 82' lang='lat' dir='ltr'><strong>si-</strong></span> 
     </span>
     <span class='ocr_line' id='line_1_27' title="bbox 155 2644 1239 2727; baseline -0.002 -18"><span class='ocrx_word' id='word_1_228' title='bbox 155 2646 302 2709; x_wconf 63' lang='lat' dir='ltr'><strong>bactria</strong></span> <span class='ocrx_word' id='word_1_229' title='bbox 320 2659 365 2709; x_wconf 87' lang='lat' dir='ltr'><strong>est</strong></span> <span class='ocrx_word' id='word_1_230' title='bbox 379 2649 410 2707; x_wconf 90' lang='lat' dir='ltr'><strong>in</strong></span> <span class='ocrx_word' id='word_1_231' title='bbox 420 2647 561 2711; x_wconf 88' lang='lat' dir='ltr'><strong>Chronic.</strong></span> <span class='ocrx_word' id='word_1_232' title='bbox 577 2644 740 2707; x_wconf 87' lang='lat' dir='ltr'><strong>Alexandr.</strong></span> <span class='ocrx_word' id='word_1_233' title='bbox 756 2646 830 2708; x_wconf 82' lang='lat' dir='ltr'><strong>vid.</strong></span> <span class='ocrx_word' id='word_1_234' title='bbox 851 2647 903 2718; x_wconf 84' lang='lat' dir='ltr'><strong>Du</strong></span> <span class='ocrx_word' id='word_1_235' title='bbox 916 2646 1057 2727; x_wconf 81' lang='lat' dir='ltr'><strong>Cangev.</strong></span> <span class='ocrx_word' id='word_1_236' title='bbox 1077 2644 1239 2727; x_wconf 80' lang='lat' dir='ltr'><strong>Complere.</strong></span> 
     </span>
     <span class='ocr_line' id='line_1_28' title="bbox 235 2725 1240 2816; baseline -0.005 -25"><span class='ocrx_word' id='word_1_237' title='bbox 235 2732 277 2791; x_wconf 87' lang='lat' dir='ltr'><strong>D.</strong></span> <span class='ocrx_word' id='word_1_238' title='bbox 292 2731 323 2793; x_wconf 84' lang='lat'><strong>8.</strong></span> <span class='ocrx_word' id='word_1_239' title='bbox 348 2729 438 2816; x_wconf 83' lang='lat' dir='ltr'><strong>[39a,</strong></span> <span class='ocrx_word' id='word_1_240' title='bbox 454 2727 522 2811; x_wconf 77' lang='lat' dir='ltr'><strong>am]</strong></span> <span class='ocrx_word' id='word_1_241' title='bbox 555 2726 693 2811; x_wconf 76' lang='grc' dir='ltr'><strong><em>φερίαις.</em></strong></span> <span class='ocrx_word' id='word_1_242' title='bbox 744 2728 814 2791; x_wconf 85' lang='grc' dir='ltr'><strong>Νοο</strong></span> <span class='ocrx_word' id='word_1_243' title='bbox 840 2738 921 2789; x_wconf 88' lang='lat' dir='ltr'><strong>recte</strong></span> <span class='ocrx_word' id='word_1_244' title='bbox 939 2727 1120 2789; x_wconf 79' lang='lat' dir='ltr'><strong>scholiastes</strong></span> <span class='ocrx_word' id='word_1_245' title='bbox 1140 2725 1240 2787; x_wconf 86' lang='lat' dir='ltr'><strong>reddit</strong></span> 
     </span>
     <span class='ocr_line' id='line_1_29' title="bbox 154 2804 1237 2897; baseline -0.005 -24"><span class='ocrx_word' id='word_1_246' title='bbox 154 2810 281 2887; x_wconf 69' lang='grc' dir='ltr'><strong><em>αἰσίοις.</em></strong></span> <span class='ocrx_word' id='word_1_247' title='bbox 321 2814 399 2874; x_wconf 88' lang='lat' dir='ltr'><strong>Sunt</strong></span> <span class='ocrx_word' id='word_1_248' title='bbox 428 2814 552 2897; x_wconf 89' lang='lat' dir='ltr'><strong>quidem</strong></span> <span class='ocrx_word' id='word_1_249' title='bbox 580 2832 685 2874; x_wconf 90' lang='lat' dir='ltr'><strong>omnes</strong></span> <span class='ocrx_word' id='word_1_250' title='bbox 712 2804 812 2873; x_wconf 80' lang='grc' dir='ltr'><strong><em>αἴσιοι</em></strong></span> <span class='ocrx_word' id='word_1_251' title='bbox 842 2812 927 2889; x_wconf 91' lang='lat' dir='ltr'><strong>dies,</strong></span> <span class='ocrx_word' id='word_1_252' title='bbox 954 2812 986 2873; x_wconf 90' lang='lat' dir='ltr'><strong>id</strong></span> <span class='ocrx_word' id='word_1_253' title='bbox 1011 2822 1055 2871; x_wconf 88' lang='lat' dir='ltr'><strong>est</strong></span> <span class='ocrx_word' id='word_1_254' title='bbox 1081 2808 1237 2888; x_wconf 88' lang='lat' dir='ltr'><strong>solennes,</strong></span> 
     </span>
     <span class='ocr_line' id='line_1_30' title="bbox 153 2890 1240 2978; baseline -0.003 -22"><span class='ocrx_word' id='word_1_255' title='bbox 153 2896 273 2977; x_wconf 81' lang='lat' dir='ltr'><strong>festivi,</strong></span> <span class='ocrx_word' id='word_1_256' title='bbox 304 2896 395 2959; x_wconf 78' lang='lat' dir='ltr'><strong>seriae</strong></span> <span class='ocrx_word' id='word_1_257' title='bbox 414 2918 466 2959; x_wconf 87' lang='lat' dir='ltr'><strong>seu</strong></span> <span class='ocrx_word' id='word_1_258' title='bbox 486 2896 561 2957; x_wconf 90' lang='lat' dir='ltr'><strong>tales</strong></span> <span class='ocrx_word' id='word_1_259' title='bbox 582 2895 666 2972; x_wconf 91' lang='lat' dir='ltr'><strong>dies,</strong></span> <span class='ocrx_word' id='word_1_260' title='bbox 694 2895 807 2978; x_wconf 88' lang='lat' dir='ltr'><strong>quibus</strong></span> <span class='ocrx_word' id='word_1_261' title='bbox 827 2916 845 2956; x_wconf 92' lang='lat' dir='ltr'><strong>a</strong></span> <span class='ocrx_word' id='word_1_262' title='bbox 869 2895 994 2956; x_wconf 88' lang='lat' dir='ltr'><strong>silentiis</strong></span> <span class='ocrx_word' id='word_1_263' title='bbox 1020 2914 1073 2955; x_wconf 88' lang='lat' dir='ltr'><strong>seu</strong></span> <span class='ocrx_word' id='word_1_264' title='bbox 1091 2890 1240 2953; x_wconf 87' lang='lat' dir='ltr'><strong>delibera-</strong></span> 
     </span>
     <span class='ocr_line' id='line_1_31' title="bbox 155 2978 1240 3061; baseline -0.002 -23"><span class='ocrx_word' id='word_1_265' title='bbox 155 2980 289 3041; x_wconf 88' lang='lat' dir='ltr'><strong>tionibus</strong></span> <span class='ocrx_word' id='word_1_266' title='bbox 311 2980 417 3042; x_wconf 87' lang='lat' dir='ltr'><strong>aulicis</strong></span> <span class='ocrx_word' id='word_1_267' title='bbox 442 2992 471 3041; x_wconf 88' lang='lat' dir='ltr'><strong>et</strong></span> <span class='ocrx_word' id='word_1_268' title='bbox 502 2978 739 3061; x_wconf 84' lang='lat' dir='ltr'><strong>expeditionibus</strong></span> <span class='ocrx_word' id='word_1_269' title='bbox 760 3000 799 3040; x_wconf 88' lang='lat' dir='ltr'><strong>ne</strong></span> <span class='ocrx_word' id='word_1_270' title='bbox 817 2979 950 3039; x_wconf 86' lang='lat' dir='ltr'><strong>otiorum</strong></span> <span class='ocrx_word' id='word_1_271' title='bbox 988 2978 1138 3040; x_wconf 84' lang='lat' dir='ltr'><strong>consuetis</strong></span> <span class='ocrx_word' id='word_1_272' title='bbox 1170 2987 1240 3037; x_wconf 89' lang='lat' dir='ltr'><strong>eta</strong></span> 
     </span>
     <span class='ocr_line' id='line_1_32' title="bbox 154 3000 1240 3148; baseline -0.004 -25"><span class='ocrx_word' id='word_1_273' title='bbox 154 3064 222 3123; x_wconf 89' lang='lat' dir='ltr'><strong>iure</strong></span> <span class='ocrx_word' id='word_1_274' title='bbox 243 3063 371 3125; x_wconf 88' lang='lat' dir='ltr'><strong>dicendo</strong></span> <span class='ocrx_word' id='word_1_275' title='bbox 397 3064 509 3125; x_wconf 84' lang='lat' dir='ltr'><strong>scrinia</strong></span> <span class='ocrx_word' id='word_1_276' title='bbox 531 3084 583 3125; x_wconf 86' lang='lat' dir='ltr'><strong>scu</strong></span> <span class='ocrx_word' id='word_1_277' title='bbox 615 3061 739 3145; x_wconf 82' lang='lat' dir='ltr'><strong>collegia</strong></span> <span class='ocrx_word' id='word_1_278' title='bbox 760 3000 893 3148; x_wconf 77' lang='lat' dir='ltr'><strong>palatina</strong></span> <span class='ocrx_word' id='word_1_279' title='bbox 914 3074 945 3125; x_wconf 87' lang='lat' dir='ltr'><strong>et</strong></span> <span class='ocrx_word' id='word_1_280' title='bbox 960 3063 1076 3124; x_wconf 88' lang='lat' dir='ltr'><strong>urbana</strong></span> <span class='ocrx_word' id='word_1_281' title='bbox 1093 3062 1240 3121; x_wconf 87' lang='lat' dir='ltr'><strong>feriaren-</strong></span> 
     </span>
     <span class='ocr_line' id='line_1_33' title="bbox 154 3140 1240 3209; baseline 0 -4"><span class='ocrx_word' id='word_1_282' title='bbox 154 3158 224 3206; x_wconf 85' lang='lat' dir='ltr'><strong>tur:</strong></span> <span class='ocrx_word' id='word_1_283' title='bbox 247 3157 278 3209; x_wconf 85' lang='lat' dir='ltr'><strong>at</strong></span> <span class='ocrx_word' id='word_1_284' title='bbox 304 3168 367 3209; x_wconf 89' lang='lat' dir='ltr'><strong>noa</strong></span> <span class='ocrx_word' id='word_1_285' title='bbox 384 3148 515 3209; x_wconf 85' lang='lat' dir='ltr'><strong>vicissim</strong></span> <span class='ocrx_word' id='word_1_286' title='bbox 538 3148 630 3208; x_wconf 83' lang='lat' dir='ltr'><strong>seriae</strong></span> <span class='ocrx_word' id='word_1_287' title='bbox 658 3166 762 3208; x_wconf 82' lang='lat' dir='ltr'><strong>omnes</strong></span> <span class='ocrx_word' id='word_1_288' title='bbox 788 3157 860 3208; x_wconf 90' lang='lat' dir='ltr'><strong>sunt</strong></span> <span class='ocrx_word' id='word_1_289' title='bbox 880 3140 992 3209; x_wconf 79' lang='grc' dir='ltr'><strong><em>αἴσιοι.</em></strong></span> <span class='ocrx_word' id='word_1_290' title='bbox 1032 3146 1102 3207; x_wconf 86' lang='lat' dir='ltr'><strong>Dixi</strong></span> <span class='ocrx_word' id='word_1_291' title='bbox 1120 3144 1159 3209; x_wconf 88' lang='lat' dir='ltr'><strong>de</strong></span> <span class='ocrx_word' id='word_1_292' title='bbox 1181 3143 1240 3205; x_wconf 86' lang='lat' dir='ltr'><strong>bac</strong></span> 
     </span>
     <span class='ocr_line' id='line_1_34' title="bbox 154 3228 333 3291; baseline -0.006 0"><span class='ocrx_word' id='word_1_293' title='bbox 154 3250 231 3291; x_wconf 88' lang='lat' dir='ltr'><strong>voce</strong></span> <span class='ocrx_word' id='word_1_294' title='bbox 248 3228 333 3291; x_wconf 85' lang='lat' dir='ltr'><strong>alibi.</strong></span> 
     </span>
     <span class='ocr_line' id='line_1_35' title="bbox 155 3306 1242 3479; baseline -0.008 -21"><span class='ocrx_word' id='word_1_295' title='bbox 155 3335 291 3470; x_wconf 61' lang='grc' dir='ltr'><strong>ιιιῖιᾚξ</strong></span> <span class='ocrx_word' id='word_1_296' title='bbox 308 3306 1242 3479; x_wconf 51' lang='lat' dir='ltr'><strong>itt·litiill{tilii,titatitt‘altptttitt</strong></span> 
     </span>
     <span class='ocr_line' id='line_1_36' title="bbox 154 3476 1242 3561; baseline -0.006 -20"><span class='ocrx_word' id='word_1_297' title='bbox 154 3480 366 3541; x_wconf 83' lang='lat' dir='ltr'><strong>substituerem</strong></span> <span class='ocrx_word' id='word_1_298' title='bbox 380 3481 577 3559; x_wconf 73' lang='lat' dir='ltr'><strong>irfferrorr&#39;bm.</strong></span> <span class='ocrx_word' id='word_1_299' title='bbox 620 3478 774 3557; x_wconf 84' lang='lat' dir='ltr'><strong>Proiecto,</strong></span> <span class='ocrx_word' id='word_1_300' title='bbox 798 3480 881 3559; x_wconf 89' lang='lat' dir='ltr'><strong>quod</strong></span> <span class='ocrx_word' id='word_1_301' title='bbox 903 3480 936 3537; x_wconf 83' lang='lat' dir='ltr'><strong>in</strong></span> <span class='ocrx_word' id='word_1_302' title='bbox 953 3477 1090 3561; x_wconf 77' lang='lat' dir='ltr'><strong>partibus</strong></span> <span class='ocrx_word' id='word_1_303' title='bbox 1111 3476 1242 3557; x_wconf 84' lang='lat' dir='ltr'><strong>superio·</strong></span> 
     </span>
     <span class='ocr_line' id='line_1_37' title="bbox 149 3556 1243 3641; baseline -0.005 -18"><span class='ocrx_word' id='word_1_304' title='bbox 149 3564 236 3635; x_wconf 68' lang='lat' dir='ltr'><strong>ribus</strong></span> <span class='ocrx_word' id='word_1_305' title='bbox 252 3586 302 3626; x_wconf 83' lang='lat' dir='ltr'><strong>seu</strong></span> <span class='ocrx_word' id='word_1_306' title='bbox 324 3564 548 3624; x_wconf 82' lang='lat' dir='ltr'><strong>occidentalibus</strong></span> <span class='ocrx_word' id='word_1_307' title='bbox 567 3562 720 3635; x_wconf 89' lang='lat' dir='ltr'><strong>dederim,</strong></span> <span class='ocrx_word' id='word_1_308' title='bbox 744 3582 808 3622; x_wconf 87' lang='lat' dir='ltr'><strong>non</strong></span> <span class='ocrx_word' id='word_1_309' title='bbox 825 3582 862 3621; x_wconf 87' lang='lat' dir='ltr'><strong>eo</strong></span> <span class='ocrx_word' id='word_1_310' title='bbox 882 3561 1014 3633; x_wconf 88' lang='lat' dir='ltr'><strong>factum,</strong></span> <span class='ocrx_word' id='word_1_311' title='bbox 1036 3556 1117 3641; x_wconf 87' lang='lat' dir='ltr'><strong>quod</strong></span> <span class='ocrx_word' id='word_1_312' title='bbox 1134 3556 1243 3617; x_wconf 89' lang='lat' dir='ltr'><strong>scirem</strong></span> 
     </span>
     <span class='ocr_line' id='line_1_38' title="bbox 153 3641 1242 3729; baseline -0.005 -22"><span class='ocrx_word' id='word_1_313' title='bbox 153 3659 256 3729; x_wconf 88' lang='lat' dir='ltr'><strong>partes</strong></span> <span class='ocrx_word' id='word_1_314' title='bbox 276 3645 475 3709; x_wconf 86' lang='lat' dir='ltr'><strong>occidentales</strong></span> <span class='ocrx_word' id='word_1_315' title='bbox 488 3647 615 3707; x_wconf 86' lang='lat' dir='ltr'><strong>Graecis</strong></span> <span class='ocrx_word' id='word_1_316' title='bbox 637 3645 728 3706; x_wconf 81' lang='lat' dir='ltr'><strong>luisse</strong></span> <span class='ocrx_word' id='word_1_317' title='bbox 755 3647 924 3725; x_wconf 83' lang='lat' dir='ltr'><strong>superiores</strong></span> <span class='ocrx_word' id='word_1_318' title='bbox 952 3645 1068 3716; x_wconf 86' lang='lat' dir='ltr'><strong>dietas,</strong></span> <span class='ocrx_word' id='word_1_319' title='bbox 1090 3641 1144 3703; x_wconf 87' lang='lat' dir='ltr'><strong>sed</strong></span> <span class='ocrx_word' id='word_1_320' title='bbox 1159 3642 1242 3723; x_wconf 88' lang='lat' dir='ltr'><strong>qnod</strong></span> 
     </span>
     <span class='ocr_line' id='line_1_39' title="bbox 157 3720 1243 3810; baseline -0.006 -20"><span class='ocrx_word' id='word_1_321' title='bbox 157 3720 224 3792; x_wconf 75' lang='grc' dir='ltr'><strong>ἅνω</strong></span> <span class='ocrx_word' id='word_1_322' title='bbox 240 3730 330 3792; x_wconf 90' lang='lat' dir='ltr'><strong>claris</strong></span> <span class='ocrx_word' id='word_1_323' title='bbox 351 3729 459 3791; x_wconf 86' lang='lat' dir='ltr'><strong>litteris</strong></span> <span class='ocrx_word' id='word_1_324' title='bbox 479 3734 623 3810; x_wconf 88' lang='lat' dir='ltr'><strong>scriptum</strong></span> <span class='ocrx_word' id='word_1_325' title='bbox 654 3748 756 3789; x_wconf 88' lang='lat' dir='ltr'><strong>coram</strong></span> <span class='ocrx_word' id='word_1_326' title='bbox 784 3728 939 3803; x_wconf 84' lang='lat' dir='ltr'><strong>viderem,</strong></span> <span class='ocrx_word' id='word_1_327' title='bbox 971 3738 1000 3789; x_wconf 89' lang='lat' dir='ltr'><strong>et</strong></span> <span class='ocrx_word' id='word_1_328' title='bbox 1018 3736 1119 3809; x_wconf 81' lang='lat' dir='ltr'><strong>partes</strong></span> <span class='ocrx_word' id='word_1_329' title='bbox 1140 3736 1243 3785; x_wconf 88' lang='lat' dir='ltr'><strong>tamen</strong></span> 
     </span>
     <span class='ocr_line' id='line_1_40' title="bbox 156 3806 1245 3897; baseline -0.006 -24"><span class='ocrx_word' id='word_1_330' title='bbox 156 3832 219 3873; x_wconf 87' lang='lat' dir='ltr'><strong>non</strong></span> <span class='ocrx_word' id='word_1_331' title='bbox 244 3812 505 3897; x_wconf 82' lang='lat' dir='ltr'><strong>septentrionales,</strong></span> <span class='ocrx_word' id='word_1_332' title='bbox 527 3813 581 3873; x_wconf 91' lang='lat' dir='ltr'><strong>sed</strong></span> <span class='ocrx_word' id='word_1_333' title='bbox 596 3810 795 3872; x_wconf 87' lang='lat' dir='ltr'><strong>occidentales</strong></span> <span class='ocrx_word' id='word_1_334' title='bbox 811 3811 959 3894; x_wconf 80' lang='lat' dir='ltr'><strong>designari</strong></span> <span class='ocrx_word' id='word_1_335' title='bbox 982 3812 1047 3892; x_wconf 86' lang='lat' dir='ltr'><strong>ipsa</strong></span> <span class='ocrx_word' id='word_1_336' title='bbox 1064 3830 1112 3870; x_wconf 87' lang='lat' dir='ltr'><strong>res</strong></span> <span class='ocrx_word' id='word_1_337' title='bbox 1137 3806 1245 3890; x_wconf 90' lang='lat' dir='ltr'><strong>loque-</strong></span> 
     </span>
     <span class='ocr_line' id='line_1_41' title="bbox 156 3892 1243 3977; baseline -0.006 -21"><span class='ocrx_word' id='word_1_338' title='bbox 156 3906 253 3957; x_wconf 87' lang='lat' dir='ltr'><strong>retur.</strong></span> <span class='ocrx_word' id='word_1_339' title='bbox 297 3896 403 3968; x_wconf 83' lang='lat' dir='ltr'><strong>Solent</strong></span> <span class='ocrx_word' id='word_1_340' title='bbox 424 3899 505 3957; x_wconf 89' lang='lat' dir='ltr'><strong>enim</strong></span> <span class='ocrx_word' id='word_1_341' title='bbox 523 3896 596 3957; x_wconf 89' lang='lat' dir='ltr'><strong>alias</strong></span> <span class='ocrx_word' id='word_1_342' title='bbox 616 3896 724 3956; x_wconf 86' lang='lat' dir='ltr'><strong>Graeci</strong></span> <span class='ocrx_word' id='word_1_343' title='bbox 743 3905 845 3977; x_wconf 88' lang='lat' dir='ltr'><strong>partes</strong></span> <span class='ocrx_word' id='word_1_344' title='bbox 872 3895 911 3955; x_wconf 87' lang='lat' dir='ltr'><strong>ad</strong></span> <span class='ocrx_word' id='word_1_345' title='bbox 936 3896 968 3955; x_wconf 92' lang='lat' dir='ltr'><strong>in</strong></span> <span class='ocrx_word' id='word_1_346' title='bbox 989 3896 1113 3955; x_wconf 87' lang='lat' dir='ltr'><strong>boream</strong></span> <span class='ocrx_word' id='word_1_347' title='bbox 1127 3892 1184 3953; x_wconf 91' lang='lat' dir='ltr'><strong>sibi</strong></span> <span class='ocrx_word' id='word_1_348' title='bbox 1201 3895 1243 3951; x_wconf 90' lang='lat' dir='ltr'><strong>si-</strong></span> 
     </span>
     <span class='ocr_line' id='line_1_42' title="bbox 156 3970 1242 4063; baseline -0.006 -24"><span class='ocrx_word' id='word_1_349' title='bbox 156 3990 202 4041; x_wconf 89' lang='lat' dir='ltr'><strong>tas</strong></span> <span class='ocrx_word' id='word_1_350' title='bbox 217 3974 257 4041; x_wconf 80' lang='lat' dir='ltr'><strong>ui</strong></span> <span class='ocrx_word' id='word_1_351' title='bbox 278 3970 367 4057; x_wconf 71' lang='grc' dir='ltr'><strong>ἅνω,</strong></span> <span class='ocrx_word' id='word_1_352' title='bbox 395 3992 495 4063; x_wconf 87' lang='lat' dir='ltr'><strong>partes</strong></span> <span class='ocrx_word' id='word_1_353' title='bbox 526 3990 626 4040; x_wconf 87' lang='lat' dir='ltr'><strong>autem</strong></span> <span class='ocrx_word' id='word_1_354' title='bbox 645 3978 685 4039; x_wconf 86' lang='lat' dir='ltr'><strong>ed</strong></span> <span class='ocrx_word' id='word_1_355' title='bbox 704 3990 862 4057; x_wconf 87' lang='lat' dir='ltr'><strong>austrum,</strong></span> <span class='ocrx_word' id='word_1_356' title='bbox 883 3988 915 4039; x_wconf 89' lang='lat' dir='ltr'><strong>et</strong></span> <span class='ocrx_word' id='word_1_357' title='bbox 934 3981 966 4038; x_wconf 91' lang='lat' dir='ltr'><strong>in</strong></span> <span class='ocrx_word' id='word_1_358' title='bbox 989 3980 1054 4040; x_wconf 87' lang='lat' dir='ltr'><strong>eius</strong></span> <span class='ocrx_word' id='word_1_359' title='bbox 1078 3980 1111 4037; x_wconf 89' lang='lat' dir='ltr'><strong>in</strong></span> <span class='ocrx_word' id='word_1_360' title='bbox 1125 3986 1242 4035; x_wconf 87' lang='lat' dir='ltr'><strong>utram-</strong></span> 
     </span>
     <span class='ocr_line' id='line_1_43' title="bbox 157 4061 1245 4147; baseline -0.005 -23"><span class='ocrx_word' id='word_1_361' title='bbox 157 4084 216 4145; x_wconf 90' lang='lat' dir='ltr'><strong>que</strong></span> <span class='ocrx_word' id='word_1_362' title='bbox 233 4063 353 4147; x_wconf 78' lang='lat' dir='ltr'><strong>plagam</strong></span> <span class='ocrx_word' id='word_1_363' title='bbox 374 4064 484 4125; x_wconf 83' lang='lat' dir='ltr'><strong>vicinia</strong></span> <span class='ocrx_word' id='word_1_364' title='bbox 507 4064 579 4125; x_wconf 85' lang='lat' dir='ltr'><strong>sitas</strong></span> <span class='ocrx_word' id='word_1_365' title='bbox 597 4084 702 4125; x_wconf 85' lang='lat' dir='ltr'><strong>versus</strong></span> <span class='ocrx_word' id='word_1_366' title='bbox 729 4061 917 4122; x_wconf 84' lang='lat' dir='ltr'><strong>occidentem</strong></span> <span class='ocrx_word' id='word_1_367' title='bbox 935 4072 966 4123; x_wconf 90' lang='lat' dir='ltr'><strong>et</strong></span> <span class='ocrx_word' id='word_1_368' title='bbox 987 4064 1134 4123; x_wconf 89' lang='lat' dir='ltr'><strong>orientem</strong></span> <span class='ocrx_word' id='word_1_369' title='bbox 1149 4070 1245 4119; x_wconf 87' lang='lat' dir='ltr'><strong>terras</strong></span> 
     </span>
     <span class='ocr_line' id='line_1_44' title="bbox 158 4140 1245 4229; baseline -0.01 -20"><span class='ocrx_word' id='word_1_370' title='bbox 158 4140 197 4209; x_wconf 77' lang='grc' dir='ltr'><strong>τὰ</strong></span> <span class='ocrx_word' id='word_1_371' title='bbox 219 4144 302 4209; x_wconf 81' lang='grc' dir='ltr'><strong><em>κάτω</em></strong></span> <span class='ocrx_word' id='word_1_372' title='bbox 322 4142 404 4229; x_wconf 77' lang='grc' dir='ltr'><strong>μέρη</strong></span> <span class='ocrx_word' id='word_1_373' title='bbox 427 4144 586 4229; x_wconf 86' lang='lat' dir='ltr'><strong>appellare.</strong></span> <span class='ocrx_word' id='word_1_374' title='bbox 627 4147 677 4207; x_wconf 84' lang='lat' dir='ltr'><strong>Sic</strong></span> <span class='ocrx_word' id='word_1_375' title='bbox 693 4146 834 4221; x_wconf 84' lang='lat' dir='ltr'><strong>Graecia,</strong></span> <span class='ocrx_word' id='word_1_376' title='bbox 856 4146 1099 4229; x_wconf 86' lang='lat' dir='ltr'><strong>Peloponnesus,</strong></span> <span class='ocrx_word' id='word_1_377' title='bbox 1132 4140 1245 4215; x_wconf 87' lang='lat' dir='ltr'><strong>Sicilia,</strong></span> 
     </span>
    </p>
   </div>
   <div class='ocr_carea' id='block_1_3' title="bbox 145 4218 1244 4314">
    <p class='ocr_par' dir='ltr' id='par_1_3' title="bbox 145 4218 1244 4314">
     <span class='ocr_line' id='line_1_45' title="bbox 145 4218 1244 4314; baseline -0.001 -26"><span class='ocrx_word' id='word_1_378' title='bbox 145 4228 324 4312; x_wconf 62' lang='lat' dir='ltr'><strong>Calabria,</strong></span> <span class='ocrx_word' id='word_1_379' title='bbox 353 4241 390 4293; x_wconf 84' lang='lat' dir='ltr'><strong>‘at</strong></span> <span class='ocrx_word' id='word_1_380' title='bbox 410 4229 494 4292; x_wconf 91' lang='lat' dir='ltr'><strong>illinc</strong></span> <span class='ocrx_word' id='word_1_381' title='bbox 525 4228 694 4295; x_wconf 86' lang='lat' dir='ltr'><strong>Palaestina</strong></span> <span class='ocrx_word' id='word_1_382' title='bbox 718 4230 891 4314; x_wconf 75' lang='lat' dir='ltr'><strong>Byzantinis</strong></span> <span class='ocrx_word' id='word_1_383' title='bbox 919 4228 961 4291; x_wconf 82' lang='lat' dir='ltr'><strong>soi</strong></span> <span class='ocrx_word' id='word_1_384' title='bbox 988 4218 1142 4292; x_wconf 70' lang='lat' dir='ltr'><strong>sarmenti</strong></span> <span class='ocrx_word' id='word_1_385' title='bbox 1163 4222 1244 4303; x_wconf 69' lang='grc' dir='ltr'><strong>μέρη</strong></span> 
     </span>
    </p>
   </div>
   <div class='ocr_carea' id='block_1_4' title="bbox 0 0 1505 4892">
    <p class='ocr_par' dir='ltr' id='par_1_4' title="bbox 0 0 1505 4892">
     <span class='ocr_line' id='line_1_46' title="bbox 0 0 1505 4892; baseline 0 0"><span class='ocrx_word' id='word_1_386' title='bbox 0 0 1505 4892; x_wconf 95' lang='lat' dir='ltr'><strong> </strong></span> 
     </span>
    </p>
   </div>
  </div>
 </body>
</html>
