2975 4892
165 377 214 442 aa
241 377 463 446 consitus.
493 377 640 446 romu.
669 385 724 446 na
753 383 892 450 caum.
923 386 997 450 ιιιι.
1026 390 1052 452 ι.
1096 357 1181 446 355

187 537 219 598 C.
232 558 261 598 a.
274 535 360 616 4380,
378 537 439 619 ιι.]
455 535 652 618 ἐμετριιισιις.
696 541 831 602 ΗιιιιιιἸιίι
845 541 941 620 striati
973 541 1022 604 vel
1042 545 1184 606 namma·

117 623 149 678 sti
164 634 198 681 te.
236 622 284 682 Sic
311 616 477 702 μετριότης
502 642 558 703 pro
588 625 753 686 nauatae
781 638 932 708 usurpant
957 629 1032 687 novi
1051 629 1181 708 Gracci3

119 703 170 764 aid.
188 705 234 763 Du
249 705 349 783 Gange
370 725 400 764 v.
423 699 616 786 Μιτριότης.

187 787 220 846 C.
236 786 266 864 4
282 785 366 870 sitio,
384 784 443 868 154
466 787 663 870 npueaelddqg.
708 792 743 850 ld
764 803 809 853 est
829 791 1021 870 προέκυπτες
1033 791 1083 854 vel
1105 813 1183 876 προ-

117 867 284 948 nonasp,
300 871 460 950 prodiisti,
483 875 643 944 emersisti,
662 875 841 958 procidisti,
860 877 1036 959 prosulcatur
1055 898 1098 938 es.

183 951 452 1036 D.1.[580‚20.]
476 947 569 1016 otior.
614 958 694 1018 llacc
715 970 759 1018 est
781 958 857 1018 berre
878 959 993 1020 Graeca
1024 969 1054 1019 et
1081 959 1183 1022 ubivis

116 1034 191 1093 obvia
212 1035 322 1112 dictio,
345 1057 373 1096 e.
397 1057 424 1095 c.
448 1029 536 1116 ὕδωρ
555 1037 801 1114 μιτιισκειιάζειν
823 1034 903 1102 οἶνοι
927 1063 983 1122 pro
1013 1039 1058 1112 εἰς
1085 1034 1180 1102 οἶνον.

118 1116 390 1198 subintelligendum
404 1129 451 1180 est
465 1115 509 1190 εἰς
524 1121 554 1180 in
569 1121 698 1193 tahhns,
720 1125 807 1204 quasi
821 1125 926 1184 dicas:
949 1146 1061 1207 aquam
1081 1135 1182 1186 ῐιιιιιι-

115 1205 213 1276 paravit
234 1203 363 1278 vincam,
386 1225 420 1262 ex
441 1223 519 1284 aqua
542 1203 625 1266 aliud
645 1207 737 1288 quid,
762 1220 851 1268 antea
870 1229 934 1270 non
954 1213 1103 1286 existens,
1123 1229 1182 1270 no·

116 1299 193 1362 vum,
211 1305 320 1368 nempe
339 1287 458 1359 vinum,
481 1285 559 1348 lecit.

165 1367 492 1452 aaa.A.3.[381,3.]
520 1367 565 1442 εἷς
585 1363 621 1430 τὸ
651 1370 815 1450 λεγόμενον
854 1373 885 1434 Γ
883 1369 1020 1436 orente.
1059 1373 1181 1458 *[Lutt·

20 1503 21 1546 l
114 1451 227 1594 pomutlpis
248 1451 343 1594 ΙιιΙιέιιίὶΙ
365 1451 478 1594 alipium
499 1451 538 1512 de
558 1450 644 1596 1444!
651 1456 834 1597 &thim-³⁰
860 1459 1035 1555 Lrgatione.
1075 1461 1182 1602 Mlg:

20 1547 21 1550 ’
141 1554 163 1592 ι.
207 1547 249 1596 at.
302 1555 370 1594 aia.
410 1557 458 1596 iss.
482 1558 498 1596 a
524 1557 552 1594 .:
602 1559 654 1596 ιιι
693 1559 794 1600 oniam
814 1553 975 1600 οοιιιιιιιιιιιι
997 1553 1064 1602 sart
1083 1563 1104 1600 ιι

19 1651 21 1697 i
115 1615 173 1690 tta,
205 1632 236 1678 ut
251 1633 383 1702 appar-et
408 1641 450 1680 esc
478 1558 620 1678 Elinodm
645 1635 676 1680 et
709 1623 902 1693 (inmundos-o,
919 1623 1104 1704 fiaenuuqioe
1129 1635 1183 1684 mit

103 1697 169 1780 ficta
181 1703 321 1783 proeliis,
350 1715 403 1762 aut
421 1701 563 1762 circensia
584 1717 613 1762 et
631 1705 892 1786 amplritlieotanlia
911 1705 1086 1802 spectanda.
1128 1703 1181 1766 Sa

19 1777 21 1788 ’
112 1781 199 1862 ligneis
214 1785 390 1868 pregradtrnt
410 1788 495 1845 seritis
521 1799 651 1872 tempore
658 1787 793 1866 Agnelli,
814 1799 923 1846 amatr
943 1807 1056 1870 petoque
1077 1787 1182 1866 ligneis

113 1865 215 1948 galeis]
257 1871 359 1926 Locus
381 1867 559 1950 Lnitprandi
583 1870 657 1928 mihi
680 1891 742 1929 non
764 1872 908 1930 occurrit.
949 1870 1113 1944 Quomodo
1133 1868 1183 1930 lu-

19 2007 20 2011 ,
113 1945 157 2008 dos
175 1951 318 2010 Gothicos
339 1952 550 2033 descripserint
564 1953 762 2014 Cassiodorus
782 1965 813 2014 et
831 1953 1007 2025 Ennodius,
1029 1973 1125 2034 quum
1137 1951 1183 2014 itti

113 2041 232 2094 auctores
243 2035 284 2094 ad
302 2055 424 2094 manum
439 2057 499 2096 non
520 2036 598 2112 sint,
620 2057 681 2096 non
701 2037 794 2110 novi,
817 2047 848 2096 et
867 2057 942 2095 num
962 2034 1091 2116 proinde
1111 2057 1184 2096 cum

111 2109 158 2173 illis
175 2115 249 2178 ludis
271 2115 428 2196 Gothicis,
448 2119 486 2180 dc
507 2119 616 2200 quihus
636 2121 749 2180 Noster
769 2123 850 2202 egit,
878 2119 1009 2179 conferri
1040 2118 1183 2180 debeant.

19 2181 21 2256 l
111 2195 251 2272 Quantum
274 2221 293 2260 e
312 2203 473 2261 Muratorii
495 2201 594 2262 verbis
614 2201 745 2284 colligo,
767 2203 891 2263 fuerunt
911 2200 954 2262 illi
970 2201 1092 2262 Gothici
1114 2200 1182 2262 ludi

110 2275 142 2336 ab
159 2281 218 2359 his,
250 2305 329 2366 quos
350 2285 457 2346 Noster
478 2295 614 2356 enarrat,
643 2286 775 2346 multum
806 2286 931 2347 diversi.
974 2284 1025 2345 llli
1044 2287 1077 2344 iu
1099 2287 1183 2346 circo

111 2361 274 2428 exhibebant
296 2367 475 2448 proeliantes
504 2371 595 2428 armis
616 2368 768 2430 ludicris:
797 2369 830 2429 hi
858 2372 890 2427 in
918 2370 1003 2428 cuna
1032 2369 1179 2441 canticis,

111 2444 274 2526 saltatione,
298 2453 433 2527 musica,
467 2453 565 2511 mimis
586 2449 720 2514 ridiculis
730 2450 993 2524 absolvebantur,
1017 2449 1095 2510 nibil
1115 2449 1182 2510 bel·

110 2523 172 2590 licac
190 2533 343 2616 imaginis.
386 2535 445 2596 Sed
466 2537 565 2615 potius
588 2535 661 2594 inihi
681 2535 825 2597 videntur
844 2555 913 2594 cum
935 2531 996 2592 illis
1008 2533 1182 2593 Sarmaticis

109 2604 174 2674 lutis
194 2619 382 2698 convenire,
407 2639 483 2698 quos
496 2617 645 2700 Vopiscus
665 2621 696 2677 in
718 2618 830 2678 Carino
850 2625 999 2677 memorat
1016 2637 1046 2674 c.
1064 2635 1112 2696 19.
1135 2617 1182 2676 in·

20 2763 21 2771 ἶ
111 2701 149 2754 lei·
170 2700 278 2762 multos
301 2699 375 2762 ellos
398 2701 507 2778 ludos,
540 2723 615 2782 quos
647 2719 742 2761 novos
771 2699 888 2760 dedisse
910 2697 1023 2779 populo
1042 2697 1183 2758 Romano

21 2793 22 2801 ’
110 2775 253 2859 imperium
282 2785 387 2860 Carini
409 2797 439 2845 et
459 2785 658 2862 Numeriani,
691 2803 788 2865 eoqrie
806 2781 1002 2843 memorabile
1032 2800 1098 2840 esse
1127 2781 1180 2840 ait.

110 2859 186 2924 llitto
207 2866 327 2949 reliqna
352 2889 414 2928 non
445 2867 576 2950 illepida.
622 2869 709 2945 Quae
736 2869 865 2928 maxime
881 2864 931 2924 ‘ad
960 2885 1026 2924 rem
1045 2873 1182 2924 nostram

109 2939 226 3026 faciunt,
247 2951 346 3012 verba
367 2951 442 3012 haec
463 2961 552 3010 sunta
584 2951 695 3013 Mimos
719 2951 848 3034 tradique
865 2949 1037 3010 adwcavu.
1078 2947 1182 3006 Extu-

108 3023 159 3088 lw't
182 3045 211 3090 et
238 3035 344 3094 ludiim
364 3035 585 3107 Sarmaticum,
620 3053 678 3117 quo
699 3033 813 3094 distetis
833 3033 911 3092 nituit
935 3044 989 3090 est.
1032 3029 1184 3090 Estn'tm't

20 3173 21 3176 ,
111 3109 268 3198 Cjtclopem.
315 3117 379 3176 Non
401 3119 523 3200 quidem
545 3117 634 3178 elaris
654 3118 754 3176 verbis
781 3115 918 3198 exposuit
942 3112 1093 3194 Vopiscus
1114 3111 1182 3172 ludi

108 3189 249 3258 Sarmatici
272 3203 432 3260 rationem.
474 3203 554 3279 Quia
575 3211 676 3260 tamen
697 3199 825 3276 omnia,
846 3217 926 3280 quae
947 3208 1035 3256 autea
1055 3214 1181 3256 enam·

106 3275 141 3334 vit
159 3291 188 3341 et
205 3283 348 3366 deinceps
368 3285 504 3344 nornlnat
526 3284 667 3344 ludorum
688 3304 821 3366 genera,
845 3283 965 3340 admica
993 3289 1023 3339 et
1050 3275 1188 3338 ridicula·

107 3371 186 3439 sunt,
214 3366 312 3439 nihil,
347 3369 426 3449 quod
453 3367 591 3428 bellicam
623 3367 863 3426 exercitationem
885 3363 1000 3444 sapiat,
1029 3369 1078 3431 et,
1098 3359 1181 3441 qood

107 3459 187 3523 caput
204 3452 273 3526 rei,
309 3447 396 3512 ludos
418 3449 560 3510 Gothicas
590 3471 659 3510 cum
679 3449 814 3530 Cyclope
836 3449 951 3529 iungit,
974 3463 1065 3524 quem
1085 3462 1181 3523 paene

107 3523 176 3587 idem
195 3527 349 3594 ludicrum
370 3553 432 3594 ease
454 3555 524 3593 oum
544 3531 622 3593 ludis
650 3533 787 3594 Gothicis
809 3532 920 3591 Nostro
941 3527 1049 3601 dictis,
1077 3535 1107 3585 et
1132 3525 1182 3587 his

108 3603 209 3674 dedisse
226 3617 380 3698 originem
402 3618 537 3698 protinus
562 3615 801 3676 demonstrabo:
830 3609 976 3673 credibile
1001 3617 1062 3683 est,
1091 3607 1179 3676 ludos
1188 3611 1334 3670 samm

108 3687 277 3759 Somancos
299 3699 430 3781 Vopisoo
462 3711 491 3760 et
520 3700 664 3760 Gothicas
686 3701 795 3762 Nostro
815 3697 912 3756 dictos
936 3692 1057 3754 eosdem
1078 3691 1178 3770 foisse,

109 3791 205 3862 fflsque
227 3783 260 3842 id
283 3801 392 3844 nomeu
415 3785 538 3864 adeptos
558 3805 620 3842 uon
642 3781 731 3858 idco,
755 3781 869 3862 quoda
885 3778 1029 3838 Sarmatis
1049 3785 1102 3835 aiat
1115 3779 1180 3836 Go-

108 3855 157 3920 this
173 3862 279 3925 recens
302 3867 411 3948 reperti
434 3878 463 3926 et
486 3871 517 3926 in
534 3867 638 3926 orbem
670 3868 841 3925 Romanum
868 3860 1031 3922 introducti
1064 3869 1178 3919 essarta

110 3955 168 4002 nam
184 3947 364 4010 iamdudum
386 3961 492 4022 antea,
519 3961 599 4012 corte
620 3951 701 4031 apud
715 3953 871 4025 (truscos,
894 3945 943 4006 vel
964 3945 1179 4023 antiquissimis

108 4030 279 4108 amponhus
302 4034 331 4092 in
354 4055 409 4094 nsu
431 4046 517 4094 erant
555 4045 585 4092 ct
606 4029 722 4115 satyrae
744 4033 878 4090 Graecae
909 4030 1056 4110 originem
1087 4025 1181 4084 dede·

110 4121 187 4172 muta
219 4115 272 4176 sed
296 4117 378 4195 quod
414 4118 444 4176 in
467 4117 526 4176 illis
548 4118 702 4178 Sarmatae
722 4125 775 4173 aiat
795 4113 888 4174 Gothi
927 4123 979 4171 aut
1009 4113 1099 4168 etiam
1121 4110 1180 4167 Ba·

109 4195 180 4274 fflngi
210 4197 258 4258 vel
280 4199 410 4275 Franci,
446 4219 549 4260 omnes
568 4201 700 4262 eiiisdem
722 4199 853 4258 nationis
872 4194 983 4255 diversi
1003 4191 1127 4273 populi,
1146 4191 1180 4250 in

111 4279 245 4349 gentilitio
266 4303 322 4342 suo
346 4285 474 4362 vestitu,
496 4293 548 4344 aut
570 4283 708 4344 homines
728 4283 835 4342 Graeci
857 4289 887 4341 at
902 4277 1031 4339 Romani
1052 4273 1091 4334 ad
1111 4291 1179 4330 mo·
