2975 4892
313 299 393 386 138
539 327 594 392 ιο.
623 326 702 393 nc.
731 327 878 392 neuun
903 328 1190 394 commissu

307 480 410 563 qualia
436 489 508 541 sunt
532 497 610 561 quae
639 489 756 540 nostras
780 477 919 540 ecclesias
941 491 1115 562 puwnant.
1154 478 1234 540 Nam
1257 499 1392 543 canum

308 563 417 646 lignei,
439 565 491 646 qni
517 563 630 624 listulas
652 563 793 644 aperiunt
810 562 960 642 depressi,
989 575 1020 625 et
1035 585 1143 625 curuis
1163 562 1309 625 claudimt
1328 565 1390 625 sibi

308 648 466 728 permissi,
488 657 518 706 et
535 647 635 743 digitis
655 646 804 706 feriuntur
825 656 857 704 et
877 646 1007 726 pedibus
1025 646 1197 708 tunduntur
1218 658 1309 728 atquc
1329 646 1392 708 cal·

306 741 426 790 cantur.
469 729 510 790 Et
536 730 627 790 firrsse
655 727 707 788 illa
736 749 849 808 organa
876 729 986 790 Nostro
1019 730 1137 811 saepius
1166 729 1248 790 dicta
1277 730 1391 791 similia

305 811 490 874 nostratibus
510 811 713 874 ecclesiasticis
733 821 816 893 patet
835 833 853 871 e
874 811 981 874 Niceta
997 812 1166 888 Choniata,
1192 814 1245 909 qui
1268 814 1305 875 L.
1322 814 1388 874 111.

306 895 403 956 Alexii
420 896 566 966 Comassa
585 917 612 954 c.
638 915 669 954 a.
689 917 720 976 p.
742 915 814 994 ²2¹·
838 893 879 954 A.
900 917 932 955 s.
956 895 1005 956 ed.
1021 896 1130 956 Venet.
1152 907 1264 977 positos
1281 898 1391 957 inme·

304 983 345 1039 tis
355 980 425 1038 circi
443 971 550 1077 piique
569 977 633 1036 stin
653 979 842 1046 nolvnoiniv
862 969 1006 1057 ὀργάνων
1013 980 1110 1075 folles
1121 1000 1300 1074 urgniwmm
1311 980 1389 1039 mul-

304 1062 694 1226 ‘tit‘tttt'tttttt‘sst
713 1061 1389 1226 intinniit&limittit:

303 1237 356 1286 tur
376 1224 617 1300 adhibebantur,
638 1235 673 1284 ut
696 1227 865 1306 mancipia,
886 1224 1037 1289 calcandis
1057 1165 1202 1302 sollhiris,
1224 1228 1278 1308 qui
1298 1227 1389 1286 listu-

307 1307 352 1372 tas
371 1309 530 1388 organicas
552 1311 739 1385 animarent,
767 1308 1021 1392 quemadmodum
1040 1310 1122 1392 apud
1140 1331 1197 1371 nos
1214 1311 1311 1370 sidem
1332 1330 1394 1370 ne·

305 1393 386 1473 gotio
408 1393 473 1451 faex
490 1390 586 1472 plebis
614 1391 787 1454 adhibetur.
828 1392 870 1452 Et
891 1412 1004 1474 organa
1028 1394 1150 1474 proprie
1173 1404 1245 1453 sunt
1260 1394 1390 1456 Graecis

302 1476 501 1535 instrumenta
521 1476 634 1536 missica
659 1473 783 1553 flatilia,
814 1485 850 1535 ut
864 1485 947 1556 patet
965 1496 982 1535 e
1002 1476 1105 1537 Carm.
1132 1476 1201 1538 136.
1230 1478 1388 1536 lausiane-

302 1577 371 1618 rum
387 1578 434 1619 vs.
456 1557 509 1636 4.,
535 1558 587 1618 uhi
611 1558 650 1618 de
672 1558 775 1618 cicada
795 1558 907 1619 dicitur
927 1549 1089 1642 nitodpyp
1107 1555 1197 1635 μέλει
1221 1556 1302 1637 ridie
1332 1580 1389 1618 κα·

302 1636 477 1718 τωργάνιζε
503 1642 559 1720 τῆς
578 1639 720 1722 ἐρημίας,
737 1644 827 1701 mavi
845 1643 976 1701 εαηηίηε
998 1664 1016 1702 e
1035 1664 1065 1700 se
1083 1642 1190 1725 absqroe
1208 1643 1309 1701 sinna
1328 1662 1389 1725 ope

299 1722 402 1802 effiecm
419 1725 598 1807 personabat
618 1725 700 1785 velut
714 1745 857 1805 organum
874 1725 1068 1807 infrequentes
1087 1725 1237 1786 tomnunn
1251 1746 1386 1806 campos.

213 1851 215 1856 ,
302 1803 367 1865 Ubi
389 1803 447 1866 loci
468 1807 525 1869 nisi
545 1797 676 1890 ὄργανον
696 1809 734 1867 sit
751 1807 940 1892 autfistuin,
960 1807 993 1866 id
1010 1818 1056 1867 est
1070 1808 1191 1888 syrinx,
1221 1817 1275 1866 aut
1294 1807 1387 1884 tibia,

300 1887 463 1949 dicendum
480 1891 550 1965 erit,
571 1892 756 1970 organalem
769 1890 897 1969 Augusti
906 1889 1039 1951 Caesaris
1049 1900 1146 1950 aetate
1161 1893 1195 1949 in
1209 1911 1267 1949 usu
1278 1888 1388 1967 finisse,

300 1972 350 2031 cui
371 1971 509 2052 aequales
531 1973 615 2032 fi1ere
639 1971 837 2052 Apollonides
855 1982 886 2032 et
912 1971 1073 2054 Philippus
1096 1972 1388 2049 Thessalonicensis,

299 2074 432 2135 quorum
449 2056 503 2114 uni
523 2054 668 2134 alterique
685 2075 807 2116 carmen
825 2055 883 2114 hoc
898 2054 1010 2115 diversi
1030 2055 1180 2116 tribuunt.
1221 2055 1299 2114 Vult
1310 2076 1388 2135 quo

299 2157 360 2218 que
381 2135 544 2198 Salmasius
564 2136 602 2196 ad
620 2137 730 2218 Script.
751 2139 832 2197 llist.
854 2138 935 2218 Aug.
955 2139 995 2197 Τ.
1013 2139 1040 2198 l.
1054 2160 1088 2219 p.
1109 2159 1176 2221 ¹79·
1198 2136 1391 2201 vocabulum

300 2239 416 2300 organa
438 2220 470 2279 in
495 2217 548 2280 illo
568 2221 678 2280 veteris
702 2221 923 2302 epigrammatis
945 2220 1027 2280 dicto
1046 2221 1085 2280 de
1108 2220 1289 2303 pyrrhicha:

423 2325 516 2385 Lusias
539 2325 625 2384 tabet
641 2345 792 2408 pstquam,
819 2325 874 2384 sed
896 2325 1003 2385 bahem
1025 2327 1187 2384 certainiiia
1204 2345 1329 2406 paoem,

464 2407 546 2468 Nam
567 2429 698 2470 censeare
720 2409 818 2468 nibem
836 2429 950 2488 organa
972 2409 1086 2496 blanda
1107 2429 1215 2490 pares,

298 2513 413 2576 fistulas
434 2523 552 2575 notare.
595 2511 677 2574 Nihil
699 2521 801 2573 tamen
824 2533 879 2595 ego
901 2511 1024 2594 quidem
1047 2512 1153 2586 video,
1218 2511 1260 2572 rid
1277 2513 1389 2596 prohi-

297 2599 387 2670 beat,
411 2597 573 2680 quominus
593 2617 706 2677 organa
726 2596 768 2656 ibi
791 2595 849 2656 loci
869 2593 948 2658 idem
967 2597 1039 2674 sint,
1065 2597 1147 2678 quod
1160 2618 1201 2658 no
1223 2597 1248 2655 is
1270 2595 1388 2677 hodie,

297 2682 356 2742 nisi
375 2681 453 2742 sorte
473 2691 580 2764 poetae
598 2679 758 2763 prohibeat
777 2690 877 2758 aetas,
911 2678 949 2739 de
976 2701 1038 2760 qua
1064 2678 1140 2739 mihi
1165 2700 1228 2739 non
1251 2691 1388 2742 constat.

296 2763 329 2841 *[
339 2763 384 2822 Or
404 2784 462 2824 ana
482 2764 589 2824 Graeci
616 2767 694 2823 inter
716 2784 771 2822 sua
790 2762 951 2844 praecipua
973 2761 1082 2824 decora
1104 2761 1313 2821 numerabant.
1339 2764 1388 2823 V.

296 2787 405 2924 Nigeli.
449 2845 530 2927 .76.
552 2855 582 2905 et
600 2845 642 2905 ibi
664 2849 815 2918 Murator.
859 2845 941 2904 Loco
961 2855 1110 2905 metarum
1129 2847 1265 2927 ingentes
1284 2846 1392 2903 inter-

298 2925 372 2986 dum
385 2868 472 2986 folles
486 2929 746 3008 pneumaticorum
759 2947 943 3008 organorum
958 2928 1160 3010 ponebantur.
1189 2928 1391 3009 Wagner-ech

297 3009 336 3070 ed
369 3019 435 3069 acta
459 3009 513 3068 SS.
543 3011 713 3091 Martyrum
741 3011 969 3092 Anargyrornm
999 3032 1031 3092 p.
1059 3010 1106 3070 15.
1150 3010 1265 3092 Organi
1294 3015 1392 3075 aurei

296 3093 331 3152 fit
350 3093 462 3152 mentio
484 3091 564 3171 apud
595 3093 786 3156 Constantin.
806 3093 849 3163 de
869 3097 934 3154 vita
957 3092 1059 3155 Basilii
1079 3093 1254 3158 Macedonis
1272 3113 1300 3153 c.
1327 3093 1389 3155 23.

295 3187 326 3236 ct
344 3178 455 3258 Georg.
475 3173 619 3234 Monach.
643 3197 674 3256 p.
693 3174 800 3256 5351*

338 3280 388 3320 20.
406 3259 442 3319 C.
460 3277 490 3320 π.
524 3255 639 3340 33,7.]
663 3253 734 3321 εἴτε.
775 3260 821 3318 Μ.
852 3257 883 3319 ei
896 3257 942 3320 δὲ.

377 3343 413 3402 C.
428 3363 509 3424 penu
522 3351 544 3400 t.
568 3339 636 3424 βᾶ,
655 3339 719 3424 nh]
742 3336 878 3418 παγανὰ.
919 3342 1019 3404 Credo
1038 3363 1102 3404 esse
1122 3342 1299 3403 vestimenta
1314 3360 1389 3402 non

294 3446 369 3485 auro
392 3422 490 3486 aliove
514 3436 624 3484 ornatu
646 3423 822 3506 splendida,
851 3425 903 3484 sed
923 3429 1114 3503 communia,
1147 3424 1247 3508 qualia
1270 3423 1391 3486 diebus

293 3510 436 3590 paganis,
458 3505 489 3567 id
514 3517 558 3567 est
577 3507 735 3590 profestis,
756 3519 787 3568 et
807 3509 840 3566 in
862 3508 1102 3588 processionibus
1121 3510 1267 3592 paganis,
1289 3507 1323 3566 id
1338 3521 1390 3568 est

291 3611 355 3650 non
385 3589 575 3661 solennibus,
617 3602 776 3671 geruntur.
820 3590 975 3652 Habemus
1002 3591 1106 3674 paullo
1132 3601 1201 3674 post
1234 3586 1391 3667 παγανὰς

208 3695 211 3702 ·
290 3671 476 3750 χλαμύδας,
499 3683 528 3732 et
548 3695 580 3754 p.
601 3673 668 3733 106.
690 3673 731 3733 D.
757 3669 899 3753 naynvdv
920 3669 1119 3754 διβητήσιον,
1141 3685 1171 3734 et
1185 3675 1294 3755 passim
1308 3694 1388 3754 pro-

292 3757 438 3814 cessiones
457 3776 607 3836 paganas,
629 3777 706 3836 quae
722 3767 920 3838 opponuntur
942 3761 1009 3828 τοῖς
1029 3755 1202 3834 σολεμνιόις
1222 3747 1291 3835 ἦτοι
1313 3776 1389 3837 φω-

289 3837 432 3913 rancun.
472 3837 601 3898 Fiehant
618 3841 698 3897 enim
717 3839 823 3900 diebus
843 3838 1001 3922 profestis,
1035 3839 1181 3920 quando,
1212 3850 1248 3901 ut
1263 3841 1306 3896 ait
1329 3840 1386 3900 Si-

290 3917 465 3999 lentiarius‚
493 3917 684 3990 θεόστεπτος
703 3913 812 4003 ἑορτὴ,
834 3945 895 4006 qna
912 3923 1079 4005 imperator
1102 3943 1245 3983 coronam
1271 3942 1384 4002 gerere

290 4001 437 4082 debebat,
459 4025 520 4062 non
541 4015 633 4080 esset,
657 4003 771 4085 absque
794 4006 977 4082 indictione,
999 4006 1112 4087 absque
1132 4007 1245 4083 cereis,
1267 4004 1298 4062 in
1321 4025 1385 4064 ve-

288 4085 382 4145 stibus
404 4087 632 4162 coinmunihus,
655 4097 684 4146 et
705 4087 872 4169 lmperator
896 4091 929 4148 in
951 4088 1011 4150 illis
1033 4110 1132 4169 neque
1155 4107 1297 4148 coronam
1317 4108 1379 4168 ge·

289 4168 392 4250 rebat,
427 4191 525 4258 neque
551 4169 780 4234 acclamationes
807 4194 825 4236 a
851 4173 1032 4235 factionibus
1057 4171 1241 4258 accipiebat,
1274 4190 1384 4255 neque
