2975 4892
9 310 20 369 τ,
131 301 190 370 tn
218 303 608 373 consuminare.
629 308 686 372 aa
703 304 841 376 caeru
868 312 943 377 un
974 316 1015 378 n.
1081 284 1164 403 871

9 492 11 526 :
65 458 173 521 horus
189 460 289 548 palmi
301 460 478 539 nundine,
510 482 599 546 sriper
626 480 684 543 quo
713 482 815 523 menso
842 476 972 548 pomaeo
997 466 1163 553 pontificis.

67 538 179 630 [Haeo
197 554 242 604 est
261 542 314 604 illa
331 538 525 625 ἀποκοπή]
569 543 664 629 Apud
674 546 823 628 parietem
843 549 902 608 en't
919 548 1000 609 sedes
1023 553 1166 637 papatis,

9 666 22 695 .,
64 625 123 685 αἱ
139 647 233 709 quiam
252 646 373 711 panio,
412 638 443 688 et
461 626 569 688 deinde
589 646 697 710 magno
718 630 847 691 scabello
867 632 1055 711 ascendetur,
1076 655 1170 695 orno·

64 706 214 792 bitur-qne
228 710 311 770 sedes
329 729 398 769 crem
413 730 519 794 ponito
534 730 623 771 aueo
646 710 798 795 pendente
812 733 903 797 supra
918 727 1017 799 capon.
1061 714 1171 779 Mensa

9 834 11 841 -
64 793 135 852 en't
156 792 219 851 olto
235 792 280 852 nd
295 793 400 853 ἰαοιοοι
423 794 647 877 proportionem
667 814 761 877 supro
787 808 959 877 naggestron.
1000 796 1033 859 A
1050 800 1171 861 οὑιίεοο

9 922 11 929 ,
59 874 238 972 ponnbinu
261 875 326 935 alus
340 896 441 936 nunsa
456 897 516 961 pro
536 876 689 975 sudantia
708 874 815 961 Papae
837 901 903 940 cion
919 881 1004 940 uasti
1027 882 1125 941 aureis
1142 894 1172 943 et

10 1010 11 1015 ‘
63 960 1170 1130 witlsspiiffiniwii'mlfflffipiffl'23¹ss

65 1123 201 1203 sbyteris
228 1124 429 1185 confinalibus
461 1139 491 1187 et
520 1126 614 1209 paulo
638 1125 762 1203 inferius
781 1149 842 1211 pm
860 1130 930 1187 aliis
948 1129 1107 1213 praelatis.
1132 1160 1168 1177 -·

68 1204 108 1269 A
128 1207 248 1268 sinistra
273 1209 421 1287 eregione
441 1230 557 1269 ntensae
573 1207 774 1267 cardinaliun
796 1212 961 1293 parabitis
984 1232 1086 1273 mensa
1110 1232 1170 1295 pm

9 1344 10 1351 ,
67 1287 212 1349 dimon
238 1291 458 1368 cardinalibus,
488 1304 518 1353 et
536 1292 658 1370 ufiritn
685 1292 767 1351 aliae
788 1312 905 1353 merisne
949 1315 984 1354 ro
1006 1295 1171 1355 oratoribus

9 1368 11 1375 ’
68 1371 222 1442 nobiltbru
242 1388 271 1435 et
289 1369 475 1453 efficialibrn.
515 1374 635 1435 Pariter
670 1370 710 1433 de
737 1374 863 1435 Othone
885 1375 914 1435 ll
934 1419 943 1437 .
966 1378 1046 1458 lmp.
1065 1388 1170 1437 narrat

69 1453 258 1517 Dithmarus
278 1457 314 1516 L.
329 1457 385 1517 tv.
399 1502 408 1535 ,
421 1479 490 1519 eum
506 1456 616 1519 sedisse
639 1452 707 1515 loco
730 1458 941 1519 eminentiore.
984 1458 1088 1521 Verba
1106 1462 1171 1521 eius

9 1616 10 1619 Ἴ
69 1548 173 1600 εοοιε
221 1542 393 1623 Imperator
426 1543 580 1625 antiquom
608 1537 728 1621 cupiens
760 1542 994 1601 coruueardurem
1031 1563 1172 1605 morare

69 1640 188 1702 magna
212 1642 254 1683 en·
278 1634 372 1718 parte
388 1625 450 1684 tum
469 1625 530 1683 surb
550 1622 678 1683 deletam
700 1624 880 1707 temportbrn
905 1624 1000 1683 rnulm
1012 1624 1168 1703 faciebat,

10 1708 14 1717 '
69 1724 156 1787 quae
169 1703 282 1763 diversi
307 1705 425 1766 diverse
447 1707 642 1791 accipiebant.
687 1705 775 1766 Solns
791 1706 837 1766 nd
860 1726 992 1767 mensam
1017 1708 1104 1790 quasi
1124 1730 1172 1767 oe·
1290 1715 1294 1731 '

71 1787 261 1847 matitunum
270 1790 393 1869 sennen
408 1790 471 1850 loco
491 1791 614 1849 caeteris
630 1792 820 1850 eminentiore
837 1788 964 1849 sedebat

9 1938 13 1946 ¹
162 1868 201 1931 A.
217 1870 332 1951 penult.
347 1871 435 1956 [7ln,
454 1869 517 1953 14]
537 1864 614 1931 aiei
660 1870 717 1953 τῆς
740 1870 848 1949 τιμίοις
867 1869 1033 1951 τραπέζης.
1065 1870 1173 1934 Posset

9 1968 11 1971 ·
73 1971 115 2011 ex
131 1948 189 2011 hoc
210 1952 277 2014 loco
304 1955 529 2037 quodammodo
548 1892 708 2030 conclbdi,
736 1976 871 2015 mensam
893 1966 1060 2037 separatam
1080 1953 1174 2016 fuisse

74 2034 280 2114 circularem,
297 2048 352 2098 aut
370 2037 476 2099 saltem
497 2037 760 2114 semirotundam,
782 2048 820 2097 ut
837 2039 939 2119 Sigma
952 2038 1104 2097 Graecani
1117 2058 1172 2099 seu

73 2115 104 2176 C
131 2115 287 2179 latinum.
329 2121 408 2182 Sane
425 2119 465 2182 ad
484 2121 641 2200 Sigmata,
663 2122 706 2181 sic
723 2119 917 2202 appellabant
936 2119 1013 2181 tales
1040 2140 1173 2197 mensas,

10 2222 11 2225 ¹
73 2197 226 2262 sedebant
248 2212 363 2263 vetetur
396 2214 427 2263 et
452 2204 543 2263 medii
566 2205 633 2264 aevi
661 2202 807 2265 homines.
849 2201 941 2263 Coni.
966 2202 1051 2263 locus
1079 2202 1172 2263 Dith-

75 2283 159 2351 mari
185 2284 276 2346 modo
309 2290 430 2346 citatus.
474 2286 543 2350 Non
569 2296 671 2347 tamen
703 2286 824 2367 stringit
849 2284 926 2346 illud
950 2295 1173 2368 argumentum.

10 2378 11 2381 ’
74 2364 159 2427 Nam
183 2370 255 2428 satis
275 2380 356 2431 recte
380 2369 440 2431 dici
466 2380 594 2453 possunt
615 2369 694 2431 circa
726 2390 861 2430 mensam
875 2371 992 2429 etiamsi
1009 2366 1174 2453 oblongam

9 2446 12 2479 ⁵
73 2446 223 2511 oollooari
240 2450 387 2512 homines.

164 2533 201 2595 C.
214 2532 247 2597 6.
277 2532 347 2617 743,
363 2530 410 2616 6.]
430 2532 592 2595 κατέναντι
619 2533 675 2612 τῆς
696 2518 803 2609 ὅψεως
820 2530 884 2591 τῶν
903 2531 1071 2606 βασιλέων.
1094 2531 1172 2595 Per-

74 2613 227 2676 obscurus
285 2620 312 2677 ic
340 2628 385 2678 est
404 2616 499 2677 locus.
542 2616 620 2676 Nam
645 2618 670 2675 si
700 2615 870 2694 Imperator
896 2616 930 2673 in
952 2615 1053 2675 medio
1072 2617 1172 2692 sedit,

9 2730 10 2733 ¹
76 2709 164 2760 recta
189 2700 341 2781 prospexit
366 2698 408 2777 ad
429 2698 590 2759 introitum
614 2697 762 2774 triclinii,
792 2696 845 2755 ubi
874 2694 960 2758 nulla
995 2718 1116 2776 mensa,
1143 2708 1174 2758 et

10 2808 11 2811 ¹
77 2801 172 2842 nemo
186 2782 329 2862 sedebat3
360 2782 399 2843 ad
418 2782 555 2843 dextram
582 2800 656 2843 vem
682 2800 746 2841 uon
767 2779 862 2859 magis
881 2780 1052 2854 commode,
1080 2802 1174 2863 ουοοι

9 2898 10 2901 =
79 2862 124 2923 ad
148 2865 312 2942 sinistram,
335 2875 454 2949 poterat
482 2866 667 2947 prospicere.
707 2862 832 2943 Ergone
864 2861 897 2921 in
920 2862 1031 2944 angulo
1054 2884 1174 2923 summo

77 2948 195 3009 sinistri
219 2947 322 3008 latetis
347 2948 491 3009 sedebat?
530 2947 666 3008 Suadere
683 2944 807 3007 videtur
826 2941 877 3004 hic
899 2942 984 3005 locus
1005 2956 1036 3005 et
1059 2968 1089 3027 p.
1101 2943 1174 3022 431.

10 3034 11 3037 ’
78 3030 121 3091 Β.
136 3027 186 3109 4.,
219 3030 273 3091 ubi
305 3024 412 3111 ῆᾶοοο
432 3024 615 3109 noscuntur}
639 3022 746 3102 ἔξοδος
765 3038 973 3105 memoratur,
996 3028 1104 3101 euius,
1123 3029 1176 3110 qni

82 3114 120 3173 rie
134 3134 251 3173 mmma
266 3114 391 3175 triclinii
404 3126 493 3197 parte
515 3135 532 3174 e
553 3116 671 3195 regione
691 3110 889 3194 Imperaton's
908 3123 959 3171 est.
998 3110 1086 3170 Sexta
1100 3130 1175 3170 vero

9 3224 10 3229 ¹
80 3206 117 3257 et
132 3198 257 3279 septim
276 3216 395 3274 mensa,
430 3196 470 3257 ad
492 3216 585 3279 quam
606 3192 826 3272 accumbebant
849 3192 1010 3265 Saraceni,
1042 3204 1111 3253 erat
1134 3193 1176 3253 ad

82 3278 241 3357 dextram,
270 3290 306 3339 ut
332 3288 414 3361 patet
439 3299 457 3339 e
490 3278 592 3339 verbis
610 3280 747 3361 proxime
760 3276 904 3337 subiectis
923 3274 978 3356 τῆς
997 3272 1098 3354 αὐτῆς
1117 3292 1175 3336 ns·

9 3384 10 3391 ¹
81 3356 208 3441 ριόδοο.
250 3362 403 3425 Dicuntur
419 3360 542 3443 Bulgari
564 3382 677 3421 nonam
696 3378 832 3421 mensam
851 3356 986 3420 eiusdem
1003 3358 1097 3419 obitis
1120 3377 1179 3418 seu

82 3442 187 3505 lateris
203 3464 351 3527 occupare
373 3466 443 3507 cum
465 3446 642 3523 Saracenis,
664 3454 694 3505 et
725 3461 872 3523 pauperes
899 3460 1013 3501 nonam
1039 3460 1177 3501 mensam

41 3568 43 3573 -
84 3523 225 3587 sinistrae
248 3528 406 3610 positionis
434 3548 487 3589 seu
513 3527 632 3610 plagae.
678 3525 765 3607 Ergo
793 3523 916 3607 Brdgari
943 3541 1058 3584 nonam
1090 3542 1177 3585 men·

84 3628 153 3670 sam
179 3610 276 3671 dextri
311 3610 432 3691 lateris,
465 3621 497 3672 et
528 3608 672 3673 Saraceni
705 3608 783 3670 duas
812 3606 889 3669 elias
906 3604 1044 3669 eiusdem
1075 3603 1178 3669 latetis

83 3692 363 3920 occrrpgbgntpffl’
377 3770 428 3860 9.]
451 3768 615 3857 περιόδου.
655 3770 785 3835 Liberae
803 3790 916 3855 nempe
940 3778 1030 3831 erant
1053 3788 1176 3833 mensae

85 3870 119 3922 et
130 3878 147 3917 a
159 3860 268 3939 parieti
290 3856 522 3941 usaliquantum
535 3866 681 3935 remotae,
693 3868 729 3917 ut
743 3867 862 3939 praeter
874 3874 926 3915 eas
936 3862 1002 3914 tam
1010 3852 1051 3913 ab
1061 3856 1174 3923 antica,

85 3963 180 4026 quam
201 3964 219 4002 a
239 3943 356 4024 postica
378 3941 457 4002 obiri
485 3952 605 4024 posset,
633 3951 663 4001 et
685 3936 956 4002 introducebantur
982 3939 1131 3998 convivae
1158 3954 1178 3995 a

86 4024 225 4110 postica,
246 4025 453 4087 educebantur
467 4036 568 4086 autem
580 4022 620 4085 ab
637 4024 749 4083 antica.

171 4109 212 4169 D.
231 4108 260 4169 5.
275 4107 365 4192 Uib,
385 4104 448 4193 ι6.]
469 4098 619 4183 itunae.
649 4106 776 4189 Absque
795 4105 879 4165 zonis
898 4102 1054 4165 intrabant
1070 4100 1103 4159 hi
1122 4098 1178 4158 Sa·

87 4194 209 4269 raceni,
231 4190 312 4255 sorte
332 4192 422 4276 quia,
461 4201 497 4253 ut
516 4196 595 4273 capti
616 4188 714 4269 bello,
739 4188 901 4270 discincti,
920 4182 1062 4271 anguto,
1085 4180 1116 4244 id
1133 4190 1180 4242 est
