2975 4892
343 315 423 420 rot
539 345 594 407 ιο.
630 340 710 407 uc.
745 340 892 405 amm
921 333 1206 404 columnam

336 494 393 558 ani
418 495 508 580 τιμῇ,
551 505 587 556 ut
608 497 651 556 ait
676 493 867 555 Constantin.
895 490 936 554 de
956 489 1097 554 Themat.
1120 509 1191 572 pag.
1211 507 1243 571 9.
1268 484 1304 546 Β.
1324 496 1355 548 et
1374 483 1426 550 Ε.

335 575 410 641 vid.
423 580 473 638 Du
487 579 589 660 Gange
602 577 699 638 Gloss.
714 577 821 636 Graec.
837 575 869 636 h.
886 597 918 636 v.
933 586 963 636 et
976 575 1046 634 Lat.
1058 593 1091 633 v.
1108 573 1290 668 obseqrdam.

389 661 489 738 4ο.Β.
500 682 530 720 a.
547 660 615 744 [66,
629 658 678 742 4]
701 656 943 737 ἕπακουμβίζων
956 665 1014 718 etc.
1057 655 1195 716 Bacchus
1223 654 1332 729 nicus,
1367 647 1428 710 vel

334 741 519 817 incumbens,
543 763 631 827 super
649 743 808 817 caracellae,
831 743 963 826 quissent
981 737 1065 823 apud
1081 736 1285 798 autiuoensiwn
1304 734 1427 793 lutera-

336 822 376 886 le.
419 825 516 887 Credo
533 827 634 907 itaque
661 827 899 897 antemusium,
928 821 978 884 vel
998 819 1116 885 arulam
1140 820 1255 880 stetisse
1277 813 1428 876 adlatus

336 907 538 970 cancellorum
562 908 707 984 bematis,
741 918 772 967 et
791 905 874 966 illam
895 903 1011 965 arulam
1034 924 1104 964 suos
1124 922 1244 983 quoque
1267 897 1426 959 cancellos

335 987 495 1068 habuisse,
528 1011 630 1052 coram
653 989 765 1072 quibus
791 990 1085 1060 communicaturus,
1116 997 1146 1045 et
1168 996 1249 1045 retro
1272 1002 1350 1064 quos
1366 1002 1426 1040 sa-

335 1073 441 1134 cerdos
452 1075 693 1134 communionem
705 1069 831 1132 daturus
847 1082 950 1132 staret.
994 1069 1083 1130 Cous.
1094 1066 1185 1129 huius
1202 1086 1271 1148 pag.
1291 1063 1328 1124 C.
1344 1084 1425 1144 pen·

335 1155 414 1232 ult.,
443 1155 505 1216 ubi
521 1151 685 1234 βασιλικὸν
714 1151 889 1231 detructum
908 1147 1086 1233 ἔμπροσθεν
1104 1147 1162 1211 τοῦ
1184 1143 1423 1225 θυσιαστηρώυ

334 1248 502 1316 memorat,
528 1249 607 1320 etp.
630 1235 682 1322 47.
703 1236 743 1299 A.
767 1238 849 1313 init,
870 1235 1016 1319 equibus
1036 1233 1109 1294 locis
1123 1242 1228 1313 patet,
1248 1229 1427 1310 Impernto·

334 1335 382 1379 res
411 1342 444 1381 ex
471 1320 522 1381 illa
544 1341 596 1384 aru
627 1321 869 1380 communionem
893 1319 1027 1401 accipere
1056 1316 1254 1376 consuevisse.
1296 1310 1426 1372 Ibidem

333 1404 383 1482 (p.
405 1401 457 1486 47.
477 1403 534 1483 Β.)
566 1413 750 1464 memoratur
776 1400 859 1462 aliud
890 1395 1068 1479 a’vupr'orov
1094 1389 1261 1474 βασιλικὸν
1286 1392 1320 1455 tr
1346 1397 1426 1465 τοῖς

332 1485 598 1564 κατηχουμενίοις.
639 1487 696 1546 Est
712 1496 812 1545 autem
835 1481 1011 1559 dnrpt‘crtoa
1038 1479 1123 1541 arula
1144 1475 1314 1559 portatilis,
1344 1495 1427 1534 cou-

333 1577 465 1643 secreta,
487 1569 559 1628 item
580 1579 662 1649 tapes
683 1577 892 1644 consecratus3
914 1567 988 1646 qui,
1009 1563 1152 1645 quoniam
1174 1582 1244 1622 arne
1260 1579 1424 1620 consecra·

333 1657 382 1709 tae
401 1670 464 1709 non
484 1651 597 1731 ubique
615 1649 798 1711 circumvehi
814 1660 959 1731 possunt,
982 1667 1101 1708 meusne
1119 1642 1238 1726 vulgari
1254 1643 1420 1714 instratus,

333 1730 456 1792 Graecis
485 1731 689 1793 sacerdotibus
713 1753 770 1815 pro
798 1752 851 1791 ara
873 1742 929 1792 est.
973 1729 1046 1790 Vid.
1079 1729 1212 1788 Gretser.
1237 1725 1277 1786 ad
1299 1723 1419 1782 Codin.

331 1833 365 1956 p.
392 1813 459 1898 169.
492 1815 584 1876 Goar.
607 1816 646 1876 ad
669 1812 848 1897 Theophau.
873 1835 903 1895 p.
927 1813 998 1896 379.
1023 1813 1075 1870 Du
1102 1809 1203 1892 Gange
1229 1806 1327 1867 Gloss.
1353 1805 1417 1864 Gr.

357 1915 414 1956 .v.
440 1895 581 1958 lleiuecc.
601 1898 658 1958 lll.
685 1899 753 1958 130.
797 1895 872 1956 Tale
893 1896 1111 1956 antemeusium
1128 1892 1276 1952 credentia
1295 1888 1425 1951 Latinis

331 1977 423 2038 medii
443 1981 509 2040 nevi
541 1979 758 2061 appellabatur.
802 1976 1008 2038 Cercmoniale
1036 1975 1159 2036 Patricii
1176 1977 1223 2034 tit.
1243 1973 1283 2032 ll.
1306 1969 1331 2052 S.
1356 1989 1420 2031 r.:

331 2057 461 2121 Paretur
478 2065 567 2121 etiam
586 2075 654 2122 ante
673 2063 769 2120 altare
788 2059 937 2122 credentia
952 2079 1012 2143 pro
1032 2059 1234 2119 consecratore
1248 2069 1277 2114 et
1295 2051 1423 2113 creden·

330 2145 373 2202 tia
390 2163 448 2225 pro
469 2145 612 2244 Pontptce
640 2143 727 2204 electo
747 2163 813 2202 cum
831 2144 915 2204 rebus
933 2142 1102 2226 opportunis
1122 2139 1166 2198 ad
1182 2137 1420 2199 calamonem.

332 2223 438 2284 Graeci
453 2227 618 2304 προθεσεις
638 2223 841 2308 appellabant.
885 2225 1064 2286 Tenendum
1081 2235 1195 2300 tamen,
1215 2214 1272 2289 τὰς
1291 2213 1421 2298 πςροθέ-

331 2325 398 2378 σεις
417 2309 495 2368 intra
514 2309 665 2368 tribunam
689 2307 826 2386 stetisse,
848 2317 878 2368 et
893 2309 1028 2368 serviisse
1050 2306 1141 2366 sacris
1162 2305 1240 2363 vasis
1261 2300 1304 2360 ihi
1319 2320 1419 2379 repo-

330 2389 448 2450 nendis.
491 2389 715 2452 Antimensium
736 2401 856 2467 autem,
886 2390 924 2450 dc
967 2410 1008 2450 uo
1026 2390 1075 2450 laic
1098 2408 1196 2448 sermo
1219 2394 1282 2459 est,
1310 2381 1422 2443 stabat

331 2481 413 2532 extra
432 2471 571 2534 tribunae
596 2473 755 2534 cancellos.
798 2474 868 2534 Dixi
883 2412 988 2554 paullo
1001 2482 1090 2547 ante,
1116 2469 1189 2530 mihi
1207 2468 1303 2528 videri
1329 2464 1420 2526 hanc

330 2553 447 2615 arulam
470 2559 584 2618 stetisse
608 2557 688 2639 apud
706 2555 854 2616 cancellos
869 2556 1019 2616 tribunae.
1060 2552 1183 2612 Rectius
1206 2561 1307 2610 tamen
1328 2546 1420 2608 forte

331 2635 421 2698 fuerit
437 2639 536 2700 dicere
554 2661 621 2700 eam
643 2639 769 2700 inferius
790 2639 925 2710 stetisse,
943 2638 1014 2719 quia
1032 2635 1135 2718 paullo
1155 2643 1222 2716 post
1237 2633 1274 2692 C.
1288 2629 1415 2714 penult.

330 2719 442 2782 dicitur
461 2723 644 2803 Imperator,
668 2732 829 2803 postquam
848 2724 976 2781 stetisset
997 2740 1100 2779 coram
1117 2717 1198 2798 regio
1215 2716 1416 2786 antimcnsio‚

331 2796 534 2881 ἀνέρχεσθαι,
557 2805 715 2865 ascendere
732 2825 785 2886 per
804 2804 915 2887 gradus
934 2801 1093 2877 tribunae,
1114 2811 1149 2860 ut
1162 2799 1203 2858 ibi
1225 2795 1419 2857 commuuio·

330 2899 400 2941 uem
421 2905 438 2943 a
456 2888 626 2964 patriarcha
647 2887 784 2966 accipiat.
827 2883 1014 2962 Ἀντιμάτιον
1033 2883 1083 2943 vel
1110 2878 1316 2956 :autumatur
1342 2879 1418 2936 ori-

331 2967 400 3044 giue
420 2977 507 3027 tenus
533 2979 578 3028 est
603 2983 789 3043 antemensa,
818 2966 866 3027 vel
891 2989 994 3028 mensa
1014 2986 1117 3027 coram
1140 2962 1199 3024 alia
1220 2965 1334 3042 posita,
1372 2971 1420 3021 ut

329 3042 643 3129 α’ντικωνσιστιόριον,
667 3052 893 3123 consistorimn,
924 3049 1006 3130 quod
1024 3049 1156 3131 primum
1180 3047 1327 3115 occurrit,
1351 3063 1420 3104 an-

330 3138 452 3210 tequam
475 3132 506 3190 in
526 3152 635 3192 verum
657 3144 687 3192 et
712 3154 857 3214 magnum
876 3133 1086 3193 consistorium
1108 3130 1265 3200 veniatur,
1296 3127 1419 3186 aarum

329 3214 507 3272 rorist'storii:
537 3225 573 3274 ut
598 3219 798 3289 mulcantem,
831 3236 950 3275 camara
971 3212 1019 3275 vel
1041 3211 1207 3274 triclinium
1226 3230 1327 3270 corum
1346 3207 1419 3269 alio

329 3293 477 3356 nobiliore
498 3300 649 3379 positum,
673 3300 784 3358 atrium
808 3319 963 3376 camarac;
994 3306 1028 3356 ut
1044 3289 1285 3370 ἅπικὰνθαρος,
1317 3291 1419 3351 Arue-

328 3379 503 3454 cantharis,
529 3383 637 3440 atrirmr
659 3381 822 3454 Cantlrari,
844 3380 926 3461 quod
947 3400 1058 3439 nomen
1079 3387 1144 3437 erat
1159 3375 1264 3436 balnei'
1278 3369 1420 3437 Ahen-

328 3459 419 3520 driui.
463 3459 555 3544 Apud
575 3463 714 3546 Theoplr.
738 3485 769 3546 p.
797 3465 864 3524 150.
883 3462 925 3522 A.
946 3460 1005 3522 ult.
1026 3472 1056 3522 et
1072 3459 1153 3541 apud
1173 3459 1316 3518 Nostrum
1333 3478 1414 3539 pag.

329 3561 381 3623 97.
402 3543 437 3601 C.
461 3541 651 3646 dmitpopoe,
681 3549 865 3627 anteferrem,
898 3544 999 3604 forum
1019 3544 1119 3604 minus
1141 3542 1248 3601 maiori
1264 3551 1421 3620 praeten-

328 3629 405 3681 tum.
448 3621 636 3688 ’Aminaion
661 3630 743 3710 quod
772 3648 874 3710 panno
923 3627 1114 3707 rneponitur,
1144 3622 1195 3685 vel
1222 3623 1416 3704 praesuitur.

329 3703 402 3764 Vid.
423 3705 547 3768 Salmas.
567 3710 605 3769 ad
626 3710 690 3770 Ser.
713 3711 755 3771 H.
776 3711 816 3771 A.
836 3711 874 3769 T.
899 3649 940 3769 ll.
963 3731 1032 3791 pag.
1051 3707 1122 3790 575.
1167 3707 1234 3764 lam
1255 3705 1419 3767 veteribus

328 3787 451 3870 Graecis
472 3786 557 3868 duci,
577 3802 607 3851 et
625 3793 740 3852 Latinis
765 3812 885 3874 quoque
904 3793 970 3852 arui
988 3801 1018 3850 et
1038 3804 1107 3850 ante
1128 3788 1200 3848 iude
1221 3799 1326 3847 natum
1348 3809 1417 3848 no-

327 3869 404 3928 tavit
423 3892 499 3952 prae
522 3871 553 3931 in
578 3875 866 3954 compositionibus3
895 3885 931 3934 ut
963 3863 1110 3942 ἀντίπαις
1137 3891 1305 3954 pruepuer,
1326 3889 1418 3930 nou-

328 3951 401 4010 dum
417 3973 512 4034 puer,
543 3955 594 4014 scd
615 3978 682 4016 mox
706 3958 836 4026 futurus.
879 3946 1013 4036 Κάρνον
1040 3951 1149 4033 λεπτῆς
1170 3944 1339 4037 οἷντίδοροι,Ι
1354 3954 1419 4022 ts-

327 4031 417 4105 m'doc
438 4038 447 4112 (
456 4040 479 4095 si
497 4036 592 4116 proba
604 4047 648 4098 est
667 4060 702 4098 ca
722 4038 841 4118 lectio),
864 4059 939 4111 mcx,
962 4059 1037 4121 quae
1056 4047 1175 4096 estante
1192 4024 1418 4115 deglubulrhem

325 4119 418 4175 tenuis
427 4119 597 4200 pelliculae,
620 4119 821 4203 Autlrologiae
838 4143 906 4201 pag.
927 4119 1015 4197 430„
1038 4118 1067 4177 id
1092 4128 1138 4177 est
1157 4137 1214 4195 ca,
1235 4137 1311 4198 quae
1332 4113 1419 4177 illuc

325 4201 462 4279 pervenit
474 4203 673 4281 maturitatis,
693 4215 729 4264 ut
742 4204 865 4286 incipiat
877 4203 941 4285 pati
954 4221 985 4262 se
999 4197 1132 4281 deglubi.
1174 4193 1421 4279 ’Avrrxrq'psom
