2975 4892
224 419 232 461 l

310 289 394 406 398
542 304 1185 388 ro.1lc.nusxucoimmtl1tu
1303 273 1309 287 ’

310 477 417 540 ardere
437 477 513 562 ignis
532 477 698 560 coepisset,
719 487 768 553 et,
791 487 826 538 ut
845 478 879 540 in
898 475 1043 539 carbones
1060 474 1109 538 ille
1129 451 1260 551 abiisset,
1284 487 1358 562 taps-
1451 498 1452 543 3

308 563 391 623 tibus
417 561 449 622 id
479 559 702 636 insumebant,
732 559 844 641 quibus
871 558 961 643 pedes
981 571 1012 621 et
1031 559 1161 621 medium
1179 579 1281 641 corpus
1298 561 1360 622 sub·
1451 590 1452 615 ι

310 645 489 720 mittebant,
510 647 564 726 qui
578 655 682 725 tepore
704 642 763 703 frui
789 641 913 704 vellent.
955 643 1004 703 Sic
1021 643 1140 704 tennuri
1159 643 1258 704 structi
1281 654 1359 723 sunt,

308 729 419 810 quibus
434 727 525 788 bodie
539 748 609 787 usus
620 737 665 786 est
690 726 720 785 in
742 725 857 788 oriente
867 743 890 804 ς’
907 724 969 786 vid.
984 725 1064 786 della
1080 723 1164 786 Valle
1181 722 1274 807 Epist.
1296 727 1359 786 ltin.

305 813 352 872 ll.
374 833 420 894 ¹7·
437 820 467 870 et
480 808 595 870 Olearii
611 809 672 868 lter
690 807 802 870 Persic.
817 830 850 890 p.
864 831 906 870 m.
917 806 989 890 415.
1014 820 1045 870 et
1060 807 1184 869 aliorum
1208 809 1358 868 itineraria.

307 895 351 956 -Et
364 895 406 954 sic
426 913 546 974 quoque
561 893 667 954 structi
684 903 771 952 erant
783 903 920 952 veterum
942 892 1125 952 Graecorum
1147 885 1229 952 turoi
1244 889 1290 952 rel
1304 887 1360 949 κλί-

308 978 408 1058 flaret.
451 975 539 1036 Clare
565 974 597 1034 id
617 983 700 1058 patet
725 995 762 1036 ex
782 973 992 1057 Aristophanis
1011 975 1119 1057 Vespis
1141 993 1185 1034 vs.
1211 971 1272 1056 167.
1287 971 1362 1050 ,nbi

309 1061 422 1120 mentio
443 1059 477 1117 fit
502 1055 632 1138 τηλίας,
662 1055 715 1118 lati
731 1057 854 1118 rotundi
873 1057 1028 1140 operculi,
1048 1056 1129 1140 quod
1150 1055 1191 1140 τῇ
1207 1048 1300 1140 xdxrp
1316 1075 1361 1115 sen

306 1141 350 1225 τῷ
375 1136 454 1224 ἴπνῳ
479 1140 701 1221 imponebatur.
744 1139 852 1201 Posset
875 1140 999 1224 quidem
1024 1143 1193 1202 coniectura
1221 1139 1297 1215 fieri,
1314 1130 1363 1208 τὰς

307 1215 429 1293 esionae
449 1233 586 1283 veterum
608 1225 796 1284 Graecorum
809 1224 900 1286 fixisse
914 1224 949 1284 in
966 1223 1059 1301 istum
1079 1223 1203 1286 modum
1222 1241 1361 1302 compara-

305 1317 352 1448 llll
370 1306 574 1450 ιιιφιῖἑιιεῐιέεἰο
594 1325 670 1448 apro
690 1308 722 1367 in
748 1303 835 1366 ltalia
853 1317 940 1405 erant
973 1292 1191 1450 apudleffinttes
1210 1303 1363 1447 writes

340 1409 349 1447 ι
378 1407 449 1447 rncu
489 1410 567 1449 n.
637 1409 690 1448 um
719 1408 790 1450 nem
850 1411 930 1450 sre‘r
972 1410 1019 1450 em
1130 1411 1174 1449 n.
1281 1407 1312 1446 ns
1335 1405 1363 1445 ιιι

304 1470 429 1532 aedibus
453 1471 570 1534 defossa
595 1482 660 1532 erat
688 1408 839 1553 profirnlllea
864 1493 930 1534 sero
976 1472 1042 1552 ,in
1064 1492 1126 1554 qua
1147 1469 1223 1554 ignis
1245 1467 1365 1530 ardebu.

306 1554 343 1613 ln
373 1563 452 1614 tecto
478 1566 578 1616 autem
601 1553 706 1614 relicta
727 1565 792 1616 erat
813 1556 864 1616 isti
888 1555 986 1618 sembi
1016 1554 1057 1616 ad
1080 1556 1221 1617 verticem
1244 1553 1364 1633 opposita

304 1635 456 1713 fenestra,
472 1658 526 1718 per
542 1657 633 1720 quam
657 1637 758 1700 firmus
774 1637 883 1700 exibat.
924 1638 987 1700 Ubi
1005 1633 1196 1720 deflagrasset
1209 1636 1298 1717 ignis,
1314 1633 1364 1693 ob·

305 1717 418 1779 debant
444 1719 492 1780 isti
515 1721 663 1782 fenestrae
685 1719 790 1782 taliam
816 1717 965 1802 ligneam,
986 1731 1040 1781 aut
1068 1724 1160 1781 etiam
1180 1721 1255 1780 ciem
1272 1736 1365 1800 vespe·

302 1821 389 1946 lii?
408 1803 531 1948 ‘lilii'
545 1803 1185 1948 ¹¹⁰¹”lttdtltlfffittltlfflt‘
1201 1812 1231 1861 ⁰²
1244 1797 1365 1960 liii

302 1985 355 2038 τος
374 1929 547 2045 dicebamr:
565 1907 636 2050 dqfiia
653 1970 747 2030 boves
764 1909 946 2030 uenalium
970 1903 1266 2045 liberabanturplriic
1286 1964 1364 2024 etiam

302 2049 404 2110 medio
417 2071 493 2110 aevo
512 2053 679 2132 rguuegium
697 2051 778 2111 idem
794 2049 914 2115 v'alebat
935 2063 1025 2134 atque
1045 2069 1189 2135 vespera3
1209 2060 1239 2111 et
1259 2043 1366 2130 quando

302 2131 336 2191 id
353 2132 523 2192 faciendum
536 2143 633 2210 esset,
654 2135 862 2216 ingruentibus
877 2154 983 2216 nempe
999 2135 1156 2214 tenebris,
1170 2135 1283 2216 siguum
1294 2148 1367 2190 cam*

231 2286 235 2295 Ι
302 2235 383 2296 pana
406 2214 548 2292 dabatur,
570 2237 632 2298 quo
649 2215 998 2280 monebanturbomines
1012 2217 1178 2302 tegendum
1196 2235 1257 2276 esse
1280 2213 1366 2296 W

303 2307 335 2358 et
348 2295 524 2376 fumarium,
543 2318 582 2358 ne
597 2319 652 2381 per
664 2299 804 2360 tenebras
823 2322 901 2362 noxa
922 2300 1037 2362 fiereta
1055 2301 1204 2373 flammis,
1221 2297 1366 2358 autetiam

301 2399 342 2440 ne
363 2379 438 2440 fumi
464 2392 494 2441 et
516 2381 593 2461 ignis
614 2393 777 2464 conspectu
798 2381 952 2446 allicerent
974 2385 1057 2445 fines
1079 2395 1111 2445 et
1131 2383 1259 2444 latrones
1275 2378 1366 2460 (ullu

301 2461 346 2522 Ca
387 2483 404 2524 e
422 2483 454 2523 v.
468 2463 668 2546 Igru'tegrirm,
687 2477 719 2526 et
739 2467 890 2537 Mumtor.
912 2467 952 2526 T.
960 2467 999 2533 11.
1013 2467 1144 2550 Antiqu.
1156 2464 1223 2528 ltat.
1243 2485 1274 2545 p·
1286 2457 1368 2542 pu).

301 2545 356 2606 Un
378 2567 396 2606 e
416 2549 561 2608 remansit
575 2548 658 2630 apud
674 2569 730 2610 nos
750 2548 801 2610 ille
820 2570 884 2612 mos
907 2549 964 2610 sub
986 2571 1148 2632 vesperem
1167 2565 1306 2629 campana
1323 2562 1367 2602 ³0·

299 2629 405 2690 nandi.
445 2631 477 2690 Si
495 2634 563 2712 quis
579 2651 613 2692 ox
635 2630 694 2692 hoc
710 2653 795 2692 more
812 2631 915 2692 locum
926 2631 1142 2715 Aristophanis
1160 2647 1301 2714 exponere
1311 2646 1368 2686 ma·

299 2709 362 2784 lit,
379 2711 455 2772 nibil
474 2713 597 2795 quidem
617 2713 715 2776 babeo
734 2714 818 2799 quod
833 2737 1004 2798 opponam:
1026 2728 1060 2777 et
1075 2728 1151 2799 puto
1165 2713 1295 2796 profecto
1305 2729 1368 2790 pte·
1451 2752 1452 2755 =

298 2813 354 2855 nes
376 2793 551 2857 incultiores
582 2798 727 2858 Graeciae
754 2809 876 2880 gentes,
902 2800 975 2860 item
998 2797 1082 2880 apud
1111 2801 1276 2860 rusticanos
1296 2792 1369 2852 hunc

297 2875 485 2957 ignisalendi
498 2899 612 2940 morem
623 2879 800 2942 obtinuisse.
821 2882 864 2942 At
881 2883 912 2941 in
924 2881 1059 2959 Athenis
1073 2879 1276 2943 cummaxime
1288 2871 1367 2936 cultis

297 2965 363 3018 tam
374 2960 480 3020 rudem
493 2961 524 3020 in
534 2962 658 3022 modum
674 2962 766 3041 fuisse
773 2974 901 3025 suuctas
916 2963 1013 3039 aedes,
1024 2975 1062 3027 ut
1075 2987 1131 3047 per
1141 2964 1253 3024 medias
1265 2963 1368 3043 petent

297 3035 410 3122 pluviis
439 3042 583 3104 illabendi
607 3056 638 3105 et
657 3045 741 3107 fumo
755 3048 883 3107 exeundi
904 3048 1046 3125 fenestra,
1061 3069 1125 3130 <pra
1138 3039 1371 3108 omniasordlda·

297 3135 404 3184 rentur
415 3135 445 3185 et
455 3138 734 3206 conspurcarentur,
742 3139 773 3188 et
783 3131 907 3190 ruinosa
919 3129 1038 3209 fierent,
1054 3132 1107 3194 vix
1115 3130 1191 3191 mihi
1203 3123 1367 3211 persuadeo·

297 3205 399 3269 Multo
409 3205 573 3290 elegantior
585 3219 616 3270 et
629 3210 816 3272 commodior
832 3211 986 3274 illaaltera
1000 3217 1080 3277 ratio
1092 3225 1307 3293 ,tennmorum
1318 3223 1369 3288 pu·

296 3297 340 3350 ta.
354 3289 405 3351 Ab
417 3291 527 3352 borum
544 3302 744 3354 tennurorum
757 3295 951 3356 similitudine
969 3295 1068 3376 (liceat
1086 3298 1163 3358 mihi
1177 3293 1328 3359 brevitatis
1344 3294 1370 3345 el

296 3375 837 3521 luttitltlttudtttttltss
857 3373 1371 3544 lfefflluttltplffil

297 3540 331 3598 iu
352 3538 518 3615 ambitum,
541 3542 633 3624 plana
657 3542 829 3618 infundo,
861 3542 1018 3625 spiraculis
1055 3557 1089 3607 et
1139 3547 1269 3608 fenestra
1297 3537 1369 3601 sum(J

226 3641 233 3654 ·
297 3617 411 3679 exitum
431 3621 539 3683 datura
564 3623 708 3689 instructa
721 3637 795 3689 erat
818 3625 908 3687 Cous.
922 3649 1000 3710 qnae
1017 3627 1058 3689 ad
1077 3628 1291 3711 Aristophanis
1304 3621 1369 3683 Plu⁴

297 3711 365 3760 tum
386 3701 424 3761 de
444 3703 500 3764 bac
515 3725 589 3767 voce
609 3709 778 3786 Bentleius,
799 3720 830 3769 et
853 3710 997 3774 adversus
1021 3731 1094 3771 eum
1118 3723 1202 3774 recte
1223 3709 1282 3772 viri
1299 3701 1369 3765 (1⁰⁰ti

297 3783 504 3882 disputarupt.
526 3785 615 3850 Alter
631 3791 738 3852 modus
764 3793 840 3874 ignis
862 3794 945 3874 apud
966 3796 1101 3856 Graecos
1130 3794 1234 3855 alendi
1260 3799 1320 3852 erat
1340 3781 1371 3845 ἒν

297 3868 369 3933 ταῖς
388 3862 557 3944 ἐσχαραις,
580 3873 612 3932 in
633 3875 781 3934 craticulis
790 3877 905 3952 fineis
927 3898 979 3938 seu
997 3879 1105 3938 arulis.
1154 3879 1197 3938 Ut
1213 3877 1291 3938 euim
1308 3883 1371 3930 arae

296 3943 445 4088 pauentes
463 3961 569 4028 erant,
590 3966 620 4016 et
643 3957 743 4038 ignem
763 3956 885 4019 alebant
903 3959 1126 4021 sacrificiorum
1148 3983 1256 4035 eausa,
1285 3953 1372 4017 habt*

321 4039 433 4110 autque
450 4034 633 4114 craticulas,
654 4059 743 4120 super
760 4041 871 4122 quibus
894 4043 971 4125 ignis
993 4044 1193 4121 sumebatur,
1213 4055 1244 4104 et
1263 4032 1371 4101 sabbis

297 4111 568 4256 quadrrppmem
588 4117 752 4200 laminam,
773 4126 953 4205 excipiendis
973 4127 1151 4188 cineribus:
1174 4128 1218 4187 ita
1244 4121 1374 4186 (eschame

296 4212 350 4254 seu
368 4193 415 4255 foc
483 4199 632 4280 gestatiles
647 4203 687 4264 ad
709 4205 792 4266 bunc
812 4208 938 4270 modum
961 4208 1054 4286 facti,
1078 4213 1224 4294 quamvis
1246 4225 1306 4269 non
1324 4219 1371 4262 Μ·
