2975 4892
277 314 364 429 374
521 342 577 407 ro.
608 338 687 405 uc.
716 342 863 405 nnsru
898 336 1183 405 conuentum

275 510 342 560 sent
361 499 484 573 uxorii,
515 508 568 559 aut
588 500 632 559 rei
653 520 788 566 summae
808 496 958 581 gerendae
977 518 1039 559 non
1059 517 1168 579 pares,
1191 506 1244 555 aut
1264 495 1360 575 impe·

274 584 355 643 rium
375 581 569 665 Augustsbus
589 580 747 659 deberent,
768 594 821 643 aut
841 583 917 643 urbe
936 582 1073 641 abessent
1092 590 1123 641 et
1142 580 1358 639 administran-

275 665 348 725 dum
372 666 528 746 imperium
554 666 667 725 interea
692 665 887 747 Augustabus
907 666 1135 725 commisissent.
1178 662 1275 722 Alexii
1298 660 1359 719 Co-

275 750 378 808 mneui
400 760 537 826 matrem,
558 749 605 807 cui
626 746 705 809 filius
724 750 886 829 imperium
906 748 1047 819 debebat,
1069 767 1156 827 saepe
1175 742 1361 829 praesedisse

275 830 307 891 in
327 831 609 908 consultationibus,
646 830 699 893 illo
723 834 897 913 praesertim
923 834 956 891 in
976 832 1072 911 Epiro
1095 830 1240 890 adversus
1260 829 1358 906 Roge-

275 915 357 974 rium
378 916 587 975 Normannum
600 912 694 975 'bella
714 925 856 997 gerente,
878 914 1019 975 discimus
1041 936 1076 973 ex
1089 911 1234 973 Alexiade
1251 911 1361 969 Annae

277 998 459 1057 Comnenae.
518 1000 689 1075 Margareta
723 998 881 1077 Augusta,
920 998 1025 1057 lsaacii
1046 994 1156 1079 Angeli
1190 1014 1288 1073 uxor,
1309 995 1359 1051 in·

275 1080 410 1141 terfuisse
429 1079 563 1142 conciliis
582 1081 693 1141 dicitur
712 1102 730 1141 a
750 1079 938 1141 Rhamnusio
948 1104 980 1163 p.
992 1079 1044 1163 87.
1066 1089 1097 1139 et
1123 1080 1214 1157 ¹043
1236 1076 1274 1137 de
1292 1070 1360 1134 En·

274 1163 439 1246 phrosyna,
456 1164 554 1224 Alexii
575 1185 678 1236 uxore,
710 1174 814 1225 narrat
829 1165 949 1225 Nicetas
971 1160 1143 1245 papadb„
1166 1161 1218 1221 sed
1238 1170 1274 1219 ut
1294 1180 1359 1218 rem

276 1268 387 1307 novam
409 1267 552 1328 carpens,
573 1268 640 1307 eam
661 1246 775 1329 legatos
796 1258 912 1308 exteros
932 1267 1083 1308 unacum
1104 1245 1213 1305 marito
1233 1244 1264 1301 in
1285 1262 1360 1301 con-

276 1330 393 1391 sistorio
425 1329 651 1412 praesedentem
684 1332 854 1412 excepisse:
892 1329 1061 1407 σρτσβετάς
1087 1328 1233 1408 μεγίστης
1259 1324 1360 1385 ἐθνῶν
1475 1360 1480 1367 ·

274 1409 449 1493 μελλούσης
475 1414 608 1491 βασιλεῖ
629 1410 883 1491 ὲττοπτιὲτεσθαι,
913 1408 1026 1495 θρόνοι
1043 1416 1202 1493 συμφυεῖς
1229 1410 1363 1468 noluer-

274 1492 339 1567 λεῖς
365 1496 592 1575 παρετίθεντο,
628 1494 683 1556 κατ’
712 1492 947 1575 συνεδρεύοασα
981 1490 1179 1576 προεκάθητο
1207 1491 1363 1568 λαμπρῶς

275 1576 533 1657 διεσκευασμένα.
577 1577 726 1639 Manuelis
744 1580 891 1639 Comneni
911 1578 1006 1638 altera
1027 1599 1116 1654 uxor,
1138 1575 1269 1650 bertha,
1284 1574 1361 1632 Ger·

276 1662 358 1721 mani
390 1662 543 1743 sanguinis
574 1656 758 1741 heroina,si
781 1661 814 1734 ἐξ
835 1660 1016 1738 Ἀλαμαααῑν
1044 1658 1128 1743 αὐτῷ
1149 1652 1362 1736 συνοικήσασα

276 1746 330 1823 (ait
350 1744 515 1805 Cinnamus
542 1766 574 1827 p.
599 1744 648 1827 57.
669 1746 705 1805 G.
730 1751 765 1821 r.)
807 1743 862 1805 ἐστ’
889 1744 989 1823 μέσης
1018 1735 1181 1821 ὄξελάλησε
1210 1740 1265 1819 τῆς
1285 1756 1363 1815 ‹ruy-

275 1819 390 1907 xlq'rov
410 1826 526 1909 βουλῆς
554 1826 690 1907 μεγάλου
722 1821 778 1888 κατ’
797 1819 879 1906 αὐτοὶ
902 1823 957 1886 καί
977 1819 1229 1901 αολεμικωτάτοο
1253 1821 1362 1899 γένους

275 1900 357 1970 εἶναι
377 1908 509 1970 εἰποῦσα
533 1912 584 1991 (ita
609 1910 704 1992 leg.)‚
727 1931 828 1970 coram
845 1911 938 1992 pleno
957 1923 1059 1969 senam
1077 1908 1216 1977 dicebat,
1246 1926 1276 1963 se
1293 1905 1362 1987 qui·

274 1992 343 2053 dem
362 1994 472 2053 illustri
490 1994 610 2077 pariter
628 2014 743 2077 quoque
762 2006 793 2053 et
814 1993 1032 2053 bellicosissima
1052 2003 1138 2073 gente
1155 1990 1264 2048 editam
1287 2008 1360 2059 esse,

276 2088 407 2137 momen
431 2096 491 2135 uon
517 2075 676 2136 madrisius.
701 2075 791 2136 Coris.
814 2076 912 2136 Nicet.
936 2096 968 2158 p.
990 2074 1043 2159 75.
1084 2072 1276 2133 Theodoram
1297 2069 1364 2127 Au·

316 2168 410 2237 stam,
432 2156 590 2217 Iustiniani
622 2159 799 2240 coniugem,
822 2160 856 2219 in
876 2160 1055 2219 consistorio
1087 2157 1197 2217 sedisse
1223 2150 1364 2234 perhibet

304 2243 444 2319 rocopius
465 2240 497 2299 in
527 2240 608 2301 Hist.
632 2242 766 2302 Arcena.
825 2241 885 2301 Sed
904 2241 1097 2301 Theodoram
1117 2242 1314 2320 impotentem
1333 2246 1365 2295 et

277 2321 399 2383 avidam
419 2323 538 2403 imperii
560 2322 747 2403 foeminam,
768 2326 969 2385 lustinianum
990 2336 1091 2384 autem
1115 2322 1254 2382 uxorium
1274 2319 1365 2381 fuisse

277 2416 407 2468 constat.
450 2404 602 2469 Sedebant
623 2418 737 2486 autem,
758 2411 784 2468 si
802 2408 978 2485 assiderent,
999 2428 1079 2489 poue
1098 2403 1247 2467 cancellos
1267 2412 1298 2461 et
1318 2422 1367 2461 ve

277 2488 376 2567 latae,
397 2511 435 2550 ne
471 2490 717 2571 conspicerentur
744 2512 763 2551 a
796 2494 869 2552 viris
904 2491 1049 2551 barbatis.
1092 2488 1185 2567 Quod
1204 2508 1243 2547 ex·
1260 2487 1364 2544 innata

277 2572 467 2633 orientalium
490 2575 635 2635 uxoribus
659 2574 864 2649 verecumdia,
886 2595 938 2634 seu
957 2576 1057 2655 potius
1078 2572 1189 2633 ferocia
1210 2580 1241 2630 et
1259 2588 1366 2648 super·

277 2654 328 2715 bia
347 2656 418 2716 satis
439 2655 611 2739 colligitur,
635 2668 667 2718 et
689 2680 723 2719 ex
746 2656 799 2718 illo
821 2656 950 2717 Malalae
970 2656 1037 2717 loeo
1060 2654 1160 2733 colligi
1180 2674 1268 2736 posse
1288 2650 1366 2711 mihi

228 2772 233 2779 ·
277 2737 399 2799 videtur
423 2740 462 2799 T.
484 2740 524 2799 ll.
547 2760 579 2821 p.
603 2738 668 2819 54„
689 2741 743 2801 ubi
762 2762 889 2805 narrans
914 2741 953 2800 dc
976 2742 1088 2821 nuptiis
1107 2737 1270 2797 Theodosii
1295 2755 1366 2793 cum

278 2820 458 2899 Athenaide,
480 2823 597 2883 Leontii
616 2824 786 2905 philosophi
809 2824 882 2901 lilia,
903 2824 1042 2905 deinceps
1053 2823 1189 2882 Eudocia
1210 2821 1302 2890 dicta,
1324 2817 1369 2876 ait

278 2922 345 2963 enm
366 2904 521 2967 Tbodosio
557 2926 701 2967 asorore
726 2906 888 2967 Pulcheria
909 2906 1062 2967 laudatam
1082 2908 1125 2965 ita
1146 2906 1275 2963 movisse
1311 2902 1366 2959 sti·

279 2984 396 3059 mulos,
421 2999 455 3048 ut
474 3008 540 3049 enm
561 2987 666 3050 videre
686 2999 818 3070 optaret,
838 2990 967 3071 ideoque
989 2976 1202 3071 Imperatorem
1222 3007 1240 3045 a
1260 3004 1365 3045 sorore

279 3088 409 3150 rogasse,
433 3080 468 3130 ut
487 3092 542 3151 per
563 3074 692 3152 speciem
713 3072 841 3133 alicuius
862 3076 973 3154 negotii
989 3072 1190 3133 Athenaidem
1210 3071 1242 3128 in
1263 3088 1365 3140 σταται,

108 3156 156 3213 Ed.
172 3158 203 3219 L.
224 3152 391 3214 rrtsororis
412 3173 531 3296 nenppe,
554 3154 728 3217 cubiculum
749 3156 930 3217 adduceret:
954 3146 1046 3239 ᾔτησε
1065 3150 1123 3234 τὴν
1142 3146 1260 3214 ἑαυτοῦ
1279 3140 1369 3209 ridel·

281 3228 347 3317 φὴν
371 3231 416 3308 ὥς
443 3236 459 3297 ἑ
521 3226 605 3321 ἄλλῳ
624 3236 688 3301 ravi
714 3238 892 3318 εἰσαγαγεῖν
912 3232 971 3319 τὴν
989 3236 1162 3317 mucida
1183 3234 1217 3295 ἐν
1244 3232 1287 3317 τῷ
1307 3227 1369 3291 αὖ·

279 3318 336 3403 τῆς
369 3319 595 3405 xovssovxlse'p,
618 3320 669 3383 lm
699 3318 752 3384 διὰ
772 3322 829 3383 τοῦ
861 3318 961 3401 dalton
988 3318 1141 3401 θεάσηται
1171 3311 1296 3397 αὐτὴν,
1324 3317 1368 3374 im

280 3412 362 3465 tram
377 3405 476 3465 velum
506 3424 572 3464 eum
595 3420 760 3489 spectaret,
783 3407 815 3466 id
840 3416 884 3468 est
906 3415 940 3466 ut
961 3406 1023 3489 ipse
1043 3414 1125 3463 stans
1144 3412 1227 3462 extra
1248 3396 1368 3459 cancel-

281 3484 327 3548 los
370 3496 518 3569 spectaret
544 3485 625 3549 illius
656 3510 716 3550 non
747 3499 893 3551 staturam
921 3486 1134 3565 solummodo,
1165 3484 1218 3545 sed
1251 3482 1369 3542 nudum

281 3589 404 3655 quoque
430 3571 564 3632 vultum.
613 3571 719 3652 Βῆλον
753 3572 805 3632 hic
825 3572 882 3634 loci
903 3592 966 3632 non
995 3571 1122 3648 velum,
1147 3568 1199 3630 sed
1220 3561 1370 3650 caucellos

282 3650 396 3733 ligneos
417 3664 513 3715 notat.
555 3655 665 3717 Saltim
685 3656 717 3715 id
729 3654 830 3737 colligi
851 3676 936 3739 posse
949 3654 1072 3716 videtur
1091 3674 1126 3715 ex
1146 3652 1206 3713 hoc
1226 3648 1369 3709 locolm-

281 3746 453 3813 peratorem
474 3737 594 3817 quando
619 3758 688 3799 cum
709 3741 837 3799 maxime
854 3740 1027 3800 necessariis
1048 3746 1172 3819 ageret,
1193 3742 1277 3794 extra
1296 3748 1369 3789 can·

282 3815 372 3880 cellos
401 3818 583 3899 substitisse,
618 3822 731 3882 nedum
759 3820 845 3883 alios.
869 3822 941 3881 Vid.
962 3842 1040 3905 quae
1073 3820 1164 3903 adp.
1190 3836 1255 3878 rao.
1275 3813 1313 3873 C.
1336 3834 1371 3872 a.

280 3898 354 3961 dixi.
367 3930 376 3957 e
396 3902 530 3978 Quando
558 3908 681 3966 maritos
702 3906 735 3965 in
760 3916 859 3966 castra
882 3906 1123 3977 comitarentur,
1156 3924 1174 3963 a
1207 3897 1298 3959 mulis
1318 3916 1374 3977 ge-

280 3992 357 4043 stata
388 3984 483 4045 cobba
510 3984 559 4047 vel
588 3987 693 4049 alcovu
728 3998 826 4061 tecta,
867 4009 946 4070 quae
980 3997 1026 4048 est
1059 3985 1284 4059 καταπέτασμα
1315 3988 1371 4039 aut

281 4058 441 4145 dolosis,
461 4068 632 4131 obsidatum
664 4082 717 4132 ant
737 4074 769 4132 in
783 4071 972 4153 pyramidem
990 4069 1193 4151 fastigiatum,
1217 4064 1291 4127 velis
1311 4084 1371 4123 un·

280 4146 470 4233 decunqued
510 4154 688 4217 endentibus
703 4165 733 4217 et
754 4154 890 4216 lecticam
904 4154 1120 4237 operientibus.
1133 4151 1209 4211 Vid.
1231 4146 1372 4208 Alexisd.

282 4230 412 4299 12.le
434 4256 467 4320 p.
513 4236 565 4299 53.
591 4238 659 4299 init.
719 4237 840 4301 Rubros
867 4236 984 4301 calceos
1004 4236 1179 4321 gestabant,
1203 4242 1237 4293 ut
1257 4230 1372 4292 mariti.
