2975 4892
221 322 277 381 an
310 317 699 384 commissiones
721 324 775 386 na
794 324 930 389 naam.
952 328 1078 393 usu.
1152 302 1236 419 8²7

162 471 352 535 hic'indaltu
372 497 430 558 per
451 477 626 559 epistolam,
657 500 729 557 seu,
754 481 836 561 quod
857 480 936 542 idem
958 496 1019 558 est,
1041 508 1099 569 per
1117 490 1239 570 pittaci-

163 577 234 630 um,
253 556 337 636 (nam
358 560 502 638 posterius
524 572 568 621 est
591 572 709 622 tantum
731 563 887 644 explicatio
905 566 1038 647 prioris,)
1066 580 1096 629 et
1124 572 1240 633 indicito

164 638 265 697 verbo.
307 640 442 721 ingulfus
467 664 498 723 p.
514 664 607 723 pou:
640 646 864 723 confierebautur
885 652 986 729 prriuo
1007 654 1240 734 maltapraedia

164 720 243 780 aiulo
256 724 344 783 vetio
358 724 464 807 absqroe
480 728 585 808 scripto
599 730 651 787 vel
665 730 784 804 clmna,
806 742 918 789 matum
939 754 1006 793 cum
1036 734 1151 795 donnini
1170 736 1240 817 glo-

163 803 217 861 dio
246 806 296 863 nel
316 807 404 887 galea
422 807 474 866 vel
500 829 591 869 cornu
613 812 665 871 vel
687 826 824 890 cratero,
856 825 887 872 et
907 815 1044 896 plurima
1078 829 1240 879 teneraeuta

163 906 232 945 cum
245 888 376 959 calcari,
393 910 459 949 cum
479 892 603 971 strigili,
623 914 689 954 cum
705 915 778 952 meu
797 908 826 956 et
840 898 983 959 nonrmlla
996 920 1061 959 οιιιιι
1078 902 1196 979 sagitta.

189 1050 195 1062 1
228 965 300 1051 409.
314 971 353 1029 Α.
369 992 437 1052 pen.
453 970 538 1053 [706,
564 972 605 1055 2.]
627 976 809 1051 βασιλικῶν.
849 978 895 1038 lta
923 979 998 1041 iacet
1024 986 1055 1041 in
1085 981 1239 1042 mamhra·

164 1070 236 1118 ms,
259 1052 342 1132 quod
363 1075 401 1113 ne
424 1055 541 1115 dubites
568 1068 682 1117 rectum
702 1079 785 1136 esse,
816 1071 869 1119 aut
896 1061 995 1123 saltim
1025 1064 1085 1124 cair
1115 1065 1241 1140 βασιλι-

164 1130 252 1213 xoiv,
273 1137 467 1215 persuadebit
489 1138 580 1217 paulo
608 1152 675 1221 post
701 1142 814 1223 13.7.,
862 1137 952 1204 ubii
987 1146 1049 1207 τῶν
1068 1146 1240 1225 βασιλικῶν

164 1213 447 1296 πρωῐοοπαθάριος
461 1218 580 1301 legitur.

248 1300 283 1358 B.
296 1299 326 1361 6.
339 1299 423 1384 [706,
439 1301 484 1384 7.]
505 1304 723 1375 πεταοθένιος.
754 1306 851 1365 Immo
864 1326 937 1367 vero
955 1294 1125 1385 ουρέιτος,
1146 1307 1240 1389 ἐφελ-

164 1379 317 1459 κομὲιου,
350 1398 516 1462 corrourio,
537 1388 654 1447 radicato
678 1390 754 1448 valo.
797 1390 895 1447 Nemo
912 1390 989 1448 euim
1009 1392 1124 1471 ingredi
1144 1403 1241 1473 potest

162 1458 263 1540 βιὶλοο
285 1466 588 1543 πετασθέιτος,ἰιείο
604 1486 750 1553 expirato.

167 1626 185 1690 ἐ
248 1548 329 1629 (1.9.
346 1546 440 1631 [7⁰5²
469 1550 531 1633 ιο]
551 1550 747 1631 συνέρχεται.
789 1553 837 1613 lta
865 1552 993 1613 membr.
1035 1552 1113 1637 Lege
1134 1556 1240 1631 συνεξ-

227 1648 325 1696 orror.

185 1648 299 1788 ρχάιο.
313 1712 349 1773 Α.
365 1733 396 1781 2·
419 1712 514 1796 [707,
535 1715 601 1799 ιι.]
632 1712 678 1787 εἷς
698 1711 921 1797 οογκλητικούς
945 1710 999 1775 καὶ
1025 1714 1069 1789 εἰς
1090 1722 1241 1799 προελευ-

164 1794 324 1871 σιμιιάιος.
365 1796 522 1872 Quaenam
550 1800 590 1861 sit
622 1798 790 1861 differentia
814 1803 893 1860 inter
920 1820 1057 1881 proceres
1078 1803 1242 1882 insignibus

166 1888 283 1939 creatos
302 1881 467 1941 senatorios
485 1892 575 1962 atque
592 1882 846 1963 processionales,
867 1902 929 1943 non
949 1880 1037 1964 plane
1052 1880 1156 1965 liquet.
1185 1884 1252 1967 Vi-⁸

164 1962 276 2021 dentur
292 1971 393 2023 tamen
417 1960 462 2023 illi
477 1963 566 2024 firisse
585 1965 734 2026 interioris
756 1964 962 2038 admissionis,
991 1966 1123 2025 consiliis
1143 1977 1174 2027 et
1190 1967 1243 2027 ad-

162 2044 377 2116 ministrationi
396 2066 497 2105 rerum
515 2047 664 2119 adhibiti,
693 2048 726 2107 hi
741 2068 814 2109 vero
838 2059 956 2107 tantum
979 2049 1158 2128 pompatici,
1190 2052 1243 2130 qui

167 2126 300 2208 qnotidie
321 2128 488 2187 incuriam
516 2130 679 2211 procedcre
704 2140 735 2190 et
758 2134 946 2191 comitativae
969 2128 1159 2212 splendorum
1188 2152 1242 2193 au·
1355 2184 1358 2193 .

166 2230 238 2292 gere
253 2208 424 2285 dehebant,
446 2232 475 2271 r.
491 2232 569 2293 quae
582 2214 620 2273 ad
633 2235 664 2294 p.
681 2213 734 2274 58.
749 2215 790 2273 D.
817 2232 842 2274 ι.
857 2213 928 2273 dixi.

247 2292 281 2352 B.
294 2292 326 2366 4.
339 2292 424 2375 [7⁰8²
440 2292 480 2375 3.]
503 2291 630 2373 κυρίως.
670 2296 783 2357 Omnia
798 2299 879 2355 enim
906 2316 1032 2356 munera
1055 2306 1088 2355 et
1113 2294 1244 2377 dignito-

167 2386 214 2436 tes
238 2373 325 2434 aulae
350 2386 421 2437 sunt
444 2372 626 2455 α’ξιώματοι,
646 2378 752 2439 officiis
777 2382 867 2439 etiam
894 2377 983 2439 simul
1010 2378 1244 2460 comprehensis,

167 2458 220 2519 sed
252 2458 284 2517 in
316 2459 413 2538 specie
438 2458 663 2541 distinguuntur
688 2454 729 2521 ui
757 2451 919 2537 ἀξιώματα
953 2471 985 2521 et
1014 2454 1053 2519 τοὶ
1085 2458 1243 2542 ὀφφίκιο,

167 2541 322 2621 dignitates
335 2552 367 2600 et
379 2538 479 2618 officia
499 2563 551 2603 seu
568 2543 680 2602 munia.
721 2543 885 2621 Propterea
902 2542 987 2603 addit
1002 2540 1128 2620 κυρίως.

249 2622 420 2705 13.7.[708,
438 2622 483 2706 5.]
505 2617 715 2704 προβάθμιος.
758 2624 929 2685 Notandum
946 2624 1008 2699 hic,
1025 2644 1087 2683 non
1106 2644 1124 2683 a
1144 2625 1246 2704 primo

168 2706 268 2789 quoad
294 2706 469 2787 dignitatem
498 2709 664 2789 auspicium
696 2706 783 2779 fieri,
826 2706 876 2767 sed
904 2729 921 2767 a
947 2707 1044 2787 pirimo
1079 2705 1109 2765 in
1138 2705 1247 2768 ordine

168 2790 365 2871 processionis
395 2810 449 2851 seu
479 2790 600 2865 infimo,
619 2790 676 2862 „ah
700 2790 891 2851 inferioribus
912 2789 951 2849 ad
972 2790 1065 2870 magis
1093 2790 1247 2871 magisque

167 2874 334 2954 superiores
352 2873 553 2952 procedendo.

250 2955 292 3014 B.
304 2954 362 3014 ult.
377 2954 459 3039 [7⁰8³
477 2954 524 3037 8.]
544 2953 791 3037 ἐγγεγραμμένος
811 2950 941 3035 χάρτης.
985 2954 1124 3013 Codirilli
1145 2954 1246 3015 Latini

170 3037 292 3109 dicunt,
309 3038 364 3097 nisi
382 3049 482 3098 tamen
498 3038 626 3098 codicilli
644 3049 732 3099 erant
757 3038 920 3098 πτυκτίδια
942 3038 980 3099 ad
1011 3038 1138 3097 sorrnam
1159 3035 1246 3097 libel·

168 3122 269 3182 lorum
288 3122 403 3181 formae
422 3133 547 3202 quartae
566 3124 821 3202 compositorum,
840 3133 875 3181 ut
890 3131 961 3181 sunt
982 3130 1101 3181 nostrae
1116 3118 1246 3179 Solimi>-

169 3206 281 3284 trifels,
302 3214 356 3263 aut
379 3214 414 3263 ut
430 3215 517 3264 erant
536 3214 672 3267 veterum
696 3204 851 3286 diptycha.
892 3196 986 3281 Xripr
1009 3222 1023 3273 ς
1055 3213 1155 3261 antem
1182 3212 1247 3263 erat

169 3290 299 3347 frustum
315 3307 512 3367 pergamenae
524 3284 732 3363 convoluhile;
750 3279 907 3347 πιττάκιον
923 3226 1245 3367 appellatConstantin.

170 3372 209 3429 de
236 3370 347 3430 admin.
373 3372 446 3451 imp.
469 3392 498 3430 c.
524 3368 598 3448 so:
621 3368 655 3429 ἐκ
675 3364 872 3449 προστάξεως
900 3368 957 3427 τοῦ
976 3366 1133 3445 βασιλέως
1154 3360 1247 3445 iistis

170 3448 206 3513 td
228 3449 390 3512 πιττάκιον
408 3452 465 3512 κοῦ
484 3449 647 3532 πατρικίου
669 3444 803 3528 Συμεών
818 3460 875 3511 etc.

253 3536 336 3619 (1.9.
354 3532 446 3617 [708,
474 3532 539 3616 ιδ]
557 3529 781 3615 passarana.
821 3533 886 3615 Ego
910 3530 1032 3615 quidem
1048 3552 1108 3593 non
1127 3532 1244 3609 dubito,

169 3619 221 3679 hic
243 3618 300 3678 loci
316 3618 528 3701 firmatorium
546 3638 608 3677 esse
630 3616 765 3677 fibulam.
805 3614 949 3675 Solehant
978 3636 1085 3697 nempe
1112 3618 1176 3677 eius
1203 3620 1246 3677 rei

169 3701 352 3771 traditione,
380 3703 466 3760 cuius
497 3703 529 3760 in
554 3699 652 3760 officio
678 3698 858 3760 conterendo
887 3699 1025 3781 hequens
1042 3720 1120 3773 ⁴usus
1151 3706 1247 3775 esset,

162 3785 312 3845 vinvestire
324 3830 335 3859 ,
356 3794 391 3843 ut
417 3784 647 3860 mandatorum,
671 3802 802 3863 quorum
824 3780 954 3854 officium
983 3794 1047 3842 erat
1069 3802 1189 3844 comere
1217 3794 1248 3843 et

171 3871 293 3927 nomine
319 3868 397 3948 regis
417 3869 584 3949 imperare,
615 3866 761 3925 braheum
779 3875 843 3925 crat
860 3864 1002 3941 baculus,
1025 3865 1063 3925 ad
1084 3876 1249 3947 utrumque

169 3950 274 4028 utilis,
294 3961 459 4011 stratorum
483 3948 634 4030 flagellum
652 3948 789 4030 regendis
815 3959 845 4007 ct
869 3948 1028 4009 incitandis
1052 3950 1156 4030 equis,
1180 3968 1248 4029 spa-

170 4034 339 4093 thariorum
356 4034 434 4094 ensis
460 4034 498 4093 ad
521 4033 676 4093 terrendos
694 4043 725 4092 et
740 4031 904 4113 ahigendos
927 4052 944 4091 a
968 4053 1036 4114 rega
1063 4032 1249 4094 insidiatores

172 4128 202 4177 et
222 4137 417 4195 aggressores.
462 4116 594 4199 ideoque
610 4114 702 4175 fibula
718 4114 934 4178 investiehatur
956 4117 1098 4193 vestitor,
1120 4114 1190 4195 qnia
1216 4117 1248 4172 in

165 4199 375 4260 'firnctionihus
397 4201 461 4261 eius
485 4211 551 4261 erat
569 4198 694 4260 fibulam
712 4220 814 4260 sacrae
828 4198 993 4281 chlamydis
1016 4202 1048 4259 in
1069 4198 1173 4259 dextro
1189 4194 1248 4257 hu·
1290 4230 1291 4235 κ
