2975 4892
301 297 381 414 762
500 323 560 392 ro.
596 317 677 392 uc.
705 308 852 390 suerii
889 315 1176 391 commutari

296 477 438 565 Leoml*
479 479 564 542 Haeo
584 501 655 544 eum
675 480 818 542 scriberet
837 479 876 540 V.
900 479 961 552 D.‚
984 483 1119 542 animum
1138 492 1168 544 et
1195 479 1288 544 aonias
1305 501 1357 542 aaa

298 562 475 640 advertebat
522 565 565 624 ad
599 563 693 626 verba
726 562 818 645 paulo
864 563 992 624 inferius
1029 567 1126 646 posita
1161 567 1203 626 D.
1232 565 1283 642 5.‚
1316 563 1358 624 abi

296 670 367 712 arca
386 645 507 722 Basilii,
528 646 630 709 fratris
651 648 843 709 Constantini
862 645 1154 730 Porphyragannefi,
1178 657 1357 722 memoratur,

295 734 350 814 qui
371 730 464 791 ambo
488 729 596 792 fratres
624 752 660 793 ex
689 730 826 790 Romano
846 729 1136 812 Porphyrogeunetn
1156 741 1277 812 nepotes
1293 729 1358 788 Con·

297 813 551 891 stantinierant,
584 813 623 874 ‹le
684 833 703 874 o
729 812 781 872 hie
808 814 908 876 sermo
934 821 1001 890 est,
1031 824 1063 874 et
1092 816 1146 897 qui
1177 835 1233 896 pro
1259 823 1361 874 annue

298 893 517 958 Ceremonialis
536 897 631 956 nostri
674 895 793 956 abetar.
821 896 953 958 ’bonam
973 905 1092 978 quoqne
1123 896 1220 960 alliam
1246 903 1360 976 praeter-

297 977 420 1042 videbat
433 979 473 1040 V.
487 980 541 1056 D„
553 980 606 1059 qui
628 977 706 1038 iulia
718 999 749 1059 p.
761 977 835 1061 575.
851 977 893 1038 A.
905 977 936 1038 8.
950 979 1091 1043 habetur.
1134 980 1182 1040 lbi
1205 981 1284 1040 enim
1297 977 1361 1037 snu-

296 1065 458 1136 stantinus,
471 1061 511 1122 de
523 1081 585 1142 quo
598 1059 782 1143 disputatur,
802 1061 912 1122 Leonis
926 1060 1017 1134 lilius,
1030 1053 1048 1122 ὃ
1063 1055 1220 1141 μακάριος
1229 1054 1361 1139 duumuir

296 1143 1011 1308 tlt¹¹lllltl²ttffls¹lttttt0
1025 1142 1364 1290 abilli‘ciiilaill

296 1331 333 1370 er
354 1307 422 1385 his,
443 1307 654 1370 Ceremoniale
673 1320 816 1373 nomam
838 1308 1028 1375 Constantini
1051 1309 1174 1392 quadem
1196 1309 1277 1370 illins
1295 1327 1362 1383 esse,

296 1392 351 1474 qui
371 1391 481 1452 Leonis
501 1390 582 1454 filius
602 1403 633 1453 et
651 1394 781 1454 Romani
801 1401 886 1474 pater
909 1391 987 1466 fuit,
1016 1393 1080 1454 sive
1107 1395 1131 1454 is
1152 1394 1218 1474 ipse
1236 1391 1363 1472 comple

296 1477 395 1547 verit,
418 1475 498 1550 sive,
520 1473 603 1556 quod
665 1475 725 1536 tias
747 1473 890 1551 videtur,
912 1471 988 1538 illud
1007 1473 1098 1536 alicui
1116 1497 1243 1539 suorum
1255 1495 1363 1536 amau·

295 1558 415 1616 ensium
442 1555 493 1616 vel
519 1557 628 1620 bibliot
650 1560 817 1619 ecariorunr
841 1557 1111 1619 consarcinandum
1129 1557 1362 1619 demandaverit:

296 1651 436 1721 nepotem
457 1641 523 1701 eius
542 1652 667 1720 autem,
695 1662 755 1701 avo
776 1642 1005 1721 cognominem,
1039 1649 1092 1701 aut
1119 1643 1223 1722 potius
1252 1639 1362 1722 aliqum

295 1726 360 1785 eius
381 1721 587 1803 familiarium,
607 1725 661 1806 qui
684 1723 776 1784 eliens
797 1721 886 1784 simul
907 1725 1004 1805 gentis
1017 1723 1193 1786 Phocarum
1214 1724 1310 1798 suerit,
1328 1725 1363 1796 (ut

297 1828 315 1866 e
335 1808 432 1888 capite
451 1803 523 1866 libri
542 1808 633 1888 primi
651 1806 762 1868 XCVI.
785 1811 889 1887 patet)
911 1805 1058 1867 nonnulla
1086 1805 1249 1868 addidisse.
1296 1803 1361 1865 Nihil

296 1891 379 1950 enim
400 1886 448 1949 vel
471 1887 642 1967 hominum,
663 1889 713 1952 vel
731 1909 872 1961 menum,
896 1887 944 1949 vel
975 1889 1181 1950 institutorum
1216 1889 1364 1952 aulicorun

296 1969 359 2032 boe
378 1972 497 2033 iuniore
517 1972 715 2038 Constantino
734 1973 935 2053 posteriorum
956 1993 1011 2054 per
1031 1983 1129 2032 totum
1157 1973 1243 2034 huuc
1271 1972 1363 2032 librum

296 2055 440 2136 reperies.
484 2055 552 2138 Ego
572 2057 695 2138 quidem
716 2053 824 2116 talium
847 2057 985 2136 quamvis
1007 2053 1128 2118 sedulus
1148 2067 1180 2118 et
1193 2056 1268 2139 vigil
1289 2073 1363 2115 vene-

297 2147 364 2212 tur,
386 2139 547 2220 vestigium
566 2160 629 2200 non
648 2138 819 2200 observavi.
1393 2135 1395 2145 '

379 2219 414 2280 C.
437 2241 463 2280 r.
485 2219 575 2303 [643‚
589 2219 638 2364 8ss
663 2221 838 2300 βασιλίκην.
886 2219 922 2280 ld
942 2231 987 2282 est
1005 2218 1202 2297 βασιλίκιον,
1234 2217 1364 2282 subintell·

297 2300 518 2382 inprovidens,
539 2313 576 2364 ut
638 2303 823 2383 αισαρίκην,
857 2301 1011 2367 subintell.
1044 2301 1254 2380 πεμμάτιον.
1312 2303 1364 2364 llos

298 2386 425 2458 rectius,
465 2405 559 2467 quem
594 2380 744 2467 βασιλικὴ
772 2385 839 2446 AB.
875 2396 906 2446 et
925 2386 993 2446 DC.
1025 2395 1056 2447 et
1083 2386 1176 2446 editio
1208 2387 1363 2448 Leicbiaae.

298 2467 437 2529 Nominis
454 2469 604 2530 rationem
633 2469 702 2552 quis
732 2467 862 2530 reddat?
910 2467 1005 2530 Estne
1038 2489 1109 2533 erce
1135 2467 1214 2530 haee
1243 2471 1306 2531 ideo
1332 2469 1366 2528 sie

296 2549 399 2627 dieta,
419 2552 505 2634 quod
524 2551 640 2634 reguli,
660 2551 694 2612 id
716 2563 762 2613 est
783 2552 976 2634 imperatoris
996 2551 1161 2634 designati,
1200 2555 1254 2635 qui
1282 2563 1364 2614 tamer

296 2634 458 2716 imperium
477 2655 542 2696 noa
565 2635 640 2695 adiit
676 2647 775 2696 morte
802 2647 1003 2716 praeventus,
1033 2635 1248 2716 repositorium
1278 2639 1365 2702 esset?

296 2715 480 2778 Coniectura
499 2717 575 2778 haee
595 2719 693 2801 exigui
711 2737 804 2800 penes
823 2739 873 2778 me
895 2720 1039 2780 momenti
1060 2727 1122 2796 est,
1144 2729 1177 2779 et
1199 2721 1285 2780 forte.
1295 2739 1364 2802 prae·

296 2801 420 2861 stitisset
441 2799 578 2879 ¹nullam,
599 2820 693 2883 quam
711 2800 821 2874 talem,
842 2801 925 2861 dare.
967 2801 1061 2862 Forte
1080 2801 1191 2862 melior
1219 2803 1364 2868 haerent,

296 2902 399 2944 aream
418 2882 470 2944 hic
490 2883 602 2946 dietam
623 2885 732 2960 fuisse,
752 2885 836 2965 qnod
855 2903 952 2944 unum
972 2883 1010 2944 de
1027 2893 1117 2984 gente
1131 2886 1234 2946 Basilii
1256 2893 1364 2946 teneret.

379 2965 460 3030 Ca.
484 2965 573 3049 [642
589 2965 639 3049 9.]
671 2965 912 3038 Κωνσταντῖνος
939 2961 957 3024 ὅ
986 2961 1055 3038 vioe
1086 2967 1272 3028 Bourtn'ov.
1320 2965 1366 3024 llis

295 3057 341 3107 est
371 3047 422 3109 ille
442 3047 676 3128 Constantinus,
708 3049 831 3108 nomine
862 3059 892 3108 et
920 3051 1018 3130 specie
1046 3061 1133 3110 tenus
1153 3051 1276 3129 Basilii,
1302 3047 1363 3118 sed,

295 3139 331 3188 ut
352 3130 432 3191 sama
451 3131 544 3207 tulit,
568 3154 674 3193 revera
695 3131 852 3192 Michaelis
866 3131 988 3192 Ebriosi
1009 3131 1110 3210 filius,
1131 3134 1185 3214 qui
1207 3145 1277 3194 ante
1293 3131 1363 3192 llesi·

294 3211 329 3276 lii
351 3213 442 3274 finem
471 3237 499 3275 e.
525 3215 565 3276 A.
584 3215 656 3298 879.
683 3214 761 3275 obiit
789 3225 820 3274 et
846 3235 936 3295 quem
966 3226 1120 3276 auctorem
1140 3217 1326 3276 Tantiaorum
1349 3231 1363 3268 a

294 3296 431 3358 llleursio
442 3297 592 3358 editorum
611 3319 685 3378 esse,
707 3300 739 3358 in
759 3297 945 3380 praefatione
965 3299 1004 3358 ad
1024 3300 1156 3381 primum
1169 3299 1308 3360 volumen
1320 3295 1364 3354 de

293 3383 461 3440 monstravi
482 3403 512 3462 p.
528 3380 615 3442 Vlll.

378 3463 658 3547 e.5.[643‚10.]
687 3461 709 3544 ἦ
738 3460 815 3540 ἇγία
838 3459 1006 3545 (impasti.
1064 3465 1130 3524 Non
1161 3468 1195 3524 in
1232 3465 1290 3546 ipsa
1315 3458 1360 3522 SS·

293 3542 514 3624 Apostolorum
535 3547 628 3621 aede,
659 3547 765 3610 sedin
785 3545 885 3606 vicina
923 3543 1057 3608 aedicula
1086 3547 1303 3629 Theophannui
1320 3543 1364 3604 de·

293 3624 394 3686 dicata
412 3640 443 3689 et
470 3651 489 3690 a
509 3633 641 3709 merito,
675 3633 799 3706 Leone,
817 3627 972 3707 ¹condita,
1000 3629 1148 3712 sepultam
1179 3632 1222 3695 ab
1249 3630 1364 3712 Symeon

292 3710 438 3790 Magister
457 3712 646 3792 p.463.13.:
669 3713 802 3793 πλησίον
819 3711 882 3771 τῶν
901 3703 1000 3791 dyi'ov
1017 3708 1214 3774 Ἀποστὸλων
1228 3702 1363 3788 &gamoti-

292 3809 386 3885 μενος
407 3787 562 3872 οἰκήματα
578 3793 675 3858 Λέων
695 3793 713 3859 ,ὅ
732 3788 888 3874 βασιλεῦς
910 3793 1009 3868 arctet
1029 3793 1193 3874 ἐκκλησίαν
1210 3785 1363 3870 περικαλλῆ

291 3869 337 3944 εἷς
364 3893 465 3952 ονομα
487 3874 643 3960 Θεοφανώ
662 3879 721 3960 τῆς
741 3875 866 3959 πρώτης
898 3875 997 3936 αὐτοῦ
1026 3871 1174 3954 γυναικὸς
1211 3871 1264 3936 καὶ
1280 3886 1361 3932 rard·

290 3953 420 4036 τίθησιν
449 3958 506 4018 καί
528 3957 645 4042 ταύτην
674 3962 748 4022 ἐκεῖ.
804 3961 915 4020 Verum
940 3961 1075 4020 Codinus
1107 3971 1287 4022 exstructum
1312 3947 1360 4012 boc

262 4041 265 4047 ’
291 4050 521 4100 monumentum
543 4043 789 4120 aGonstantin,
813 4043 922 4104 Leonis
943 4042 1016 4115 lilio,
1039 4045 1093 4104 eit.
1126 4043 1202 4103 vids
1219 4039 1360 4115 nucinge

292 4115 365 4182 CPli
381 4121 491 4191 Christ.
506 4125 562 4183 lv.
577 4146 608 4206 p.
628 4125 695 4187 162.
717 4125 955 4208 Theoplianonis
970 4125 1059 4188 huius
1079 4126 1235 4207 imaginem
1257 4115 1360 4182 reddidi

290 4201 365 4268 solio
385 4207 486 4291 primo
514 4210 610 4274 notui
623 4207 714 4274 huius
734 4209 952 4272 &monialis
967 4229 985 4272 e
1001 4207 1165 4293 Menologii
1179 4201 1310 4271 basiliani
1326 4199 1358 4260 T·
