2975 4892
321 283 404 384 422
459 272 462 278 ’
518 307 591 378 -1o.
622 305 701 370 no.
727 305 874 370 ausen
895 303 1180 371 cormarrino

322 464 487 528 vocabulis.
528 465 605 526 Mihi
631 463 754 545 quidem
782 465 817 524 iu
837 473 922 523 tanta
941 461 1184 522 coniecturarum
1204 481 1266 532 non
1286 463 1406 544 impro-

321 549 469 610 babilium
482 547 674 614 multitudiue
693 557 723 606 et
752 549 784 606 in
803 547 867 623 rei,
890 557 926 605 ut
945 547 1111 627 antiquae,
1132 543 1316 605 obscuritate
1336 547 1404 606 dis-

320 642 434 694 tractus
457 633 490 694 in
511 633 629 700 diversa
659 633 778 690 animus
798 628 939 706 dubitat,
962 631 1010 688 cui
1031 627 1182 690 calculmn
1201 627 1290 688 fast.
1332 631 1407 688 bla-

320 715 590 776 ximctamenilluc
601 712 731 791 inclino,
750 723 786 773 ut
805 713 961 794 campagis
979 733 998 771 a
1017 732 1123 793 campa
1137 710 1188 772 vel
1208 711 1331 793 gamba,
1349 733 1407 772 ar-

295 850 299 859 .
320 797 414 860 ticulo
435 799 530 865 cruris
542 817 612 858 cum
626 797 754 870 femore,
776 794 926 868 derivem,
946 805 982 854 ut
995 816 1086 874 supra
1099 797 1160 856 iam
1173 795 1293 854 monui.
1314 795 1401 855 Cou-

320 881 422 942 firmat
435 881 513 941 hanc
524 878 735 962 etymologiam
754 876 937 945 vocabulum
955 873 1108 951 cunabala,
1118 878 1200 959 quod
1221 877 1308 938 notat
1325 899 1404 937 cau-

320 964 423 1026 didam
447 963 531 1026 illam
544 963 638 1026 latam
657 961 858 1024 orbicularem
875 959 999 1022 linteam
1017 961 1157 1037 fasciam,
1176 981 1254 1042 quae
1275 964 1408 1022 summi-

320 1049 377 1110 tati
396 1068 554 1109 ocrearum
580 1046 760 1128 supponitur
787 1055 819 1104 et
847 1046 939 1125 genui
966 1044 1215 1126 circumponitur.
1258 1044 1410 1108 Germani

320 1130 449 1192 ridicula
469 1141 499 1190 et
518 1127 650 1193 absuda
665 1129 796 1206 dipticae
810 1126 1107 1206 smfilmmctemn
1120 1125 1293 1206 appellant,
1396 1130 1408 1188 i

159 1209 207 1280 Ed.
221 1207 249 1258 1³·
266 1209 311 1262 ¹33
321 1215 404 1276 dicas
420 1216 552 1274 namucus
564 1213 750 1274 aestivalium
766 1231 820 1272 seu
833 1229 1013 1289 ocraamm,
1031 1233 1062 1271 v.
1074 1211 1127 1271 Du
1141 1210 1242 1292 Gange
1263 1229 1295 1270 v.

321 1298 403 1372 lale,
429 1295 483 1358 ubi
506 1306 640 1362 veterem
660 1295 797 1356 chartam
818 1295 912 1370 citat,
941 1295 1047 1375 inqua
1058 1293 1209 1357 mascalia
1223 1307 1253 1356 et
1293 1293 1412 1354 aratia
1471 1318 1472 1359 t

321 1372 529 1440 memorantur
550 1401 620 1440 cum
634 1378 693 1439 alia
713 1373 916 1458 suppellectile
936 1377 1030 1458 equiti
1044 1377 1219 1438 necessaria.
1264 1314 1412 1437 iteratis

320 1463 363 1523 ibi
384 1473 454 1524 sunt
473 1461 612 1532 calcaria.
654 1459 713 1522 Sed
732 1461 804 1522 satis
823 1457 1084 1542 etymologiarum.
1123 1458 1288 1519 Videamus
1308 1481 1410 1536 nunc,

321 1545 396 1627 quid
422 1539 466 1606 'rei
499 1545 612 1606 fuerint
642 1546 805 1626 campagis.
847 1543 1003 1604 Didicerat
1029 1540 1194 1602 Salmasius
1228 1563 1247 1601 a
1263 1539 1413 1603 Pollione
1471 1616 1472 1625 ἵ

320 1631 476 1712 campagis
495 1626 654 1690 reticulata
668 1627 777 1705 fuisse,
797 1625 879 1688 unde
892 1625 967 1690 haec
979 1625 1071 1687 edicit
1083 1626 1124 1686 ad
1137 1622 1268 1686 Tertull.
1281 1624 1410 1705 p.363.=

233 1727 236 1735 ’
322 1712 488 1794 Cmrmagia
499 1711 619 1773 diversa
632 1723 718 1773 cram
734 1731 756 1770 a
766 1710 924 1795 peronibus
938 1710 990 1769 vet
1007 1709 1112 1786 bottis5
1131 1731 1191 1770 non
1213 1710 1293 1768 emm
1307 1709 1413 1770 solida

320 1794 490 1879 integraque
500 1795 581 1879 pelle
598 1817 687 1855 cmo-a
699 1817 717 1854 o
754 1793 890 1863 riclam,
915 1792 969 1852 sed
1001 1794 1089 1853 ascia
1108 1793 1208 1854 rums
1229 1792 1413 1852 maculatim

321 1880 465 1962 implexis
489 1879 653 1960 cingebant
694 1815 824 1938 Videtur
846 1876 905 1935 Vir
937 1895 1074 1936 summus
1092 1896 1201 1936 verum
1220 1873 1351 1949 vidisse,
1380 1886 1414 1936 et

321 1963 475 2042 campagia
501 1959 586 2021 aliud
612 1958 689 2022 nihil
717 1959 831 2029 fuisse,
865 1977 959 2040 quam
982 1960 1130 2038 saraae,
1157 1955 1269 2039 quibus
1286 1967 1413 2020 veta-es

321 2065 412 2104 crura
433 2043 624 2118 vestiebant,
646 2053 676 2102 et
696 2040 735 2101 de
758 2041 868 2124 quibus
888 2041 952 2122 ipse
965 2039 1063 2102 multa
1077 2039 1242 2123 disputavit
1260 2039 1301 2100 ad
1315 2041 1413 2102 Lam-

321 2126 412 2206 pridii
432 2125 596 2186 Alexandr.
607 2126 753 2186 Severum
767 2147 799 2206 p.
813 2124 886 2207 975.
900 2145 984 2207 sqq.,
1005 2144 1100 2204 eoque
1115 2123 1203 2185 illum
1217 2122 1302 2196 salli,
1323 2125 1413 2203 quod

320 2209 475 2290 campagia
496 2207 645 2278 barbarici
667 2206 861 2268 calceamenti
881 2228 976 2288 genus
999 2205 1139 2289 perhibet
1161 2206 1252 2267 lirisse
1271 2205 1311 2266 ad
1332 2208 1414 2268 Tre-

320 2287 404 2350 bellii
426 2289 572 2351 Pollionis
592 2288 766 2351 Gallienum
787 2313 820 2372 p.
845 2289 947 2370 234,
979 2291 1034 2350 ubi
1054 2292 1175 2370 copiose
1201 2289 1239 2350 de
1259 2293 1416 2373 campagis

295 2371 452 2467 ,disseris
496 2373 665 2456 Apparebit
692 2373 752 2434 hoc
780 2395 816 2434 ex
843 2375 907 2433 cius
934 2373 1036 2435 verbis
1066 2372 1195 2448 clarius,
1226 2392 1306 2455 qsrae
1327 2372 1415 2434 illinc

322 2475 384 2532 non
404 2457 484 2538 piget
504 2477 673 2538 excerpere.
717 2455 826 2518 Verius
842 2478 932 2538 ergo,
954 2459 997 2516 ait
1016 2457 1038 2518 l.
1060 2478 1089 2517 c.
1103 2477 1137 2538 p.
1153 2457 1248 2540 257„
1280 2459 1418 2518 reticrrlis
1471 2456 1472 2463 ’

322 2538 389 2600 ideo
402 2541 511 2600 similes
525 2543 604 2600 orsos
629 2539 770 2601 Gallieno
787 2559 947 2621 campagos
965 2553 1090 2624 propter
1108 2541 1240 2600 lotorum
1266 2551 1296 2597 et
1315 2543 1416 2600 corri-

320 2623 452 2702 gl'ctmtm,
466 2624 568 2708 quilius
586 2625 666 2684 circa
687 2645 776 2683 crum
801 2622 1014 2702 astipularetur,
1040 2625 1201 2683 variamet
1219 2623 1416 2705 ιωιὶἰίρίἱιϊηι

322 2707 550 2792 decmsatimque
571 2707 704 2766 volutam
728 2706 977 2789 implicationem,
1005 2727 1082 2790 quae
1109 2705 1293 2766 mariamnam
1317 2707 1414 2788 pltare

324 2810 397 2870 opus
423 2791 554 2869 referret.
607 2789 711 2872 Magni
739 2793 884 2849 momenti
906 2789 947 2850 ad
983 2787 1062 2850 banc
1087 2810 1154 2850 rem
1193 2787 1416 2848 conficiendam

323 2868 408 2930 locus
438 2871 489 2932 ille
512 2871 657 2932 Pollionis
688 2883 751 2948 est,
783 2891 844 2953 quo
875 2873 969 2934 refert
994 2871 1169 2932 Gallienum
1192 2871 1414 2951 Imperatorem

322 2973 481 3035 campagos
501 2956 636 3014 reticulos
659 2953 836 3036 appellasse.
861 2951 924 3015 'Ex
951 2953 1006 3016 illo
1025 2956 1108 3016 enim
1127 2954 1272 3015 discimus
1291 2953 1327 3012 id
1351 2975 1415 3014 esse

322 3038 499 3118 campagis,
526 3036 609 3118 quod
632 3055 727 3118 paene
752 3037 867 3120 ubique
888 3039 920 3098 in
939 3037 1067 3121 pedibus
1089 3035 1306 3121 spiculatorum
1331 3059 1415 3097 mar-

322 3126 406 3198 tyres
428 3117 606 3178 christianos
631 3117 771 3180 omnibus
791 3121 946 3203 suppliciis
964 3123 1139 3181 uacantium
1158 3122 1362 3201 conspicimus
1383 3121 1413 3179 in

325 3199 509 3282 imaginibus
531 3198 694 3283 Menologii
714 3201 879 3282 Basiliam,
896 3203 1089 3266 reticulatum
1108 3225 1197 3285 opus,
1220 3202 1302 3284 quod
1326 3225 1418 3284 saepo

325 3303 389 3342 non
409 3303 498 3342 orum
519 3281 640 3356 solum,
671 3285 723 3344 sed
751 3287 814 3367 ipsa
843 3309 964 3370 quoque
992 3287 1149 3348 femoralia
1177 3306 1239 3346 uuo
1265 3288 1416 3346 continuo

326 3375 427 3424 tractu
447 3365 550 3426 vestit.
593 3367 865 3450 operaepretium
894 3383 940 3432 est
959 3371 999 3432 ad
1017 3369 1253 3453 cognoscendam
1272 3387 1340 3428 nan
1361 3391 1415 3430 ae-

327 3459 425 3508 terum
454 3450 624 3512 vestiariam
650 3448 716 3510 illas
741 3455 909 3534 imagines,
939 3454 1030 3514 rudes
1058 3453 1217 3536 quamvis,
1254 3451 1417 3532 inspicere.

328 3529 487 3608 Quaedam
513 3533 622 3594 talium
642 3553 857 3616 compagorum
877 3559 930 3597 seu
961 3536 1252 3619 compagobosarum
1281 3533 1417 3609 habeut,

326 3633 450 3694 prorsus
462 3626 497 3674 ut
510 3627 628 3676 nostrae
638 3617 832 3697 Camasclraa,
846 3631 876 3680 et
888 3631 923 3680 ut
937 3618 1029 3683 bosae
1043 3621 1242 3695 llusarorum,
1257 3637 1355 3700 usque
1373 3617 1415 3676 ad

328 3717 481 3763 summum
501 3698 600 3759 femur
621 3699 652 3759 in
673 3711 796 3763 externa
817 3714 904 3784 parte
923 3703 1070 3780 nodulos,
1091 3701 1204 3783 quibus
1225 3700 1369 3778 adstringi
1384 3710 1416 3758 et

324 3777 435 3840 resolvi
445 3801 708 3864 rursusacorpore
721 3796 858 3865 possunt.
880 3785 974 3846 Unde
994 3789 1098 3846 venias
1107 3786 1140 3844 in
1150 3787 1351 3868 suspicionem
1364 3803 1417 3841 re-

325 3860 567 3940 ticulatumillud
581 3885 657 3946 opus
681 3887 741 3926 non
761 3889 796 3928 cx
819 3869 1007 3929 diversarum
1027 3869 1188 3942 fasciarum
1205 3866 1372 3927 artificiosa
1388 3875 1418 3923 et

324 3943 460 4014 taediosa
480 3945 708 4029 complicatione
728 3961 879 4032 constare,
899 3951 952 4012 sed
973 3972 1076 4032 panno
1088 3952 1235 4011 intextum
1258 3969 1324 4010 esse
1338 3993 1349 4025 ,
1361 3958 1415 4007 aut

309 4025 385 4106 alia
406 4049 587 4112 quacunque
606 4043 670 4092 arte
690 4033 880 4114 impressum.
904 4036 1009 4112 Quum
1025 4046 1128 4093 tamen
1146 4031 1268 4092 aliunde
1283 4041 1413 4095 constet.

325 4111 480 4194 usquead
502 4113 590 4173 Vlll.
612 4115 765 4176 saeculum
786 4129 816 4178 et
843 4115 971 4178 ulterius
1000 4127 1134 4178 veterem
1154 4117 1328 4176 Romanum
1350 4135 1415 4173 mo-

326 4215 392 4275 rem
411 4193 510 4274 lesciis
531 4195 710 4260 decussatim
729 4199 825 4281 picris
845 4222 937 4263 crura
964 4199 1114 4285 yscstieudi
1140 4197 1222 4283 opud
1241 4197 1415 4260 occidenta-
