2975 4892
340 343 430 457 ,788
546 369 602 434 ro.
631 367 712 456 rac
747 369 894 434 susan
921 368 1252 442 conmmanit.

331 526 451 608 scrisse,
474 541 527 606 qm
547 525 678 584 tentoria
696 523 843 606 erigerent
863 533 894 584 et
918 521 1128 600 destruerent,
1157 538 1261 605 aquarn
1293 528 1381 580 erunt

343 618 375 668 et
397 607 457 668 alia
477 607 643 668 ministeria
663 605 808 667 facerent.
850 607 967 668 Verum
987 617 1049 666 tam
1069 607 1197 688 paucine
1214 615 1257 666 tot
1277 541 1380 665 lromini·

342 687 423 767 ltus,
448 687 521 768 584.
543 711 692 766 numero,
714 687 926 750 sufficiebant?
966 690 1026 751 Vix
1067 701 1159 750 utem.

333 770 340 786 ⁸
427 772 469 833 A.
485 772 542 834 ult.
567 769 716 855 [665‚2.]
751 766 856 852 ξυλῆν.
910 772 946 834 td
975 783 1020 834 est
1046 712 1181 847 lonas,
1215 772 1377 853 lignacum.

333 857 502 918 'materiam
523 854 596 937 ligni
616 854 800 916 caedendam
830 876 887 938 pm
914 855 1077 917 indictione
1104 876 1156 916 seu
1190 875 1272 914 anno·
1299 853 1380 912 luten.

333 931 465 1000 'Nautac
486 941 540 999 otii
563 948 696 1019 tempore
732 936 781 996 vel
812 939 933 1020 quando
955 941 1067 1000 nonin
1089 937 1272 1020 expeditione
1295 935 1382 994 naula

337 1021 457 1094 essent,
490 1019 528 1082 ad
548 1042 568 1080 o
589 1042 641 1082 cra
659 1017 781 1101 publico
809 1021 1040 1089 adhibebantur.
1062 1032 1098 1080 ut
1117 1021 1155 1081 nd
1173 1017 1384 1101 componendam

343 1105 486 1166 aediliciis
505 1043 634 1186 publicis
652 1103 802 1164 struendis
823 1099 977 1166 materiem
990 1105 1061 1186 (vid.
1076 1106 1137 1166 Leo
1149 1105 1282 1164 Gramm.
1296 1123 1321 1182 p.
1333 1099 1384 1180 474-

337 1188 384 1251 A.
404 1187 433 1249 6.
453 1207 484 1268 p.
505 1185 577 1262 481.
600 1186 637 1246 Β.
658 1183 690 1264 4.
717 1183 847 1248 Cedrcn.
872 1209 904 1269 p.
924 1187 995 1252 585.
1025 1189 1069 1248 A.
1090 1187 1161 1270 599.
1190 1186 1225 1247 Β.
1252 1185 1332 1261 line).
1357 1185 1385 1239 ita

342 1269 392 1329 lric
413 1269 472 1331 loci
493 1266 532 1329 ad
552 1266 705 1328 caedenda
726 1267 807 1350 ligna
830 1273 862 1331 in
882 1271 965 1332 silvis
987 1292 1042 1354 pro
1061 1290 1119 1332 usu
1146 1281 1199 1332 aut
1229 1266 1324 1351 palatii
1350 1273 1386 1323 aut

341 1351 419 1412 forte
438 1359 531 1411 totins
551 1349 636 1412 urbis
657 1350 810 1412 CPtanae.

423 1435 458 1494 Β.
475 1433 507 1499 5.
529 1432 615 1518 [665,
640 1433 683 1515 5.]
712 1423 912 1520 ἐν’Λφρῦτῃ.
961 1435 1061 1498 Africa
1095 1436 1145 1498 hic
1176 1446 1221 1498 est
1253 1453 1309 1493 non
1337 1447 1385 1510 part

340 1528 491 1578 terrarum
511 1517 595 1578 orbis
614 1516 653 1578 de
672 1527 803 1598 quatuor
823 1539 903 1592 una,
935 1519 988 1580 sed
1012 1534 1063 1580 aut
1082 1519 1238 1601 provincia
1257 1516 1344 1577 stricte
1358 1512 1386 1570 sir

340 1600 444 1676 dicta,
467 1611 520 1661 aut
539 1598 630 1662 huius
647 1601 821 1684 provinciae
840 1601 975 1684 capitalis
995 1603 1198 1684 cognominis,
1231 1599 1308 1662 sedes
1325 1594 1384 1672 rarii

339 1681 614 1758 Fathemidarum‚
638 1694 800 1766 antequam
821 1684 853 1745 in
873 1685 1042 1768 Aegyptum
1062 1687 1314 1760 transmigrarent,
1335 1678 1386 1736 alas

341 1765 380 1826 de
403 1766 560 1828 conditore
580 1776 611 1828 et
629 1768 726 1848 gentis
747 1768 833 1829 istius
852 1779 883 1830 et
904 1769 1007 1847 urbis,
1029 1768 1166 1843 Mahadi,
1186 1761 1385 1828 Mahadiadietr

343 1851 384 1925 (v.
408 1846 607 1910 D’Herbelot.
628 1847 709 1910 Bihl.
732 1850 853 1912 orient.
873 1873 906 1914 v.
929 1851 1069 1912 Melaedia
1089 1871 1121 1932 p.
1143 1851 1229 1933 573.)
1275 1847 1384 1908 Dumna·

338 1931 432 1992 batur
449 1940 550 1992 autem
568 1953 604 1992 eo
622 1941 778 2030 ternpore,
799 1932 840 2001 A.
855 1934 893 1996 C.
914 1937 1001 2018 949,
1030 1934 1151 1996 Africae
1171 1933 1335 2005 Almansur‚
1349 1943 1383 1984 ut·

337 2036 398 2098 pos
417 2013 498 2076 illius
520 2014 714 2094 Almalradir,
750 2037 841 2098 wem
869 2019 960 2089 modo
987 2017 1232 2092 nominavimus,
1268 2005 1383 2098 primitie

341 2105 434 2179 gente
453 2097 702 2160 Fathemidarum
722 2101 754 2160 in
775 2098 879 2162 Africa
899 2113 930 2162 et
948 2103 1130 2162 Mauritania
1150 2099 1301 2183 dynastae.
1337 2091 1381 2152 litt

337 2176 418 2241 bene
438 2181 638 2242 conveniebat
665 2181 713 2242 lais
733 2181 932 2256 Fathemidis,
972 2183 1093 2244 Africae
1123 2194 1153 2243 et
1183 2180 1300 2248 Siciliae
1324 2187 1383 2254 atque

339 2262 497 2336 Sardiniae
516 2263 659 2342 dominis,
680 2286 751 2325 cum
772 2266 951 2338 Ommiadis‚
974 2269 1024 2348 qui
1046 2287 1218 2349 supremum
1240 2275 1308 2323 tunc
1324 2273 1385 2336 rnpt

339 2348 420 2406 mum
440 2349 473 2407 in
494 2346 643 2428 Hispanos
664 2347 782 2409 Arabes
803 2369 969 2431 eorumque
997 2349 1108 2410 multos
1134 2348 1270 2408 diversos
1298 2339 1385 2425 regulus

338 2448 443 2490 omnes
476 2429 662 2491 exercebant.
718 2430 792 2493 lllae
819 2432 984 2494 simultates
1022 2443 1158 2515 tempore
1195 2443 1263 2513 post
1286 2427 1333 2489 sub
1348 2419 1386 2482 ll·

339 2515 481 2585 moliano,
504 2515 590 2573 istius
610 2512 785 2574 Almansuri
808 2515 892 2593 filio,
928 2518 959 2576 in
979 2521 1116 2598 apertum
1137 2513 1252 2574 bellum
1279 2523 1385 2586 erumpe

338 2594 423 2666 bant.
447 2595 577 2657 Videtur
588 2596 690 2678 itaque
700 2597 855 2678 legationis
865 2597 945 2660 illius
967 2601 996 2659 in
1012 2599 1144 2658 Africam
1152 2619 1260 2680 scopus
1271 2593 1387 2665 suroca

339 2677 516 2750 tilmansun
536 2679 678 2740 dominus
692 2683 784 2743 maris
795 2681 1005 2744 mediterranei
1024 2685 1104 2742 inter
1118 2679 1251 2740 Siciliam
1272 2689 1300 2738 et
1317 2676 1388 2764 Grttt⁴

337 2761 418 2822 ciam
438 2762 608 2836 interiecti,
635 2763 800 2825 Saracenos
821 2765 996 2836 Cretenses,
1018 2776 1053 2826 ut
1073 2786 1091 2825 a
1110 2764 1264 2824 Saracenis
1280 2761 1387 2839 ll'npaffl⁸

338 2843 558 2926 dependentes,
592 2866 768 2928 veorumque
804 2846 879 2908 olim
912 2845 1081 2923 ἀποίκους,
1118 2857 1240 2913 vexaret
1271 2851 1388 2927 quantum

337 2939 457 3010 posset3
479 2927 540 2988 vid.
560 2923 600 2998 ad
619 2949 650 3008 p.
662 2928 733 2991 550.
754 2929 788 2990 Β.
811 2951 835 2992 1.
856 2930 947 2993 dicta.
1381 2999 1386 3010 ,

421 3011 455 3071 Β.
466 3031 535 3092 pen.
557 3007 646 3092 [665,
675 3014 735 3093 aa]
761 3009 906 3094 φύλαξιν.
956 3011 1145 3094 Stephanus,
1185 3009 1264 3072 filins
1289 3009 1388 3068 lionam

336 3087 502 3176 Lecapeni‚
523 3091 596 3151 olim
615 3093 802 3175 imperator,
823 3096 946 3174 tandem
964 3117 1044 3158 anno
1063 3097 1137 3179 945.
1161 3086 1388 3154 incuntanter

339 3179 469 3235 stantino
501 3175 628 3256 irnperio
655 3188 762 3238 exutus
791 3189 821 3238 et
852 3181 885 3240 in
906 3181 1125 3240 Proconnesum
1156 3179 1276 3260 primo,
1306 3163 1387 3232 deinde

336 3252 482 3317 Rhodum
502 3257 678 3334 translatus,
701 3259 824 3321 exilium
844 3265 1043 3344 etprivatam
1065 3265 1158 3322 vitam
1179 3283 1233 3342 per
1256 3279 1299 3341 ¹9·
1317 3263 1386 3313 8⁰⁰⁰!

336 3339 491 3428 toleravit.
513 3339 586 3400 Vid.
609 3339 740 3404 Cedren.
761 3365 791 3426 p.
810 3341 885 3425 634.
909 3355 939 3406 et
959 3345 1139 3428 Luitprand.
1161 3343 1275 3406 Histor-
1294 3339 1325 3400 L.
1342 3329 1384 3392 Vl·

334 3442 405 3592 pap.
420 3444 610 3603 60464665,
632 3503 691 3586 ι5.]
723 3503 780 3587 τῆς
807 3505 1006 3588 Ἀντιοχείας.
1055 3507 1249 3572 Antiochiam
1274 3498 1386 3564 tenebant

277 3643 281 3646 .
337 3585 446 3656 Graeca
469 3588 508 3649 ab
530 3588 571 3649 A.
593 3587 628 3654 C.
648 3587 719 3672 903.
743 3595 827 3665 (teste
849 3591 928 3674 llagi
942 3591 1084 3676 Chalisat)
1107 3593 1145 3654 ad
1170 3593 1210 3652 A.
1231 3593 1385 3672 107n.‚q⁰⁰

333 3657 447 3735 ‘iureis
469 3672 557 3732 cessit
576 3681 645 3752 post
672 3671 775 3732 infelix
794 3673 922 3735 Romani
943 3677 1087 3759 Diogenis
1112 3696 1183 3736 cum
1207 3673 1264 3755 Alp
1285 3661 1386 3730 Arsino

336 3750 497 3831 praelium,
540 3754 638 3835 Atqui
657 3761 758 3815 tamen
780 3757 902 3818 invenio
922 3759 1003 3840 apud
1021 3757 1223 3834 Abulfedam‚
1243 3769 1312 3814 annu
1330 3742 1385 3802 Chr·

336 3829 409 3912 965.
430 3853 496 3893 eam
516 3836 673 3898 Saracenis
691 3837 892 3901 'tarsensibus
911 3843 1053 3924 paruisse.
1094 3843 1187 3903 Anno
1218 3851 1307 3900 mnan
1330 3823 1384 3908 9⁶9·

336 3913 489 3992 Bnmanm
512 3938 579 3979 eam
601 3940 791 4002 recuperasse
812 3920 893 3983 idem
914 3925 968 3986 ait.
1355 3984 1384 4000 ,,

340 3993 346 4012 ¹
400 3994 472 4057 585.
494 3996 530 4058 Β.
545 4000 577 4061 8.
600 4001 689 4087 [667,
710 4001 752 4086 1.]
787 3996 872 4086 Epist
892 4005 938 4078 εἰς
957 4003 1032 4079 τούς
1053 3999 1215 4088 ἄρχοντας.
1262 3999 1305 4059 sic
1330 3985 1384 4050 ¹1¹¹l¹¹

336 4075 497 4179 ridebatur
508 4083 632 4164 integris
651 4084 758 4147 litteris
778 4089 961 4150 exarandum
980 4111 1064 4169 esse,
1085 4090 1166 4171 quod
1189 4089 1219 4149 in
1237 4071 1386 4146 membr³⁰l⁵

334 4239 392 4316 per
411 4229 624 4377 cobrppendium
643 4237 789 4318 seriptum
808 4252 873 4300 erat
892 4188 1020 4332 εἰςτᾶρῗ
1044 4239 1131 4302 Conl.
1155 4263 1187 4322 p.
1212 4233 1276 4302 586.
1296 4227 1328 4290 Α·
1346 4217 1370 4296 4·

392 4336 397 4345 ”
416 4315 436 4374 '1
531 4315 682 4414 [6672151
709 4321 1008 4404 λεπτομερέστερον.
1051 4325 1090 4385 F.
1122 4334 1189 4407 post
1215 4321 1285 4382 hanc
1304 4318 1383 4371 rooeffl
