2975 4892
326 258 417 387 Be
551 301 608 368 10.
638 300 718 368 ne.
747 302 895 367 nnssn
923 299 1202 369 eomrmtraan

303 453 930 601 trememtem
952 455 1108 602 ‘tr‘alis
1129 457 1383 602 mene.

308 563 475 706 diligentia
499 541 937 705 lldll‘ddadgiiutllmoellatmvl
954 561 1135 686 batava.
1174 560 1304 686 Coumfiburi
1317 563 1385 704 qdo-

311 715 382 784 qu'e
404 717 546 790 poterunt
568 707 706 768 Valesius
733 707 773 766 ad
797 705 953 766 Ammine.
980 705 1118 768 Marcell.
1142 729 1174 788 p.
1198 705 1275 782 166,
1297 707 1382 767 Goar.

315 780 363 870 ad
382 791 490 887 (iodim
504 811 536 871 p.
551 787 601 886 55.
629 812 661 850 n.
682 810 710 872 7.
731 800 764 850 et
783 788 823 850 ad
851 787 1032 871 Theophra.
1051 811 1085 872 p.
1106 789 1177 874 247.
1194 788 1237 850 A.
1261 808 1308 866 t.,
1328 786 1387 882 Sal·

315 881 435 946 massus
451 873 489 934 ad
502 873 618 954 ,Script
644 873 685 932 H.
702 870 782 955 Aug.
804 873 844 931 T.
865 873 904 932 ll.
921 894 954 954 p.
972 871 1045 935 686.
1089 871 1253 934 Laureatae
1268 892 1325 932 uon
1338 870 1387 930 ali-

212 977 216 1000 ¹
294 953 416 1032 funde,
443 977 535 1038 quam
557 977 575 1016 a
601 955 686 1016 lauro
710 953 876 1034 dicuntur,
896 956 979 1036 quod
1006 955 1094 1016 lauro
1115 957 1270 1017 redimitae
1291 963 1388 1014 esseut.

283 1048 289 1075 '
322 1039 488 1102 Laureatos
527 1039 619 1098 fasces
643 1060 712 1098 cum
743 1037 850 1101 litteris
882 1039 1040 1100 victoriam
1067 1039 1105 1100 de
1124 1039 1259 1100 hostibus
1281 1047 1388 1118 partam

255 1114 265 1143 ²
323 1121 531 1184 nuntiantibus
549 1121 676 1196 Romam
704 1124 783 1182 mitti
811 1122 851 1182 ab
876 1121 1110 1204 imperatoribus
1140 1121 1212 1182 olim
1234 1118 1386 1182 obtinebat.
1469 1168 1470 1171 ,

209 1208 222 1253 1'
322 1206 383 1266 Sed
403 1203 462 1266 illis
496 1205 700 1286 temporibus,
733 1203 845 1286 quibus
866 1206 1063 1286 Imperatores
1084 1206 1170 1287 duo,
1191 1226 1269 1265 unus
1287 1205 1317 1262 in
1336 1204 1391 1262 ori·

320 1298 407 1361 ente,
430 1287 506 1348 alter
521 1290 554 1348 in
576 1287 741 1360 occidente,
776 1288 940 1368 imperium·
954 1290 1140 1368 Romanum,
1160 1288 1243 1350 velut
1261 1284 1392 1367 collegae,

323 1391 419 1431 unum
440 1371 543 1430 divisis
563 1369 684 1431 sedibus
705 1369 974 1442 administrabant,
996 1370 1128 1432 debebat
1147 1373 1258 1447 iunior,
1279 1390 1330 1431 seu
1346 1367 1393 1448 qul

322 1453 414 1514 modo
434 1451 567 1514 habenas
585 1453 668 1534 regni
681 1454 864 1535 ,suscepisset
889 1455 1080 1533 tractandas,
1102 1455 1144 1515 ad
1163 1457 1309 1515 seniorem
1327 1454 1395 1510 iam

323 1537 439 1597 dudum
461 1547 634 1618 regnantem
654 1536 803 1598 laureatas
823 1557 892 1598 suas
911 1539 1056 1618 imagines
1077 1547 1108 1598 et
1130 1538 1246 1600 litteras
1265 1539 1395 1610 mittere,

323 1619 474 1702 simulque
494 1622 613 1680 veniam
639 1619 786 1700 regnandi
806 1629 837 1681 et
865 1624 1053 1685 auctoritatis
1072 1621 1332 1682 confirmationem
1350 1636 1395 1675 ro-

323 1725 404 1786 gare.
446 1704 533 1779 Quae
553 1703 577 1763 si
599 1701 830 1765 admitterentur
849 1725 868 1764 a
887 1706 1024 1782 seniore,
1043 1701 1282 1786 iuberenturque
1303 1703 1334 1762 in
1344 1720 1397 1758 ma·

321 1787 424 1850 iorum
443 1785 598 1846 civitatum
618 1783 711 1861 foris,
734 1787 832 1860 circis,
861 1786 1049 1869 publicisque
1077 1787 1146 1848 aliis
1178 1787 1252 1848 locis
1270 1785 1309 1845 ad
1327 1781 1398 1842 latus

323 1879 509 1931 suarummet
529 1871 694 1952 imaginum
716 1869 830 1951 populo
849 1881 1014 1951 spectatum
1035 1880 1065 1930 et
1083 1871 1246 1932 adoratum
1267 1865 1397 1951 proponi,

322 1954 348 2014 si
390 1973 442 2013 um
464 1953 495 2012 id
515 1963 597 2028 erat,
620 1971 734 2012 novum
757 1955 970 2034 imperatorem
991 1954 1023 2012 in
1045 1954 1202 2034 potestatis
1222 1951 1399 2014 consortium

324 1975 454 2096 additu.
495 2033 526 2094 Si
547 2055 620 2095 vero
649 2033 901 2114 repudiarentur,
937 2037 1115 2118 significatio
1136 2057 1173 2096 ea
1194 2045 1279 2112 erat,
1301 2030 1399 2106 illum,

323 2137 344 2180 a
364 2139 425 2200 quo
445 2118 553 2177 missae
578 2116 719 2188 suerent,
744 2139 805 2178 non
826 2141 883 2200 pro
904 2119 1036 2202 collega,
1070 2117 1123 2180 aed
1145 2139 1205 2202 pro
1227 2129 1353 2200 tyranno
1371 2135 1402 2173 a·

323 2202 440 2282 gnosci,
460 2203 652 2281 usurpatione
666 2200 747 2261 tituli
761 2204 834 2282 regii
850 2213 881 2262 et
900 2203 1053 2284 potestatis
1073 2203 1133 2286 ipsi
1155 2201 1295 2262 interdici
1315 2207 1354 2274 et,
1373 2197 1402 2254 ni

323 2282 485 2358 abstineat,
506 2281 619 2343 bellum
637 2284 739 2344 indici.
781 2284 862 2345 Ante
887 2284 1092 2346 Theodosium
1113 2284 1243 2366 quidem
1262 2285 1288 2344 si
1310 2282 1339 2342 in
1357 2299 1404 2338 oe·

324 2367 443 2428 ridente
464 2379 602 2448 regnaret
623 2371 738 2443 senior,
760 2388 813 2427 seu
833 2370 886 2450 qui
907 2370 994 2429 citius
1015 2390 1145 2449 regnare
1168 2369 1326 2449 coepisset,
1339 2384 1405 2422 cou-

325 2449 466 2510 firmabat
493 2447 689 2529 orientalem,
723 2450 776 2531 qui
810 2453 907 2512 serius
931 2455 1087 2532 inciperet.
1133 2451 1256 2512 Verum
1287 2469 1322 2509 ex
1350 2464 1405 2528 quo

324 2531 514 2594 Theodosius
535 2531 681 2594 decedens
701 2533 809 2594 maiori
840 2545 914 2594 natu
934 2535 996 2595 lilio
1015 2533 1152 2595 Arcadio
1178 2537 1328 2594 orientem
1344 2548 1406 2588 cum

324 2615 400 2677 cPii
424 2615 494 2678 sede
513 2616 629 2696 imperii
650 2617 829 2698 praecipua,
851 2619 961 2678 minori
977 2617 1118 2678 Honorio
1140 2617 1330 2678 occidentem
1343 2631 1407 2672 cum

323 2699 439 2778 Roma,
460 2720 478 2758 a
498 2701 593 2760 veteri
614 2700 759 2782 dignitate
778 2711 809 2760 et
828 2703 935 2782 primis
954 2700 1090 2782 partibus
1111 2701 1154 2764 ad
1175 2701 1326 2762 secundas
1342 2715 1408 2778 pro-

324 2780 427 2864 lapsa,
449 2781 599 2858 dedisset,
622 2783 742 2844 nullum
764 2787 910 2866 repetitur
943 2787 975 2844 in
995 2782 1134 2844 historiis
1156 2781 1330 2865 exemplum
1352 2781 1407 2838 lm·

322 2867 470 2948 peratoris
490 2863 644 2926 orientalis
664 2866 703 2926 ab
723 2865 902 2927 occidentali
922 2867 1114 2945 confirmati3
1138 2869 1297 2929 contrario
1316 2874 1408 2926 autem

323 2950 356 3010 in
377 2947 530 3010 occidente
551 2959 701 3030 quotquot
720 2962 904 3032 regnarunt,
936 2953 962 3010 si
981 2971 1000 3009 a
1019 2951 1128 3032 paucis
1157 2949 1365 3010 tumultuariis
1382 2952 1409 3002 el

323 3031 487 3092 subitaneis
517 3032 750 3113 usurpatoribus
778 3036 952 3110 secesseris,
984 3034 1094 3093 caeteri
1129 3055 1243 3096 omnes
1274 3024 1411 3114 regnandi

322 3117 443 3178 veniam
466 3115 506 3175 ab
525 3113 720 3177 orientalibus
751 3127 905 3197 rogerum.
945 3115 1039 3176 Unde
1058 3119 1174 3178 merito
1195 3116 1348 3198 colligitur
1364 3131 1411 3170 oe·

323 3197 486 3260 cidentnles
515 3208 631 3256 anutu
660 3210 691 3258 et
712 3199 837 3279 imperio
865 3200 1058 3260 orientalium
1086 3201 1288 3283 pependisse.
1328 3189 1411 3274 Qss⁰d

324 3301 359 3342 ex
381 3303 418 3342 eo
439 3300 561 3363 quoque
582 3301 642 3340 non
674 3283 826 3342 immerito
845 3282 967 3361 efficias,
989 3281 1071 3366 quod
1093 3283 1191 3365 legati
1214 3283 1343 3344 Romani
1363 3278 1413 3336 bo·

322 3367 423 3426 norati
443 3374 511 3447 post
527 3363 690 3426 honoratos
714 3365 853 3427 CPtanos
884 3367 1011 3448 quisque
1031 3367 1080 3425 sui
1102 3367 1229 3428 ordinis
1249 3368 1331 3426 viros
1350 3361 1410 3422 iret·

322 3446 362 3507 V.
384 3471 415 3530 p.
436 3453 505 3511 230.
547 3447 607 3529 lpsi
638 3468 722 3529 reges
749 3449 853 3509 ltaliae
874 3449 1012 3528 Gothici,
1041 3452 1096 3530 qui
1121 3454 1156 3511 in
1178 3471 1322 3512 eversum
1342 3443 1413 3506 oeci-

323 3528 444 3592 dentale
466 3533 627 3614 imperium
657 3543 887 3603 successerunt,
918 3553 988 3592 cum
1015 3534 1110 3593 venia
1133 3545 1167 3594 et
1188 3555 1226 3594 ex
1245 3530 1413 3594 auctoritate

323 3611 545 3693 Imperatorum
567 3615 758 3676 orientalium
778 3627 809 3676 et
828 3613 913 3675 velut
946 3616 1081 3696 ipsorum
1103 3615 1204 3700 legati
1225 3639 1282 3680 seu
1300 3615 1414 3678 lociser·

320 3705 443 3756 vatores
474 3700 506 3756 in
534 3697 621 3756 ltalia
649 3698 840 3779 regnabant,
876 3697 956 3778 leges
985 3701 1127 3780 ipsorum
1154 3701 1216 3762 sibi
1238 3704 1343 3760 missas
1364 3691 1414 3752 ad·

322 3777 483 3838 mittebant
499 3790 528 3839 et
557 3781 809 3864 promulgabant,
830 3782 964 3862 ipsorum
997 3782 1103 3842 vultus
1125 3795 1160 3843 et
1182 3805 1312 3845 nomina
1334 3797 1415 3842 num·

322 3863 380 3921 mis
397 3863 596 3934 mandebant,
622 3862 793 3946 designatos
817 3885 851 3924 ex
871 3886 978 3924 eorum
999 3865 1164 3928 voluntate
1187 3867 1330 3928 consides
1349 3881 1416 3923 con·

207 3937 215 3946 ⁸
258 3945 262 3958 ⁶
323 3943 507 4020 stituebant,
529 3949 676 4026 scipiones
707 3947 867 4008 consulum
884 3947 1033 4008 eburneos
1053 3959 1087 4008 et
1109 3949 1276 4014 codicillos
1292 3947 1415 4032 dignita·

323 4037 389 4086 tum
410 4027 496 4088 aulae
517 4049 589 4089 suae
617 4033 850 4112 praecipuarum
878 4030 918 4090 ab
941 4028 1000 4090 illis
1029 4029 1221 4114 flagitabant
1255 4047 1286 4096 et
1317 4031 1417 4092 missos

322 4109 510 4192 accipiebant
544 4122 575 4172 et
606 4111 664 4174 alia
685 4113 834 4196 agebant,
855 4135 934 4196 quac
954 4116 1026 4174 satis
1047 4113 1273 4178 demonstrant
1293 4135 1343 4178 eos
1361 4111 1417 4170 lla·

321 4192 395 4258 liam
416 4215 476 4255 non
506 4215 579 4274 sua,
611 4216 674 4256 non
709 4218 851 4279 suprema
883 4197 1061 4261 auctoritate
1096 4205 1253 4270 tenuisse.
1312 4196 1418 4262 Eieetis
