2975 4892
306 220 388 306 818
505 247 561 316 ιο.
597 244 680 312 rae.
706 239 854 310 ιιιειιι
890 242 1179 338 connumera

303 403 363 464 dur
384 413 414 464 et
433 403 575 485 magister
593 401 746 480 miiitum
767 411 797 462 et
819 423 852 482 p.
868 403 928 461 aa.
946 399 993 462 16.
1020 412 1160 462 numerat
1186 403 1218 461 in
1244 421 1313 462 nna
1333 401 1391 462 Pe·

302 489 383 546 rusia
404 497 465 547 tres
484 489 659 569 praecipuos
679 485 880 567 magistratus,
898 483 1077 566 praefectum
1102 479 1296 567 (ἔπαρχον),
1327 507 1390 544 rna-

329 571 424 630 ‘trum
445 573 573 631 mittam»
592 581 624 631 et
643 571 759 630 canem.
809 566 972 627 Dubitavit
997 587 1117 648 quoque
1136 566 1176 628 cl.
1202 567 1390 627 muratorius

302 591 400 730 fise,
420 652 573 714 diversine
591 673 629 712 an
651 651 740 713 iidem
763 650 874 710 fuerint
903 649 988 710 dines
1021 661 1051 709 et
1080 651 1220 730 magistri
1251 651 1387 710 mr'litwa.

303 735 406 796 Verba
426 737 491 796 eius
514 745 602 796 sunt:
622 735 758 815 magistri
775 753 887 830 qraoqroe
906 733 1030 793 mr'litwn
1048 733 1119 792 olim
1136 731 1294 814 appellati
1305 737 1389 816 pn'a-

303 820 404 961 titt
435 817 1391 981 ttt..;t5.‘”2.t¹'tttt.tt‘m;t.i⁰”ttfflatt

305 987 402 1045 nescio
421 1005 461 1044 aa
481 981 617 1042 rirdr'care
629 984 734 1064 possit.
787 979 875 1042 conf.
900 981 1032 1040 Bandur.
1060 979 1097 1040 ad
1120 979 1285 1040 Constant.
1317 981 1392 1040 Por

303 1063 396 1148 phys.
419 1065 458 1124 T.
474 1065 514 1123 11.
536 1065 665 1146 Antiqu.
688 1064 810 1125 Orient.
834 1085 866 1146 p.
886 1061 939 1124 62.
981 1063 1074 1123 Forte
1091 1083 1145 1144 pro
1164 1063 1285 1142 Μέλης
1313 1063 1393 1144 apnd

303 1147 430 1208 Cedren.
449 1169 479 1227 p.
492 1147 560 1228 706.
576 1148 618 1208 D.
633 1159 698 1208 ont.
720 1158 751 1206 et
771 1145 897 1228 Glycam
917 1169 950 1227 p.
969 1146 1040 1207 510.
1059 1145 1096 1205 C.
1117 1145 1323 1206 scribendum
1352 1155 1394 1208 est

303 1227 541 1308 Μαστρομίλης.

384 1314 420 1371 C.
438 1333 468 1396 7.
489 1310 580 1394 [690‚
603 1309 649 1392 6.]
675 1305 856 1390 Ἀμάλφης.
915 1309 963 1370 De
984 1309 1124 1394 'ducibus
1160 1307 1394 1391 Amalphitanis

340 1397 363 1455 't
385 1395 574 1455 Muratorius
596 1393 671 1453 Ant.
694 1393 764 1453 ital.
786 1395 823 1454 P.
840 1395 864 1454 1.
886 1413 918 1473 p.
936 1413 1005 1453 nor.
1028 1404 1059 1453 et
1079 1391 1256 1453 Chronieon
1280 1395 1393 1454 Arnai-

300 1415 462 1558 pbitanum
483 1476 649 1538 abeodem
682 1475 792 1536 ibidem
820 1477 934 1538 editum
964 1475 1149 1557 frequentem
1175 1497 1288 1536 eoraun
1324 1478 1392 1538 ficit

301 1561 498 1624 mentionem.
540 1561 587 1619 De
607 1558 735 1620 ducibus
757 1559 876 1619 Caietae
895 1557 974 1618 conf.
996 1561 1078 1618 idem
1100 1580 1131 1639 p.
1147 1557 1220 1618 218.

386 1643 423 1704 C.
437 1665 469 1726 9.
494 1642 577 1726 [690‚
595 1641 639 1724 7·]
669 1639 714 1714 εἰς
734 1636 791 1704 τὸν
819 1631 972 1720 ἄρχοντα.
1021 1641 1240 1702 Constantinus
1268 1653 1302 1702 et
1330 1643 1391 1704 Ro-

302 1747 411 1791 manus
436 1727 579 1786 dicuntur
615 1724 665 1784 hic
694 1723 823 1806 linigero
850 1723 1014 1784 Archontis
1045 1723 1169 1784 titulum
1197 1725 1390 1804 aliquando,

302 1808 481 1870 mecedente
500 1819 600 1869 autem
620 1819 755 1888 tempore
785 1806 907 1867 tandem
936 1806 1021 1866 illurn
1051 1807 1160 1868 Basilei
1188 1829 1319 1889 quoque
1339 1811 1389 1868 tri·

302 1889 418 1952 baisse.
460 1891 543 1972 Ergo
571 1901 640 1950 ante
670 1890 799 1966 horum,
830 1900 860 1950 et
887 1889 1009 1970 quidem
1038 1901 1211 1971 postrema,
1251 1902 1388 1972 tempora

304 1972 468 2054 coiiegialis
487 1975 604 2056 imperii
638 1995 700 2034 non
726 1973 924 2034 obtinuerunt
943 1972 1062 2054 Bulgari
1091 1974 1247 2055 principes
1265 1974 1387 2033 titurium

303 2056 451 2120 Basileus.
491 2056 573 2134 Quid
588 2057 677 2136 igitur
697 2056 841 2117 faciemus
860 2054 927 2116 loco
947 2055 1094 2129 cedreni,
1117 2077 1179 2138 quo
1197 2057 1246 2116 ait
1265 2079 1297 2138 p.
1317 2055 1385 2122 623.

303 2138 345 2198 D.
367 2138 547 2220 symeonem
568 2140 731 2221 Buigaram
752 2129 1078 2218 [υἰιεεεῦφημηθὲπα
1099 2133 1141 2210 ὡς
1156 2139 1308 2215 βασιλέα.
1321 2141 1385 2200 Ima·

301 2219 388 2280 ditus
404 2223 582 2282 celebratum
593 2235 626 2281 ut
648 2227 774 2301 regem?
793 2221 922 2280 Videtur
940 2221 1038 2280 dicere
1057 2221 1145 2295 velie,
1167 2221 1316 2302 symeoni
1337 2243 1388 2282 ae·

303 2301 465 2362 clamatura
503 2323 564 2363 non
606 2303 712 2364 iisdem
748 2303 870 2386 quidem
904 2303 1043 2386 formulis·
1071 2314 1160 2386 atque
1204 2305 1386 2386 imperatori

303 2385 439 2462 Graeco,
460 2405 559 2466 neque
577 2385 725 2447 attributo
745 2385 834 2446 titulo
856 2385 981 2463 basilei,
1010 2397 1140 2447 attamen
1162 2386 1272 2446 eodem
1296 2387 1386 2449 modo

302 2475 394 2555 atque
415 2481 564 2551 apparatu
584 2469 691 2546 fuisse,
713 2491 775 2550 quo
796 2469 911 2529 solebat
932 2471 1102 2550 Byzantinis
1122 2470 1295 2530 acclamari.

384 2549 425 2610 D.
443 2573 473 2612 a.
494 2549 583 2634 [690,
602 2549 661 2632 ra]
682 2553 740 2611 τοῦ
759 2543 1060 2633 χριστιανικωτιέτου
1073 2545 1188 2621 ἔθνους
1199 2551 1265 2610 τῶν
1281 2554 1386 2614 Βοιλ-

300 2627 416 2711 ydaros.
469 2635 511 2694 Ut
548 2634 598 2693 hic
624 2634 765 2716 Bulgari‚
796 2635 837 2694 ita
870 2633 951 2714 apud
980 2633 1115 2694 Nicetam
1143 2633 1330 2694 Choniatem
1359 2657 1387 2716 p.

304 2735 375 2798 ²77·
402 2716 440 2776 C.
464 2715 521 2776 ult.
552 2717 639 2777 Russi
671 2710 706 2776 ri
733 2711 1031 2794 χριστιανικᾳὶτατον
1063 2715 1149 2796 γένος
1184 2717 1387 2798 appellantur.

301 2796 348 2857 Ea
368 2809 484 2870 aetate,
546 2802 639 2860 aista
658 2799 877 2870 exarabantur,
907 2798 1043 2858 nondum
1062 2797 1246 2859 vocabulum
1267 2799 1388 2861 christi·

302 2879 436 2942 anissimi
457 2821 562 2942 tituit'is
589 2892 653 2944 erat
673 2882 712 2941 ad
737 2903 830 2940 tinam
848 2891 961 2940 certam
980 2891 1099 2962 gentem
1121 2881 1319 2943 bominemve
1342 2886 1386 2944 ai·

301 2959 428 3043 ligatus,
458 2975 494 3022 ut
513 2965 603 3024 hodie
624 2985 724 3045 regem
744 2963 891 3027 Franciae
911 2984 965 3045 per
986 2965 1179 3024 eminentiam
1202 2977 1327 3026 vetusto
1348 2971 1390 3028 ti·

301 3044 451 3107 tuiaturae
483 3049 544 3107 ritu
563 3048 832 3106 christianissimum
853 3067 949 3127 regem
967 3045 1171 3126 appellamus,
1204 3048 1244 3107 de
1266 3071 1330 3130 quo
1349 3049 1386 3109 ti-

298 3126 365 3188 tulo
378 3151 420 3189 -v.
435 3126 558 3190 Selden.
572 3129 610 3190 de
629 3131 689 3189 Tit.
712 3131 829 3189 Honor.
852 3149 882 3211 p.
901 3126 966 3212 74„
988 3129 1040 3188 ubi
1062 3129 1299 3207 demonstravit,
1326 3153 1387 3192 non

299 3208 371 3270 solis
390 3212 537 3272 Franciae
558 3210 752 3273 occidentalis
773 3211 892 3294 regibus
912 3210 1060 3270 tributum
1079 3233 1149 3272 eum
1175 3213 1252 3273 olim
1278 3213 1384 3288 misse,

277 3293 353 3352 -sed
374 3293 611 3376 imperatoribus
628 3315 751 3376 quoque
771 3297 927 3374 utriusque
947 3293 1029 3354 orbis
1048 3294 1228 3356 Christianis
1255 3307 1287 3356 et
1315 3299 1386 3359 item

299 3376 421 3456 regibus
448 3375 586 3460 Angiiae.
633 3377 692 3438 Sed
720 3397 819 3458 neque
843 3377 899 3436 soli
920 3377 1117 3457 Imperatores
1143 3389 1197 3438 aut
1226 3401 1314 3460 reges
1344 3383 1386 3440 sie

298 3458 483 3534 audiebant,
508 3461 669 3521 sedetiam
690 3462 801 3540 privati
824 3457 960 3518 homines
980 3459 1221 3522 christianissimi
1248 3474 1282 3522 et
1309 3465 1383 3522 inte-

298 3558 371 3618 grae
401 3553 504 3624 gentes
534 3543 795 3604 christianissimae
824 3541 1009 3617 audiebant,
1037 3552 1067 3602 et
1094 3542 1170 3602 nihil
1198 3544 1268 3624 plus
1293 3567 1384 3624 qnam

300 3618 500 3694 christianus,
521 3637 575 3685 aut
602 3625 690 3686 vaide
711 3625 892 3684 christianus
912 3624 941 3683 id
965 3623 1150 3685 vocabulum
1171 3628 1383 3706 significabat,

299 3698 331 3759 id
359 3714 405 3762 est
424 3727 495 3766 vere
512 3711 582 3788 pius
612 3719 643 3769 et
671 3707 856 3769 orthodoxus
880 3717 911 3766 et
934 3707 1067 3768 fervidus
1089 3707 1136 3768 dei
1158 3711 1327 3770 secundum
1349 3715 1383 3769 ri·

298 3790 363 3840 tum
398 3786 597 3852 christianum
626 3791 735 3852 cultor.
794 3789 959 3870 Propterea
989 3789 1130 3850 monachi
1162 3802 1192 3851 et
1221 3791 1325 3853 cieriei
1352 3795 1381 3852 in

298 3867 398 3942 specie
416 3869 572 3932 christiam
590 3875 734 3934 dicuntur
756 3884 785 3932 et
809 3871 893 3932 iaicis
913 3882 1126 3954 opponuntur,
1148 3873 1384 3936 cin-istianornm

298 3947 420 4007 nomine
445 3951 592 4045 exclusi33
615 3978 646 4017 v.
668 3955 719 4014 Du
740 3953 841 4036 Gange
862 3976 891 4014 v.
914 3955 1086 4014 Clutstiaai.
1129 3955 1283 4038 sylvanus
1312 3957 1381 4018 rbe-

296 4036 348 4086 tor
373 4025 512 4108 α’σιητην
543 4037 600 4094 καί
634 4036 774 4115 ἀκριβῶς
816 4035 1040 4116 χριστιανιζειν
1077 4033 1298 4099 ἐσπουδακότα
1328 4039 1383 4100 ali-

297 4131 388 4192 quenr
407 4111 566 4194 appellat3
585 4139 617 4179 v.
637 4120 717 4182 dicta
738 4119 777 4180 ad
797 4139 830 4200 p.
847 4119 919 4202 592.
939 4119 981 4179 D.
999 4117 1030 4197 4.
1051 4118 1226 4202 Simplicius
1246 4121 1331 4204 Papa
1351 4126 1381 4181 in
