2975 4892
370 309 446 394 182
596 335 650 402 10.
680 334 759 398 rac.
789 333 936 397 ausen
963 330 1246 397 eonnmranr

362 499 447 570 puta.
489 485 530 548 Et
560 489 631 570 qula
657 483 812 547 saeculum
842 483 921 546 lllud
951 486 1153 546 stauromanla
1180 479 1344 556 laborabat,
1372 483 1414 541 eui

361 571 438 636 nihil
460 570 611 653 placeret,
641 570 724 652 quod
745 589 809 630 non
829 579 882 629 aut
902 568 942 629 ad
968 569 1064 630 instar·
1082 569 1178 628 crucis
1197 564 1416 638 eonlormatum,

362 665 415 722 aut
436 675 525 716 cruoo
545 652 645 718 saltim
666 655 817 734 signatum
836 661 933 728 esset,
968 649 1149 734 effingebant
1179 650 1211 708 in
1229 649 1321 709 crucis
1338 645 1418 705 instar

362 736 415 802 illa
435 757 477 820 qu
519 757 556 798 ue
576 735 763 813 retinacula,
793 757 872 818 quae
898 734 1046 798 ambobus
1067 736 1100 794 in
1119 730 1250 794 humeris
1268 739 1418 810 oongestaru

361 821 446 903 pallii
461 759 571 882 mutilem
593 821 806 880 continuerant
826 829 855 879 et
876 827 1102 900 represserant,
1130 816 1251 876 Graecis
1270 809 1421 889 α’ναβαλέας

363 915 394 968 et
414 896 592 980 α’ναλαὶβοας
612 901 714 978 dicta,
737 902 855 964 Latinis
874 902 1117 962 rebrachiatoria.
1160 899 1237 959 Nam
1256 892 1420 972 ἀνέβαλλον,

362 987 533 1046 reiieriebant
555 986 587 1048 in
607 988 776 1059 servicem,
810 996 841 1045 et
855 981 1019 1063 ἀνέλαβον,
1048 1003 1170 1046 sursum
1197 978 1367 1040 mmareboat
1384 985 1423 1034 at·

362 1068 569 1150 tollebantque
592 1068 676 1130 illem
697 1069 839 1152 utrinque
858 1067 942 1150 pallii
962 1077 1100 1149 partun,
1130 1085 1208 1149 quaa
1326 1081 1342 1119 e
1364 1059 1423 1139 ipsis

362 1161 428 1216 erat
448 1151 625 1234 delapsura,
657 1163 687 1214 et
708 1172 776 1213 eam
804 1165 883 1212 retro
908 1151 1029 1211 bmciuir
1108 1148 1244 1210 erebant.
1352 1143 1424 1200 'anus

362 1233 401 1295 de
422 1233 578 1296 monacbis
598 1236 747 1318 Aegypti:
783 1235 908 1296 Gestarrt
926 1232 1076 1295 ninutas
1111 1229 1192 1294 male
1212 1229 1262 1290 alii
1279 1225 1424 1288 maculas.

362 1315 455 1378 Recte
474 1321 567 1401 igitur
586 1318 753 1394 resticulas,
780 1318 814 1378 id
834 1329 879 1380 est
898 1315 1066 1394 brandeas,
1086 1311 1233 1396 taenias]
1251 1309 1370 1395 duplr'ces
1386 1307 1424 1365 la·

363 1421 417 1461 neo
441 1402 553 1484 plexas
579 1402 771 1484 sebtegmine,
800 1422 874 1487 φναν
895 1401 1007 1461 Graeci
1032 1391 1215 1477 ἆναλάβαας
1236 1404 1353 1464 eoem,
1383 1409 1426 1448 ποθ

363 1504 434 1544 uero
454 1487 662 1559 succinctoria,
695 1507 744 1547 seu
772 1483 966 1558 redimicula,
997 1483 1048 1544 vel
1068 1483 1196 1566 proprie
1223 1473 1429 1574 rebmciuiitoria

357 1585 511 1718 iiiiii
520 1567 1231 1730 tttittrtttfftmmtfftt
1247 1567 1427 1718 iiiiii?

362 1727 416 1810 lii,
438 1755 516 1814 quae
529 1733 698 1795 humerost
758 1745 805 1812 nt,
828 1755 869 1795 vo
881 1730 1001 1815 nmina]
1023 1732 1178 1805 ambiunt,
1201 1741 1286 1812 atqie
1304 1720 1428 1784 hincinde

363 1811 485 1900 [dextro
508 1757 863 1899 sinistroqueeblirmero]
887 1818 1073 1896 sacemgrmt,
1104 1827 1140 1877 ut
1157 1807 1374 1890 constr-ingemit
1390 1803 1428 1860 la·

361 1899 516 1968 utradrizem
536 1902 701 1960 vestimenti
727 1901 772 1960 ad
789 1921 895 1983 corpus
920 1899 1111 1972 camarinam,
1150 1909 1238 1980 aeque
1255 1892 1427 1968 corrirmgonfr

361 1991 392 2040 et
410 1983 453 2040 ita
473 1985 664 2043 incorotrictir
692 1983 819 2042 brachiis
840 1983 964 2066 irnpr'gri
987 1981 1141 2042 edomas
1168 2000 1241 2062 opus
1266 1971 1431 2058 expediet&

278 2083 280 2088 ·
362 2062 536 2124 redderem.
580 2065 764 2127 sozomenus
785 2065 843 2124 Ill.
868 2062 915 2142 nl.
947 2065 1027 2125 Hist.
1056 2061 1178 2124 Eccles.
1207 2071 1275 2142 apte
1301 2055 1338 2116 ad
1362 2053 1429 2112 bunc

223 3130 271 3194 tt.
283 3131 313 3194 t.
320 3133 354 3188 58

363 2141 484 2206 locum:
519 2139 602 2227 ζώνη
623 2147 658 2207 δὲ
679 2145 736 2207 καί
755 2141 947 2227 αἰναβολεύς,
968 2143 989 2227 ἦ
1011 2144 1073 2223 μὲν
1091 2140 1154 2242 rr'gr
1173 2137 1276 2226 ὂσφύν
1293 2131 1433 2218 ααρισφίγ·

361 2243 481 2310 poeno,
504 2219 521 2286 ὃ
546 2227 581 2290 δὲ
607 2221 683 2304 τούς
711 2220 818 2306 ὤμους
837 2225 894 2292 καὶ
917 2223 991 2300 τούς
1011 2231 1193 2308 βραχιονας
1218 2219 1344 2303 civim,
1363 2209 1430 2278 51⁰(-

361 2325 444 2394 μους
465 2301 546 2371 εἶναι
566 2316 655 2374 ποιεῖ
670 2309 715 2384 εἰς
736 2308 897 2372 διακονίαν
919 2309 1006 2373 Θεοῦ
1027 2309 1084 2371 καί
1102 2307 1268 2391 ἐργασίαν.
1307 2301 1374 2364 Vid.
1392 2297 1433 2356 Du

362 2389 463 2474 Gange
484 2413 516 2453 v.
539 2389 735 2472 ’Ardlofloffi
772 2406 802 2454 et
829 2395 1110 2456 Rebraclrriztorr‘wn.
1161 2393 1244 2452 llaec
1273 2389 1360 2470 igitur
1378 2384 1432 2442 viss-

361 2473 431 2534 cula
452 2497 605 2562 compages
625 2477 758 2558 appellat
779 2477 975 2558 Anastasius3
996 2476 1107 2559 quibus
1124 2473 1236 2536 similia
1250 2468 1346 2555 quoad
1360 2485 1434 2526 ⁰⁵⁰¹ss

362 2569 448 2618 erant
477 2563 510 2620 in
528 2561 604 2641 togis
625 2561 833 2624 Romanorum
861 2559 933 2642 illa,
968 2581 1046 2641 quae
1066 2557 1280 2620 Tertullianus
1300 2557 1331 2614 in
1350 2547 1433 2611 Palll⁰

361 2659 417 2702 auo
438 2644 578 2727 fireipes
607 2644 737 2704 custodes
766 2641 909 2726 appellat.
951 2641 1176 2704 Custodiebant
1207 2640 1288 2700 enim
1313 2648 1435 2716 togarum

361 2723 529 2801 umbones,
550 2725 660 2808 quibus
681 2727 897 2800 subiacebant,
919 2746 959 2786 ue
979 2727 1164 2786 diffluerent.
1208 2723 1284 2784 Vid.
1324 2716 1434 2778 Salmas·

361 2803 401 2868 ad
420 2805 550 2867 Tertull.
573 2831 604 2891 p.
622 2807 694 2888 348.
738 2810 794 2870 llis
816 2811 908 2891 igitur
928 2807 1092 2891 palliorum
1111 2806 1291 2869 retinaculis
1309 2799 1435 2870 rescissis,

360 2902 480 2947 necesse
502 2900 585 2964 erat,
617 2900 652 2950 ut
676 2889 821 2971 pallium,
852 2891 997 2953 haetenus
1024 2895 1106 2953 eirea
1134 2891 1283 2952 humeros
1309 2899 1437 2966 rugosum

362 2977 393 3025 et
420 2971 607 3046 confertum,
640 2972 748 3034 solutis
772 2976 833 3033 iam
861 2974 990 3041 vinculis
1018 2972 1213 3036 relaberetur
1241 2975 1275 3033 in
1297 2967 1437 3052 pristinam

361 3049 610 3132 amplitudinem,
635 3056 733 3136 qualis
749 3061 923 3119 exercitium
944 3058 1108 3118 lirnotionis
1132 3053 1313 3139 episcopalis
1332 3045 1440 3130 impedi·

362 3144 427 3207 ret,
465 3135 654 3220 lbrrnamque
684 3140 853 3218 amitteret,
885 3139 1049 3224 episcopali
1075 3139 1173 3223 pallio
1205 3141 1355 3209 debitam,
1389 3149 1440 3210 <11¹³

361 3235 470 3298 nempe
491 3230 560 3280 ante
590 3233 695 3302 pectus
722 3233 752 3282 et
773 3223 873 3284 medio
898 3227 932 3284 in
960 3225 1050 3285 dorso
1072 3223 1230 3304 dependet
1256 3222 1350 3282 acutis
1375 3213 1439 3283 alis,

362 3298 393 3358 in
415 3299 548 3364 humeris
569 3315 669 3365 auteur
689 3316 839 3386 regestus
859 3318 914 3370 est.
958 3308 1094 3382 Verum,
1116 3317 1155 3367 ut
1176 3307 1262 3387 dixi,
1286 3298 1443 3402 proceden·

361 3389 393 3441 te
411 3393 546 3466 ternpore
567 3387 654 3448 desiit
673 3409 738 3448 mos
757 3388 830 3450 talia
856 3388 950 3470 pallia
969 3410 1040 3451 cum
1061 3389 1237 3450 istiusmodi
1263 3380 1444 3466 compagibuS

362 3475 415 3528 ant
443 3467 605 3550 forcipibus
627 3469 666 3541 ad
693 3474 791 3532 crucis
816 3473 911 3533 instar
940 3473 1221 3554 ibatis-gestandi,
1254 3482 1286 3532 et
1317 3463 1445 3530 remansit

362 3545 470 3610 umbra
490 3571 613 3625 eorum,
637 3553 765 3635 pallium
783 3553 875 3616 hodie
895 3556 938 3618 sie
953 3555 1085 3632 dietum,
1109 3554 1206 3636 quale
1228 3553 1352 3638 quidem
1364 3547 1445 3624 Chry·

360 3635 482 3695 eostorni
504 3645 533 3694 et
552 3635 724 3715 aequalium
744 3648 866 3721 patrum
886 3641 1032 3721 imagines
1053 3639 1262 3720 praeferunt,
1296 3633 1389 3697 nolim
1407 3641 1446 3687 tt·

360 3729 430 3770 men
450 3727 606 3795 propterea
631 3719 755 3797 eredas,
785 3719 852 3782 illos
877 3741 999 3804 quoque
1024 3723 1099 3783 haee
1124 3723 1326 3797 recentiora,
1358 3726 1387 3775 et
1402 3731 1446 3792 ge

360 3801 441 3854 statu
460 3797 642 3878 expeditiora
661 3801 839 3884 omophoria
855 3816 998 3887 gestasse.
1038 3805 1171 3866 Vetusta
1188 3803 1235 3866 illi
1250 3801 1368 3878 solida,
1386 3813 1446 3878 p0st

360 3873 467 3938 derosa
487 3878 577 3958 pallia
598 3883 753 3962 gerebant.
797 3888 914 3948 Verum
933 3890 1064 3970 pictores
1085 3885 1148 3948 illis
1170 3887 1371 3948 saeculorum
1388 3897 1446 3939 ³110

360 3977 428 4054 rum
450 3959 588 4021 habitum
606 3965 792 4028 tribuebant.
835 3969 938 4032 Medio
959 3991 1035 4032 aero
1055 3989 1155 4052 quum
1177 3971 1281 4033 fastus
1303 3979 1335 4032 et
1355 3967 1445 4044 impor

357 4049 471 4102 tunrtas
486 4045 648 4106 immanem
670 4050 701 4109 in
723 4051 848 4116 modum
870 4055 1057 4129 crevissent,
1077 4073 1143 4113 non
1162 4056 1338 4137 imaginem
1357 4045 1446 4108 solum

359 4123 449 4184 ruoilo
474 4129 580 4188 veteris
602 4129 707 4210 pallii,
730 4134 782 4192 seii
802 4135 892 4195 simul
915 4157 984 4196 curn
1001 4157 1036 4196 ea
1060 4137 1165 4216 ipsum
1187 4158 1323 4220 quoque
1341 4130 1445 4215 palliae

358 4207 523 4289 gerebant,
558 4221 645 4274 uter
666 4217 797 4298 imagine
818 4220 926 4279 Graeci
954 4218 1129 4300 pontificis,
1167 4243 1268 4303 quarn
1291 4220 1344 4280 Du
1367 4214 1446 4290 Cang
