<?xml version="1.0" encoding="UTF-8"?>
<!DOCTYPE html PUBLIC "-//W3C//DTD XHTML 1.0 Transitional//EN"
    "http://www.w3.org/TR/xhtml1/DTD/xhtml1-transitional.dtd">
<html xmlns="http://www.w3.org/1999/xhtml" xml:lang="en" lang="en">
 <head>
  <title>
</title>
<meta http-equiv="Content-Type" content="text/html;charset=utf-8" />
  <meta name='ocr-system' content='tesseract 3.04.00' />
  <meta name='ocr-capabilities' content='ocr_page ocr_carea ocr_par ocr_line ocrx_word'/>
</head>
<body>
  <div class='ocr_page' id='page_1' title='image "./corpusscriptoru45theogoog/corpusscriptoru45theogoog_0543.png"; bbox 0 0 2975 4892; ppageno 0'>
   <div class='ocr_carea' id='block_1_1' title="bbox 196 251 1155 370">
    <p class='ocr_par' dir='ltr' id='par_1_1' title="bbox 196 251 1155 370">
     <span class='ocr_line' id='line_1_1' title="bbox 196 251 1155 370; baseline 0 -26"><span class='ocrx_word' id='word_1_1' title='bbox 196 278 251 344; x_wconf 79' lang='lat' dir='ltr'><strong>an</strong></span> <span class='ocrx_word' id='word_1_2' title='bbox 278 278 535 345; x_wconf 72' lang='lat' dir='ltr'><strong>mensnram</strong></span> <span class='ocrx_word' id='word_1_3' title='bbox 572 279 648 344; x_wconf 77' lang='lat' dir='ltr'><strong>ua</strong></span> <span class='ocrx_word' id='word_1_4' title='bbox 677 279 786 342; x_wconf 83' lang='lat' dir='ltr'><strong>1.nu</strong></span> <span class='ocrx_word' id='word_1_5' title='bbox 816 277 1010 345; x_wconf 76' lang='lat' dir='ltr'><strong>emmor.</strong></span> <span class='ocrx_word' id='word_1_6' title='bbox 1074 251 1155 370; x_wconf 76' lang='lat'><strong>537</strong></span> 
     </span>
    </p>
   </div>
   <div class='ocr_carea' id='block_1_2' title="bbox 85 406 1161 680">
    <p class='ocr_par' dir='ltr' id='par_1_2' title="bbox 85 406 1161 680">
     <span class='ocr_line' id='line_1_2' title="bbox 88 406 1161 517; baseline -0.006 -21"><span class='ocrx_word' id='word_1_7' title='bbox 88 445 243 509; x_wconf 77' lang='lat' dir='ltr'><strong>ueremur,</strong></span> <span class='ocrx_word' id='word_1_8' title='bbox 266 406 482 513; x_wconf 72' lang='lat' dir='ltr'><strong>assumatur,</strong></span> <span class='ocrx_word' id='word_1_9' title='bbox 508 443 682 515; x_wconf 66' lang='lat' dir='ltr'><strong>segmenm,</strong></span> <span class='ocrx_word' id='word_1_10' title='bbox 713 454 810 512; x_wconf 86' lang='lat' dir='ltr'><strong>orae,</strong></span> <span class='ocrx_word' id='word_1_11' title='bbox 833 436 1003 515; x_wconf 77' lang='lat' dir='ltr'><strong>margines,</strong></span> <span class='ocrx_word' id='word_1_12' title='bbox 1023 449 1161 517; x_wconf 72' lang='lat' dir='ltr'><strong>praeter.</strong></span> 
     </span>
     <span class='ocr_line' id='line_1_3' title="bbox 86 518 1160 602; baseline 0.008 -26"><span class='ocrx_word' id='word_1_13' title='bbox 86 530 139 579; x_wconf 87' lang='lat' dir='ltr'><strong>tae.</strong></span> <span class='ocrx_word' id='word_1_14' title='bbox 182 518 373 598; x_wconf 74' lang='grc' dir='ltr'><strong><em>Μαργέλλια</em></strong></span> <span class='ocrx_word' id='word_1_15' title='bbox 394 527 464 578; x_wconf 87' lang='lat' dir='ltr'><strong>sunt</strong></span> <span class='ocrx_word' id='word_1_16' title='bbox 489 537 545 576; x_wconf 88' lang='lat' dir='ltr'><strong>acu</strong></span> <span class='ocrx_word' id='word_1_17' title='bbox 573 518 673 598; x_wconf 85' lang='lat' dir='ltr'><strong>picta,</strong></span> <span class='ocrx_word' id='word_1_18' title='bbox 706 519 876 594; x_wconf 74' lang='grc' dir='ltr'><em>νίεαηιαια,</em></span> <span class='ocrx_word' id='word_1_19' title='bbox 906 537 967 578; x_wconf 90' lang='lat' dir='ltr'><strong>non</strong></span> <span class='ocrx_word' id='word_1_20' title='bbox 987 539 1006 578; x_wconf 92' lang='lat' dir='ltr'><strong>a</strong></span> <span class='ocrx_word' id='word_1_21' title='bbox 1026 525 1160 602; x_wconf 78' lang='lat' dir='ltr'><strong>margine</strong></span> 
     </span>
     <span class='ocr_line' id='line_1_4' title="bbox 85 597 1157 680; baseline 0.004 -20"><span class='ocrx_word' id='word_1_22' title='bbox 85 601 180 680; x_wconf 66' lang='lat' dir='ltr'><strong>dicta,</strong></span> <span class='ocrx_word' id='word_1_23' title='bbox 199 620 262 660; x_wconf 90' lang='lat' dir='ltr'><strong>non</strong></span> <span class='ocrx_word' id='word_1_24' title='bbox 281 600 362 660; x_wconf 90' lang='lat' dir='ltr'><strong>cuim</strong></span> <span class='ocrx_word' id='word_1_25' title='bbox 383 600 512 660; x_wconf 78' lang='lat' dir='ltr'><strong>Latinae</strong></span> <span class='ocrx_word' id='word_1_26' title='bbox 531 599 661 660; x_wconf 84' lang='lat' dir='ltr'><strong>civitatis</strong></span> <span class='ocrx_word' id='word_1_27' title='bbox 679 597 755 660; x_wconf 86' lang='lat' dir='ltr'><strong>baec</strong></span> <span class='ocrx_word' id='word_1_28' title='bbox 769 619 824 660; x_wconf 82' lang='lat' dir='ltr'><strong>vox</strong></span> <span class='ocrx_word' id='word_1_29' title='bbox 838 610 903 678; x_wconf 85' lang='lat' dir='ltr'><strong>est,</strong></span> <span class='ocrx_word' id='word_1_30' title='bbox 925 599 978 662; x_wconf 88' lang='lat' dir='ltr'><strong>scd</strong></span> <span class='ocrx_word' id='word_1_31' title='bbox 998 601 1157 666; x_wconf 74' lang='lat' dir='ltr'><strong>Arabicae.</strong></span> 
     </span>
    </p>
   </div>
   <div class='ocr_carea' id='block_1_3' title="bbox 86 693 1159 886">
    <p class='ocr_par' dir='ltr' id='par_1_3' title="bbox 86 693 1159 886">
     <span class='ocr_line' id='line_1_5' title="bbox 86 693 1159 783; baseline 0.005 -26"><span class='ocrx_word' id='word_1_32' title='bbox 86 700 170 759; x_wconf 82' lang='lat' dir='ltr'><strong>Venit</strong></span> <span class='ocrx_word' id='word_1_33' title='bbox 202 699 282 760; x_wconf 88' lang='lat' dir='ltr'><strong>enim</strong></span> <span class='ocrx_word' id='word_1_34' title='bbox 305 719 323 759; x_wconf 90' lang='lat' dir='ltr'><strong>a</strong></span> <span class='ocrx_word' id='word_1_35' title='bbox 344 693 418 783; x_wconf 56' lang='lat'><strong>203)</strong></span> <span class='ocrx_word' id='word_1_36' title='bbox 439 699 592 771; x_wconf 72' lang='lat' dir='ltr'><strong>Rucuma,</strong></span> <span class='ocrx_word' id='word_1_37' title='bbox 627 717 684 758; x_wconf 85' lang='lat' dir='ltr'><strong>acu</strong></span> <span class='ocrx_word' id='word_1_38' title='bbox 704 699 825 780; x_wconf 87' lang='lat' dir='ltr'><strong>pinxit;</strong></span> <span class='ocrx_word' id='word_1_39' title='bbox 850 697 932 758; x_wconf 88' lang='lat' dir='ltr'><strong>unde</strong></span> <span class='ocrx_word' id='word_1_40' title='bbox 955 697 1093 760; x_wconf 85' lang='lat' dir='ltr'><strong>Italicum</strong></span> <span class='ocrx_word' id='word_1_41' title='bbox 1115 705 1159 762; x_wconf 79' lang='lat' dir='ltr'><strong>ri-</strong></span> 
     </span>
     <span class='ocr_line' id='line_1_6' title="bbox 86 782 1158 886; baseline 0.002 -28"><span class='ocrx_word' id='word_1_42' title='bbox 86 811 215 876; x_wconf 80' lang='lat' dir='ltr'><strong>cauatc,</strong></span> <span class='ocrx_word' id='word_1_43' title='bbox 235 797 319 880; x_wconf 87' lang='lat' dir='ltr'><strong>quod</strong></span> <span class='ocrx_word' id='word_1_44' title='bbox 338 817 456 857; x_wconf 85' lang='lat' dir='ltr'><strong>meram</strong></span> <span class='ocrx_word' id='word_1_45' title='bbox 475 807 522 858; x_wconf 87' lang='lat' dir='ltr'><strong>est</strong></span> <span class='ocrx_word' id='word_1_46' title='bbox 541 795 639 858; x_wconf 77' lang='lat' dir='ltr'><strong>arab.</strong></span> <span class='ocrx_word' id='word_1_47' title='bbox 657 782 722 886; x_wconf 62' lang='lat' dir='ltr'><strong>Ab)</strong></span> <span class='ocrx_word' id='word_1_48' title='bbox 743 797 879 859; x_wconf 70' lang='lat' dir='ltr'><strong>meam.</strong></span> <span class='ocrx_word' id='word_1_49' title='bbox 936 797 1004 858; x_wconf 88' lang='lat' dir='ltr'><strong>Hoc</strong></span> <span class='ocrx_word' id='word_1_50' title='bbox 1025 799 1158 860; x_wconf 82' lang='lat' dir='ltr'><strong>vocabu-</strong></span> 
     </span>
    </p>
   </div>
   <div class='ocr_carea' id='block_1_4' title="bbox 86 891 1172 1322">
    <p class='ocr_par' dir='ltr' id='par_1_4' title="bbox 86 891 1172 1322">
     <span class='ocr_line' id='line_1_7' title="bbox 87 891 1158 984; baseline 0.002 -28"><span class='ocrx_word' id='word_1_51' title='bbox 87 895 144 956; x_wconf 85' lang='lat' dir='ltr'><strong>lum</strong></span> <span class='ocrx_word' id='word_1_52' title='bbox 159 909 188 957; x_wconf 87' lang='lat' dir='ltr'><strong>et</strong></span> <span class='ocrx_word' id='word_1_53' title='bbox 210 891 314 984; x_wconf 45' lang='lat'><strong>2⁴33?</strong></span> <span class='ocrx_word' id='word_1_54' title='bbox 334 897 474 956; x_wconf 72' lang='lat' dir='ltr'><strong>Marcam</strong></span> <span class='ocrx_word' id='word_1_55' title='bbox 496 893 594 978; x_wconf 87' lang='lat' dir='ltr'><strong>&#39;atque</strong></span> <span class='ocrx_word' id='word_1_56' title='bbox 621 891 692 984; x_wconf 54' lang='grc' dir='ltr'><strong>ᾗ·</strong></span> <span class='ocrx_word' id='word_1_57' title='bbox 711 895 861 974; x_wconf 76' lang='lat' dir='ltr'><strong>Marcam,</strong></span> <span class='ocrx_word' id='word_1_58' title='bbox 880 895 962 980; x_wconf 90' lang='lat' dir='ltr'><strong>quod</strong></span> <span class='ocrx_word' id='word_1_59' title='bbox 984 899 1073 957; x_wconf 85' lang='lat' dir='ltr'><strong>ctiam</strong></span> <span class='ocrx_word' id='word_1_60' title='bbox 1090 898 1158 959; x_wconf 88' lang='lat' dir='ltr'><strong>vul-</strong></span> 
     </span>
     <span class='ocr_line' id='line_1_8' title="bbox 87 978 1158 1064; baseline 0.005 -28"><span class='ocrx_word' id='word_1_61' title='bbox 87 1000 136 1060; x_wconf 86' lang='lat' dir='ltr'><strong>gas</strong></span> <span class='ocrx_word' id='word_1_62' title='bbox 154 980 288 1060; x_wconf 82' lang='lat' dir='ltr'><strong>Margum</strong></span> <span class='ocrx_word' id='word_1_63' title='bbox 314 978 540 1061; x_wconf 83' lang='lat' dir='ltr'><strong>pronuntiabat,</strong></span> <span class='ocrx_word' id='word_1_64' title='bbox 573 1001 629 1038; x_wconf 86' lang='lat' dir='ltr'><strong>acu</strong></span> <span class='ocrx_word' id='word_1_65' title='bbox 642 982 755 1063; x_wconf 79' lang='lat' dir='ltr'><strong>pictum</strong></span> <span class='ocrx_word' id='word_1_66' title='bbox 777 999 860 1062; x_wconf 86' lang='lat' dir='ltr'><strong>opus.</strong></span> <span class='ocrx_word' id='word_1_67' title='bbox 902 979 934 1039; x_wconf 91' lang='lat' dir='ltr'><strong>Si</strong></span> <span class='ocrx_word' id='word_1_68' title='bbox 948 979 1053 1041; x_wconf 90' lang='lat' dir='ltr'><strong>Graeci</strong></span> <span class='ocrx_word' id='word_1_69' title='bbox 1065 987 1158 1064; x_wconf 83' lang='grc' dir='ltr'><em>’μαρ-</em></span> 
     </span>
     <span class='ocr_line' id='line_1_9' title="bbox 87 1060 1159 1144; baseline 0.004 -24"><span class='ocrx_word' id='word_1_70' title='bbox 87 1063 199 1142; x_wconf 75' lang='lat' dir='ltr'><strong>ys&#39;ilrcr</strong></span> <span class='ocrx_word' id='word_1_71' title='bbox 218 1083 273 1144; x_wconf 85' lang='lat' dir='ltr'><strong>pro</strong></span> <span class='ocrx_word' id='word_1_72' title='bbox 290 1060 464 1141; x_wconf 69' lang='grc' dir='ltr'><strong>μαρκέμιον</strong></span> <span class='ocrx_word' id='word_1_73' title='bbox 484 1062 610 1136; x_wconf 87' lang='lat' dir='ltr'><strong>dicunt,</strong></span> <span class='ocrx_word' id='word_1_74' title='bbox 634 1082 669 1122; x_wconf 88' lang='lat' dir='ltr'><strong>ea</strong></span> <span class='ocrx_word' id='word_1_75' title='bbox 690 1072 734 1123; x_wconf 82' lang='lat' dir='ltr'><strong>ast</strong></span> <span class='ocrx_word' id='word_1_76' title='bbox 761 1061 843 1144; x_wconf 87' lang='lat' dir='ltr'><strong>vulgi</strong></span> <span class='ocrx_word' id='word_1_77' title='bbox 864 1061 1046 1144; x_wconf 75' lang='lat' dir='ltr'><strong>conrtptcla.</strong></span> <span class='ocrx_word' id='word_1_78' title='bbox 1071 1064 1159 1124; x_wconf 74' lang='lat' dir='ltr'><strong>Mar-</strong></span> 
     </span>
     <span class='ocr_line' id='line_1_10' title="bbox 86 1143 1158 1228; baseline 0.002 -23"><span class='ocrx_word' id='word_1_79' title='bbox 86 1148 212 1224; x_wconf 75' lang='lat' dir='ltr'><strong>graa&#39;um,</strong></span> <span class='ocrx_word' id='word_1_80' title='bbox 227 1165 290 1206; x_wconf 89' lang='lat' dir='ltr'><strong>non</strong></span> <span class='ocrx_word' id='word_1_81' title='bbox 303 1145 505 1224; x_wconf 74' lang='lat' dir='ltr'><strong>aeargellirmr,</strong></span> <span class='ocrx_word' id='word_1_82' title='bbox 528 1164 592 1206; x_wconf 88' lang='lat' dir='ltr'><strong>csse</strong></span> <span class='ocrx_word' id='word_1_83' title='bbox 607 1165 709 1206; x_wconf 90' lang='lat' dir='ltr'><strong>veram</strong></span> <span class='ocrx_word' id='word_1_84' title='bbox 729 1143 899 1220; x_wconf 88' lang='lat' dir='ltr'><strong>lectionem,</strong></span> <span class='ocrx_word' id='word_1_85' title='bbox 946 1145 1032 1206; x_wconf 85' lang='lat' dir='ltr'><strong>rabat</strong></span> <span class='ocrx_word' id='word_1_86' title='bbox 1054 1147 1158 1228; x_wconf 87' lang='lat' dir='ltr'><strong>Hispa-</strong></span> 
     </span>
     <span class='ocr_line' id='line_1_11' title="bbox 88 1167 1172 1322; baseline 0.006 -38"><span class='ocrx_word' id='word_1_87' title='bbox 88 1247 148 1286; x_wconf 81' lang='lat' dir='ltr'><strong>urca</strong></span> <span class='ocrx_word' id='word_1_88' title='bbox 155 1227 300 1309; x_wconf 82' lang='lat' dir='ltr'><strong>quaedam</strong></span> <span class='ocrx_word' id='word_1_89' title='bbox 310 1226 414 1286; x_wconf 83' lang='lat' dir='ltr'><strong>charta</strong></span> <span class='ocrx_word' id='word_1_90' title='bbox 433 1237 519 1288; x_wconf 89' lang='lat' dir='ltr'><strong>vetus</strong></span> <span class='ocrx_word' id='word_1_91' title='bbox 539 1227 621 1308; x_wconf 92' lang='lat' dir='ltr'><strong>apud</strong></span> <span class='ocrx_word' id='word_1_92' title='bbox 631 1227 682 1286; x_wconf 89' lang='lat' dir='ltr'><strong>Du</strong></span> <span class='ocrx_word' id='word_1_93' title='bbox 695 1227 842 1309; x_wconf 82' lang='lat' dir='ltr'><strong>Gangium</strong></span> <span class='ocrx_word' id='word_1_94' title='bbox 854 1249 884 1287; x_wconf 88' lang='lat' dir='ltr'><strong>v.</strong></span> <span class='ocrx_word' id='word_1_95' title='bbox 898 1167 1059 1312; x_wconf 53' lang='lat' dir='ltr'><strong>,dlrplzasza</strong></span> <span class='ocrx_word' id='word_1_96' title='bbox 1081 1251 1172 1322; x_wconf 48' lang='lat' dir='ltr'><strong>quae·</strong></span> 
     </span>
    </p>
   </div>
   <div class='ocr_carea' id='block_1_5' title="bbox 86 1312 1240 2910">
    <p class='ocr_par' dir='ltr' id='par_1_5' title="bbox 86 1312 1240 2910">
     <span class='ocr_line' id='line_1_12' title="bbox 88 1312 1240 1405; baseline 0.005 -22"><span class='ocrx_word' id='word_1_97' title='bbox 88 1345 139 1384; x_wconf 81' lang='lat' dir='ltr'><strong>ror</strong></span> <span class='ocrx_word' id='word_1_98' title='bbox 157 1329 246 1386; x_wconf 90' lang='lat' dir='ltr'><strong>etiam</strong></span> <span class='ocrx_word' id='word_1_99' title='bbox 267 1325 399 1386; x_wconf 83' lang='lat' dir='ltr'><strong>Arabica</strong></span> <span class='ocrx_word' id='word_1_100' title='bbox 421 1336 465 1386; x_wconf 89' lang='lat' dir='ltr'><strong>est</strong></span> <span class='ocrx_word' id='word_1_101' title='bbox 482 1312 587 1402; x_wconf 51' lang='grc' dir='ltr'><strong>(μω</strong></span> <span class='ocrx_word' id='word_1_102' title='bbox 617 1325 756 1405; x_wconf 69' lang='lat' dir='ltr'><strong>Allitas,</strong></span> <span class='ocrx_word' id='word_1_103' title='bbox 778 1337 808 1387; x_wconf 92' lang='lat' dir='ltr'><strong>et</strong></span> <span class='ocrx_word' id='word_1_104' title='bbox 827 1337 911 1388; x_wconf 84' lang='lat' dir='ltr'><strong>notat</strong></span> <span class='ocrx_word' id='word_1_105' title='bbox 929 1323 1075 1404; x_wconf 74' lang='grc' dir='ltr'><strong>ἱμάτιον,</strong></span> <span class='ocrx_word' id='word_1_106' title='bbox 1105 1349 1159 1389; x_wconf 87' lang='lat' dir='ltr'><strong>ve-</strong></span> <span class='ocrx_word' id='word_1_107' title='bbox 1234 1323 1240 1336; x_wconf 87' lang='lat'>&#39;</span> 
     </span>
     <span class='ocr_line' id='line_1_13' title="bbox 88 1409 1217 1486; baseline 0.005 -21"><span class='ocrx_word' id='word_1_108' title='bbox 88 1417 156 1468; x_wconf 84' lang='lat' dir='ltr'><strong>stem</strong></span> <span class='ocrx_word' id='word_1_109' title='bbox 174 1410 361 1470; x_wconf 84' lang='lat' dir='ltr'><strong>exteriorem.</strong></span> <span class='ocrx_word' id='word_1_110' title='bbox 400 1409 503 1469; x_wconf 90' lang='lat' dir='ltr'><strong>Verba</strong></span> <span class='ocrx_word' id='word_1_111' title='bbox 522 1409 608 1470; x_wconf 87' lang='lat' dir='ltr'><strong>istius</strong></span> <span class='ocrx_word' id='word_1_112' title='bbox 628 1410 769 1486; x_wconf 87' lang='lat' dir='ltr'><strong>chartae,</strong></span> <span class='ocrx_word' id='word_1_113' title='bbox 793 1409 895 1470; x_wconf 88' lang='lat' dir='ltr'><strong>multis</strong></span> <span class='ocrx_word' id='word_1_114' title='bbox 915 1409 1068 1470; x_wconf 88' lang='lat' dir='ltr'><strong>vocabulis</strong></span> <span class='ocrx_word' id='word_1_115' title='bbox 1079 1409 1157 1472; x_wconf 79' lang='lat' dir='ltr'><strong>Ara-</strong></span> <span class='ocrx_word' id='word_1_116' title='bbox 1214 1453 1217 1464; x_wconf 84' lang='lat'>·</span> 
     </span>
     <span class='ocr_line' id='line_1_14' title="bbox 88 1487 1158 1576; baseline 0.006 -28"><span class='ocrx_word' id='word_1_117' title='bbox 88 1487 156 1550; x_wconf 90' lang='lat' dir='ltr'><strong>bicis</strong></span> <span class='ocrx_word' id='word_1_118' title='bbox 173 1501 282 1552; x_wconf 66' lang='lat' dir='ltr'><strong>onum</strong></span> <span class='ocrx_word' id='word_1_119' title='bbox 312 1491 439 1572; x_wconf 87' lang='lat' dir='ltr'><strong>ideoque</strong></span> <span class='ocrx_word' id='word_1_120' title='bbox 469 1491 670 1553; x_wconf 84' lang='lat' dir='ltr'><strong>declaratione</strong></span> <span class='ocrx_word' id='word_1_121' title='bbox 696 1493 807 1575; x_wconf 91' lang='lat' dir='ltr'><strong>digua,</strong></span> <span class='ocrx_word' id='word_1_122' title='bbox 827 1491 901 1554; x_wconf 87' lang='lat' dir='ltr'><strong>haec</strong></span> <span class='ocrx_word' id='word_1_123' title='bbox 920 1503 1008 1554; x_wconf 87' lang='lat' dir='ltr'><strong>suut:</strong></span> <span class='ocrx_word' id='word_1_124' title='bbox 1036 1493 1158 1576; x_wconf 77' lang='lat' dir='ltr'><strong>plumac-</strong></span> 
     </span>
     <span class='ocr_line' id='line_1_15' title="bbox 89 1574 1159 1658; baseline 0.007 -28"><span class='ocrx_word' id='word_1_125' title='bbox 89 1575 137 1632; x_wconf 80' lang='lat' dir='ltr'><strong>tios</strong></span> <span class='ocrx_word' id='word_1_126' title='bbox 151 1574 298 1654; x_wconf 65' lang='lat' dir='ltr'><strong>digaima</strong></span> <span class='ocrx_word' id='word_1_127' title='bbox 313 1575 418 1657; x_wconf 81' lang='lat' dir='ltr'><strong>paleas</strong></span> <span class='ocrx_word' id='word_1_128' title='bbox 442 1594 502 1646; x_wconf 89' lang='lat' dir='ltr'><strong>ro.,</strong></span> <span class='ocrx_word' id='word_1_129' title='bbox 523 1574 568 1658; x_wconf 88' lang='lat' dir='ltr'><strong>[id</strong></span> <span class='ocrx_word' id='word_1_130' title='bbox 590 1584 635 1634; x_wconf 91' lang='lat' dir='ltr'><strong>est</strong></span> <span class='ocrx_word' id='word_1_131' title='bbox 655 1585 751 1635; x_wconf 86' lang='lat' dir='ltr'><strong>vestes</strong></span> <span class='ocrx_word' id='word_1_132' title='bbox 771 1578 897 1649; x_wconf 86' lang='lat' dir='ltr'><strong>sericas,</strong></span> <span class='ocrx_word' id='word_1_133' title='bbox 941 1575 1080 1652; x_wconf 85' lang='lat' dir='ltr'><strong>lumatas,</strong></span> <span class='ocrx_word' id='word_1_134' title='bbox 1104 1597 1159 1638; x_wconf 87' lang='lat' dir='ltr'><strong>seu</strong></span> 
     </span>
     <span class='ocr_line' id='line_1_16' title="bbox 89 1655 1159 1740; baseline 0.007 -28"><span class='ocrx_word' id='word_1_135' title='bbox 89 1675 139 1714; x_wconf 86' lang='lat' dir='ltr'><strong>acu</strong></span> <span class='ocrx_word' id='word_1_136' title='bbox 158 1660 249 1736; x_wconf 89' lang='lat' dir='ltr'><strong>pictas</strong></span> <span class='ocrx_word' id='word_1_137' title='bbox 269 1657 457 1739; x_wconf 86' lang='lat' dir='ltr'><strong>pretiosiores</strong></span> <span class='ocrx_word' id='word_1_138' title='bbox 467 1668 497 1718; x_wconf 90' lang='lat' dir='ltr'><strong>et</strong></span> <span class='ocrx_word' id='word_1_139' title='bbox 507 1655 695 1718; x_wconf 86' lang='lat' dir='ltr'><strong>honestiores</strong></span> <span class='ocrx_word' id='word_1_140' title='bbox 710 1668 801 1738; x_wconf 88' lang='lat' dir='ltr'><strong>atque</strong></span> <span class='ocrx_word' id='word_1_141' title='bbox 823 1657 906 1738; x_wconf 86' lang='lat' dir='ltr'><strong>splen</strong></span> <span class='ocrx_word' id='word_1_142' title='bbox 930 1655 1061 1740; x_wconf 47' lang='lat' dir='ltr'><strong>idioma</strong></span> <span class='ocrx_word' id='word_1_143' title='bbox 1083 1659 1159 1720; x_wconf 74' lang='lat' dir='ltr'><strong>alas</strong></span> 
     </span>
     <span class='ocr_line' id='line_1_17' title="bbox 89 1733 1159 1822; baseline 0.007 -28"><span class='ocrx_word' id='word_1_144' title='bbox 89 1738 254 1799; x_wconf 55' lang='lat' dir='ltr'><strong>stammas</strong></span> <span class='ocrx_word' id='word_1_145' title='bbox 285 1739 332 1816; x_wconf 88' lang='grc'><strong>8.,</strong></span> <span class='ocrx_word' id='word_1_146' title='bbox 353 1733 577 1822; x_wconf 74' lang='grc' dir='ltr'><strong><em>[ὖπομεώνας,</em></strong></span> <span class='ocrx_word' id='word_1_147' title='bbox 607 1750 644 1800; x_wconf 91' lang='lat' dir='ltr'><strong>ut</strong></span> <span class='ocrx_word' id='word_1_148' title='bbox 664 1739 773 1800; x_wconf 81' lang='lat' dir='ltr'><strong>Noster</strong></span> <span class='ocrx_word' id='word_1_149' title='bbox 794 1750 875 1801; x_wconf 89' lang='lat' dir='ltr'><strong>amat</strong></span> <span class='ocrx_word' id='word_1_150' title='bbox 896 1740 1000 1822; x_wconf 79' lang='lat' dir='ltr'><strong>loqui,</strong></span> <span class='ocrx_word' id='word_1_151' title='bbox 1021 1751 1056 1799; x_wconf 93' lang='lat' dir='ltr'><strong>ut</strong></span> <span class='ocrx_word' id='word_1_152' title='bbox 1076 1751 1159 1802; x_wconf 84' lang='lat' dir='ltr'><strong>vete·</strong></span> 
     </span>
     <span class='ocr_line' id='line_1_18' title="bbox 90 1817 1160 1906; baseline 0.007 -30"><span class='ocrx_word' id='word_1_153' title='bbox 90 1840 148 1894; x_wconf 84' lang='lat' dir='ltr'><strong>res,</strong></span> <span class='ocrx_word' id='word_1_154' title='bbox 168 1817 441 1902; x_wconf 74' lang='grc' dir='ltr'><strong>ὕποδεεστέρους,]</strong></span> <span class='ocrx_word' id='word_1_155' title='bbox 462 1822 609 1905; x_wconf 74' lang='lat' dir='ltr'><strong>alrpkascs</strong></span> <span class='ocrx_word' id='word_1_156' title='bbox 639 1823 816 1900; x_wconf 76' lang='lat' dir='ltr'><strong>aadam&#39;uos,</strong></span> <span class='ocrx_word' id='word_1_157' title='bbox 850 1821 893 1906; x_wconf 85' lang='lat' dir='ltr'><strong>[id</strong></span> <span class='ocrx_word' id='word_1_158' title='bbox 914 1835 958 1882; x_wconf 91' lang='lat' dir='ltr'><strong>est</strong></span> <span class='ocrx_word' id='word_1_159' title='bbox 978 1821 1069 1905; x_wconf 90' lang='lat' dir='ltr'><strong>pallia</strong></span> <span class='ocrx_word' id='word_1_160' title='bbox 1089 1843 1160 1884; x_wconf 83' lang='lat' dir='ltr'><strong>curn</strong></span> 
     </span>
     <span class='ocr_line' id='line_1_19' title="bbox 90 1898 1160 1990; baseline 0.005 -30"><span class='ocrx_word' id='word_1_161' title='bbox 90 1902 198 1965; x_wconf 78' lang='lat' dir='ltr'><strong>intextis</strong></span> <span class='ocrx_word' id='word_1_162' title='bbox 216 1903 389 1966; x_wconf 86' lang='lat' dir='ltr'><strong>vulturibus</strong></span> <span class='ocrx_word' id='word_1_163' title='bbox 397 1901 421 1986; x_wconf 87' lang='lat'><strong>,]</strong></span> <span class='ocrx_word' id='word_1_164' title='bbox 444 1905 619 1964; x_wconf 81' lang='lat' dir='ltr'><strong>almacallar</strong></span> <span class='ocrx_word' id='word_1_165' title='bbox 637 1925 809 1987; x_wconf 76' lang='lat' dir='ltr'><strong>morguam,</strong></span> <span class='ocrx_word' id='word_1_166' title='bbox 843 1899 991 1990; x_wconf 74' lang='grc' dir='ltr'><strong>[ἐπεύχια</strong></span> <span class='ocrx_word' id='word_1_167' title='bbox 1011 1898 1160 1984; x_wconf 77' lang='grc' dir='ltr'><em>γραμμά-</em></span> 
     </span>
     <span class='ocr_line' id='line_1_20' title="bbox 90 1981 1159 2088; baseline 0.007 -30"><span class='ocrx_word' id='word_1_168' title='bbox 90 2021 123 2058; x_wconf 81' lang='lat' dir='ltr'><strong>ra</strong></span> <span class='ocrx_word' id='word_1_169' title='bbox 143 2000 188 2061; x_wconf 85' lang='lat' dir='ltr'><strong>vel</strong></span> <span class='ocrx_word' id='word_1_170' title='bbox 213 1995 376 2078; x_wconf 75' lang='grc' dir='ltr'><strong><em>πλουμᾶτα</em></strong></span> <span class='ocrx_word' id='word_1_171' title='bbox 404 1988 527 2086; x_wconf 57' lang='lat' dir='ltr'><strong>3133le</strong></span> <span class='ocrx_word' id='word_1_172' title='bbox 552 1989 675 2086; x_wconf 53' lang='lat' dir='ltr'><strong>abab]</strong></span> <span class='ocrx_word' id='word_1_173' title='bbox 716 2005 852 2088; x_wconf 75' lang='lat' dir='ltr'><strong>plaatoles</strong></span> <span class='ocrx_word' id='word_1_174' title='bbox 894 2003 999 2087; x_wconf 83' lang='lat' dir='ltr'><strong>paleas</strong></span> <span class='ocrx_word' id='word_1_175' title='bbox 1030 1981 1159 2086; x_wconf 57' lang='lat' dir='ltr'><strong>[djsl-zll</strong></span> 
     </span>
     <span class='ocr_line' id='line_1_21' title="bbox 89 2074 1161 2168; baseline 0.008 -29"><span class='ocrx_word' id='word_1_176' title='bbox 89 2081 116 2141; x_wconf 91' lang='lat' dir='ltr'><strong>id</strong></span> <span class='ocrx_word' id='word_1_177' title='bbox 134 2094 177 2144; x_wconf 84' lang='lat' dir='ltr'><strong>est</strong></span> <span class='ocrx_word' id='word_1_178' title='bbox 194 2079 270 2155; x_wconf 79' lang='grc' dir='ltr'><strong>τούς</strong></span> <span class='ocrx_word' id='word_1_179' title='bbox 288 2084 353 2145; x_wconf 80' lang='grc' dir='ltr'><strong>κατ’</strong></span> <span class='ocrx_word' id='word_1_180' title='bbox 375 2074 475 2161; x_wconf 78' lang='grc' dir='ltr'><em>οἶκον,</em></span> <span class='ocrx_word' id='word_1_181' title='bbox 496 2086 704 2168; x_wconf 87' lang='lat' dir='ltr'><strong>quotidianas,</strong></span> <span class='ocrx_word' id='word_1_182' title='bbox 725 2087 901 2148; x_wconf 88' lang='lat' dir='ltr'><strong>domesticas</strong></span> <span class='ocrx_word' id='word_1_183' title='bbox 922 2085 1161 2163; x_wconf 80' lang='lat' dir='ltr'><strong>vestes,1nbbes</strong></span> 
     </span>
     <span class='ocr_line' id='line_1_22' title="bbox 89 2164 1159 2252; baseline 0.007 -29"><span class='ocrx_word' id='word_1_184' title='bbox 89 2164 121 2223; x_wconf 91' lang='lat' dir='ltr'><strong>de</strong></span> <span class='ocrx_word' id='word_1_185' title='bbox 141 2165 299 2244; x_wconf 86' lang='lat' dir='ltr'><strong>chambre,</strong></span> <span class='ocrx_word' id='word_1_186' title='bbox 331 2166 466 2251; x_wconf 66' lang='lat' dir='ltr'><strong>sericas}</strong></span> <span class='ocrx_word' id='word_1_187' title='bbox 526 2168 718 2252; x_wconf 82' lang='lat' dir='ltr'><strong>Acceperunt</strong></span> <span class='ocrx_word' id='word_1_188' title='bbox 737 2167 816 2230; x_wconf 88' lang='lat' dir='ltr'><strong>hauc</strong></span> <span class='ocrx_word' id='word_1_189' title='bbox 834 2190 939 2232; x_wconf 82' lang='lat' dir='ltr'><strong>vocem</strong></span> <span class='ocrx_word' id='word_1_190' title='bbox 963 2169 1069 2228; x_wconf 83' lang='lat' dir='ltr'><strong>Ricam</strong></span> <span class='ocrx_word' id='word_1_191' title='bbox 1090 2167 1159 2230; x_wconf 85' lang='lat' dir='ltr'><strong>Itali</strong></span> 
     </span>
     <span class='ocr_line' id='line_1_23' title="bbox 89 2247 1159 2334; baseline 0.004 -28"><span class='ocrx_word' id='word_1_192' title='bbox 89 2247 122 2306; x_wconf 82' lang='lat' dir='ltr'><strong>eb</strong></span> <span class='ocrx_word' id='word_1_193' title='bbox 143 2249 316 2328; x_wconf 73' lang='lat' dir='ltr'><strong>arabibus3</strong></span> <span class='ocrx_word' id='word_1_194' title='bbox 345 2270 377 2312; x_wconf 83' lang='lat' dir='ltr'><strong>v.</strong></span> <span class='ocrx_word' id='word_1_195' title='bbox 397 2250 448 2310; x_wconf 89' lang='lat' dir='ltr'><strong>Du</strong></span> <span class='ocrx_word' id='word_1_196' title='bbox 470 2250 572 2333; x_wconf 87' lang='lat' dir='ltr'><strong>Gange</strong></span> <span class='ocrx_word' id='word_1_197' title='bbox 590 2271 622 2318; x_wconf 80' lang='lat' dir='ltr'><strong>v.</strong></span> <span class='ocrx_word' id='word_1_198' title='bbox 652 2251 856 2330; x_wconf 73' lang='grc' dir='ltr'><strong><em>πλουμίζειν,</em></strong></span> <span class='ocrx_word' id='word_1_199' title='bbox 876 2251 928 2312; x_wconf 90' lang='lat' dir='ltr'><strong>ubi</strong></span> <span class='ocrx_word' id='word_1_200' title='bbox 949 2273 983 2311; x_wconf 85' lang='lat' dir='ltr'><strong>ex</strong></span> <span class='ocrx_word' id='word_1_201' title='bbox 1007 2251 1159 2334; x_wconf 80' lang='lat' dir='ltr'><strong>Hierony-</strong></span> 
     </span>
     <span class='ocr_line' id='line_1_24' title="bbox 86 2329 1158 2413; baseline 0.008 -26"><span class='ocrx_word' id='word_1_202' title='bbox 86 2349 131 2389; x_wconf 87' lang='lat' dir='ltr'><strong>um</strong></span> <span class='ocrx_word' id='word_1_203' title='bbox 153 2333 301 2393; x_wconf 87' lang='lat' dir='ltr'><strong>Germano</strong></span> <span class='ocrx_word' id='word_1_204' title='bbox 320 2333 375 2393; x_wconf 89' lang='lat' dir='ltr'><strong>bas</strong></span> <span class='ocrx_word' id='word_1_205' title='bbox 393 2332 505 2413; x_wconf 84' lang='lat' dir='ltr'><strong>glossas</strong></span> <span class='ocrx_word' id='word_1_206' title='bbox 526 2337 618 2395; x_wconf 82' lang='lat' dir='ltr'><strong>citat:</strong></span> <span class='ocrx_word' id='word_1_207' title='bbox 661 2334 795 2410; x_wconf 72' lang='grc' dir='ltr'><strong>Ιίίεαιηε,</strong></span> <span class='ocrx_word' id='word_1_208' title='bbox 826 2329 946 2412; x_wconf 65' lang='lat' dir='ltr'><strong>alenai</strong></span> <span class='ocrx_word' id='word_1_209' title='bbox 958 2355 967 2410; x_wconf 80' lang='lat'><em>3</em></span> <span class='ocrx_word' id='word_1_210' title='bbox 989 2337 1158 2410; x_wconf 78' lang='lat' dir='ltr'><strong>ricaaaato,</strong></span> 
     </span>
     <span class='ocr_line' id='line_1_25' title="bbox 88 2415 1158 2492; baseline 0.009 -24"><span class='ocrx_word' id='word_1_211' title='bbox 88 2415 317 2492; x_wconf 77' lang='grc' dir='ltr'><strong><em>πλουμισμένος.</em></strong></span> <span class='ocrx_word' id='word_1_212' title='bbox 362 2415 475 2492; x_wconf 82' lang='lat' dir='ltr'><strong>Quales</strong></span> <span class='ocrx_word' id='word_1_213' title='bbox 495 2417 607 2477; x_wconf 81' lang='lat' dir='ltr'><strong>fuerint</strong></span> <span class='ocrx_word' id='word_1_214' title='bbox 625 2415 764 2478; x_wconf 75' lang='lat' dir='ltr'><strong>Satanae</strong></span> <span class='ocrx_word' id='word_1_215' title='bbox 777 2417 910 2478; x_wconf 82' lang='lat' dir='ltr'><strong>literatae</strong></span> <span class='ocrx_word' id='word_1_216' title='bbox 933 2419 964 2476; x_wconf 89' lang='lat' dir='ltr'><strong>in</strong></span> <span class='ocrx_word' id='word_1_217' title='bbox 999 2415 1158 2478; x_wconf 88' lang='lat' dir='ltr'><strong>aliacbar·</strong></span> 
     </span>
     <span class='ocr_line' id='line_1_26' title="bbox 88 2494 1160 2580; baseline 0.007 -28"><span class='ocrx_word' id='word_1_218' title='bbox 88 2503 114 2552; x_wconf 86' lang='lat' dir='ltr'><strong>ta</strong></span> <span class='ocrx_word' id='word_1_219' title='bbox 132 2494 291 2578; x_wconf 80' lang='lat' dir='ltr'><strong>Hispanica</strong></span> <span class='ocrx_word' id='word_1_220' title='bbox 311 2497 393 2579; x_wconf 89' lang='lat' dir='ltr'><strong>apud</strong></span> <span class='ocrx_word' id='word_1_221' title='bbox 412 2498 463 2558; x_wconf 89' lang='lat' dir='ltr'><strong>Du</strong></span> <span class='ocrx_word' id='word_1_222' title='bbox 477 2498 626 2580; x_wconf 88' lang='lat' dir='ltr'><strong>Caugium</strong></span> <span class='ocrx_word' id='word_1_223' title='bbox 653 2521 684 2560; x_wconf 87' lang='lat' dir='ltr'><strong>v.</strong></span> <span class='ocrx_word' id='word_1_224' title='bbox 703 2497 884 2579; x_wconf 64' lang='lat' dir='ltr'><strong>Affarzegroe,</strong></span> <span class='ocrx_word' id='word_1_225' title='bbox 907 2497 1071 2572; x_wconf 86' lang='lat' dir='ltr'><strong>addubito,</strong></span> <span class='ocrx_word' id='word_1_226' title='bbox 1094 2499 1160 2560; x_wconf 82' lang='lat' dir='ltr'><strong>lue-</strong></span> 
     </span>
     <span class='ocr_line' id='line_1_27' title="bbox 87 2579 1159 2664; baseline 0.01 -31"><span class='ocrx_word' id='word_1_227' title='bbox 87 2579 190 2652; x_wconf 88' lang='lat' dir='ltr'><strong>riutue,</strong></span> <span class='ocrx_word' id='word_1_228' title='bbox 213 2581 243 2639; x_wconf 89' lang='lat' dir='ltr'><strong>in</strong></span> <span class='ocrx_word' id='word_1_229' title='bbox 264 2581 375 2662; x_wconf 86' lang='lat' dir='ltr'><strong>quibus</strong></span> <span class='ocrx_word' id='word_1_230' title='bbox 384 2580 501 2642; x_wconf 88' lang='lat' dir='ltr'><strong>litterae</strong></span> <span class='ocrx_word' id='word_1_231' title='bbox 520 2583 669 2658; x_wconf 80' lang='lat' dir='ltr'><strong>intextae,</strong></span> <span class='ocrx_word' id='word_1_232' title='bbox 690 2601 730 2641; x_wconf 86' lang='lat' dir='ltr'><strong>an</strong></span> <span class='ocrx_word' id='word_1_233' title='bbox 747 2581 908 2663; x_wconf 88' lang='lat' dir='ltr'><strong>plumatac.</strong></span> <span class='ocrx_word' id='word_1_234' title='bbox 951 2581 1030 2642; x_wconf 86' lang='lat' dir='ltr'><strong>Saue</strong></span> <span class='ocrx_word' id='word_1_235' title='bbox 1048 2603 1159 2664; x_wconf 67' lang='lat' dir='ltr'><strong>acipra-</strong></span> 
     </span>
     <span class='ocr_line' id='line_1_28' title="bbox 86 2656 1161 2745; baseline 0.007 -29"><span class='ocrx_word' id='word_1_236' title='bbox 86 2656 121 2718; x_wconf 89' lang='lat' dir='ltr'><strong>lia</strong></span> <span class='ocrx_word' id='word_1_237' title='bbox 144 2662 173 2720; x_wconf 91' lang='lat' dir='ltr'><strong>iu</strong></span> <span class='ocrx_word' id='word_1_238' title='bbox 191 2673 486 2745; x_wconf 82' lang='lat' dir='ltr'><strong>utramquepartem</strong></span> <span class='ocrx_word' id='word_1_239' title='bbox 508 2675 661 2726; x_wconf 86' lang='lat' dir='ltr'><strong>momenta</strong></span> <span class='ocrx_word' id='word_1_240' title='bbox 677 2674 760 2724; x_wconf 88' lang='lat' dir='ltr'><strong>sunt.</strong></span> <span class='ocrx_word' id='word_1_241' title='bbox 803 2664 902 2724; x_wconf 88' lang='lat' dir='ltr'><strong>Locus</strong></span> <span class='ocrx_word' id='word_1_242' title='bbox 921 2661 970 2723; x_wconf 91' lang='lat' dir='ltr'><strong>hic</strong></span> <span class='ocrx_word' id='word_1_243' title='bbox 1003 2674 1072 2724; x_wconf 84' lang='lat' dir='ltr'><strong>est:</strong></span> <span class='ocrx_word' id='word_1_244' title='bbox 1115 2666 1161 2724; x_wconf 83' lang='lat' dir='ltr'><strong>Ie·</strong></span> 
     </span>
     <span class='ocr_line' id='line_1_29' title="bbox 87 2747 1162 2890; baseline 0.004 -88"><span class='ocrx_word' id='word_1_245' title='bbox 87 2756 138 2802; x_wconf 82' lang='lat' dir='ltr'><strong>ctos</strong></span> <span class='ocrx_word' id='word_1_246' title='bbox 156 2766 219 2806; x_wconf 67' lang='lat' dir='ltr'><strong>aem</strong></span> <span class='ocrx_word' id='word_1_247' title='bbox 234 2769 304 2820; x_wconf 70' lang='lat' dir='ltr'><strong>aas</strong></span> <span class='ocrx_word' id='word_1_248' title='bbox 325 2760 493 2830; x_wconf 77' lang='lat' dir='ltr'><strong>tapetes-</strong></span> <span class='ocrx_word' id='word_1_249' title='bbox 512 2769 579 2808; x_wconf 74' lang='lat' dir='ltr'><strong>aem</strong></span> <span class='ocrx_word' id='word_1_250' title='bbox 596 2767 662 2808; x_wconf 76' lang='lat' dir='ltr'><strong>asos</strong></span> <span class='ocrx_word' id='word_1_251' title='bbox 673 2747 947 2890; x_wconf 53' lang='lat' dir='ltr'><strong>plrmmtosnpaleos</strong></span> <span class='ocrx_word' id='word_1_252' title='bbox 969 2759 1003 2808; x_wconf 79' lang='lat' dir='ltr'><strong>et</strong></span> <span class='ocrx_word' id='word_1_253' title='bbox 1036 2747 1162 2806; x_wconf 83' lang='lat' dir='ltr'><strong>Graeci·</strong></span> 
     </span>
     <span class='ocr_line' id='line_1_30' title="bbox 87 2829 1159 2910; baseline 0.003 -24"><span class='ocrx_word' id='word_1_254' title='bbox 87 2845 141 2886; x_wconf 80' lang='lat' dir='ltr'><strong>scos</strong></span> <span class='ocrx_word' id='word_1_255' title='bbox 179 2841 208 2888; x_wconf 86' lang='lat' dir='ltr'><strong>et</strong></span> <span class='ocrx_word' id='word_1_256' title='bbox 226 2851 294 2890; x_wconf 77' lang='lat' dir='ltr'><strong>suas</strong></span> <span class='ocrx_word' id='word_1_257' title='bbox 324 2831 450 2890; x_wconf 77' lang='lat' dir='ltr'><strong>sahanas</strong></span> <span class='ocrx_word' id='word_1_258' title='bbox 475 2831 607 2891; x_wconf 67' lang='lat' dir='ltr'><strong>litem</strong></span> <span class='ocrx_word' id='word_1_259' title='bbox 632 2843 662 2892; x_wconf 84' lang='lat' dir='ltr'><strong>et</strong></span> <span class='ocrx_word' id='word_1_260' title='bbox 679 2829 794 2908; x_wconf 73' lang='lat' dir='ltr'><strong>sutelas</strong></span> <span class='ocrx_word' id='word_1_261' title='bbox 837 2831 996 2910; x_wconf 76' lang='lat' dir='ltr'><strong>sarreguoes.</strong></span> <span class='ocrx_word' id='word_1_262' title='bbox 1039 2829 1159 2890; x_wconf 82' lang='lat' dir='ltr'><strong>Postre-</strong></span> 
     </span>
    </p>
   </div>
   <div class='ocr_carea' id='block_1_6' title="bbox 84 2906 1213 4173">
    <p class='ocr_par' dir='ltr' id='par_1_6' title="bbox 84 2906 1213 4173">
     <span class='ocr_line' id='line_1_31' title="bbox 86 2906 1159 3010; baseline 0.002 -24"><span class='ocrx_word' id='word_1_263' title='bbox 86 2942 147 2986; x_wconf 81' lang='lat' dir='ltr'><strong>mae</strong></span> <span class='ocrx_word' id='word_1_264' title='bbox 165 2927 243 2988; x_wconf 92' lang='lat' dir='ltr'><strong>duae</strong></span> <span class='ocrx_word' id='word_1_265' title='bbox 262 2949 354 2989; x_wconf 84' lang='lat' dir='ltr'><strong>voces</strong></span> <span class='ocrx_word' id='word_1_266' title='bbox 373 2939 445 2990; x_wconf 90' lang='lat' dir='ltr'><strong>sunt</strong></span> <span class='ocrx_word' id='word_1_267' title='bbox 463 2927 632 3006; x_wconf 83' lang='lat' dir='ltr'><strong>Arabicae,</strong></span> <span class='ocrx_word' id='word_1_268' title='bbox 651 2913 748 2982; x_wconf 52' lang='lat' dir='ltr'><strong>*Sil-ll</strong></span> <span class='ocrx_word' id='word_1_269' title='bbox 773 2906 851 2998; x_wconf 58' lang='lat' dir='ltr'><strong>dli-b?</strong></span> <span class='ocrx_word' id='word_1_270' title='bbox 873 2937 944 2988; x_wconf 90' lang='lat' dir='ltr'><strong>sunt</strong></span> <span class='ocrx_word' id='word_1_271' title='bbox 966 2938 1063 2988; x_wconf 82' lang='lat' dir='ltr'><strong>vestes</strong></span> <span class='ocrx_word' id='word_1_272' title='bbox 1083 2948 1159 3010; x_wconf 83' lang='lat' dir='ltr'><strong>quo·</strong></span> 
     </span>
     <span class='ocr_line' id='line_1_32' title="bbox 86 3007 1160 3093; baseline 0.007 -28"><span class='ocrx_word' id='word_1_273' title='bbox 86 3007 184 3070; x_wconf 82' lang='lat' dir='ltr'><strong>tidiani</strong></span> <span class='ocrx_word' id='word_1_274' title='bbox 203 3011 357 3072; x_wconf 86' lang='lat' dir='ltr'><strong>domestici</strong></span> <span class='ocrx_word' id='word_1_275' title='bbox 370 3033 443 3072; x_wconf 87' lang='lat' dir='ltr'><strong>usus</strong></span> <span class='ocrx_word' id='word_1_276' title='bbox 462 3010 592 3093; x_wconf 88' lang='lat' dir='ltr'><strong>pellibus</strong></span> <span class='ocrx_word' id='word_1_277' title='bbox 612 3011 693 3073; x_wconf 87' lang='lat' dir='ltr'><strong>illius</strong></span> <span class='ocrx_word' id='word_1_278' title='bbox 712 3011 859 3072; x_wconf 88' lang='lat' dir='ltr'><strong>mustelae</strong></span> <span class='ocrx_word' id='word_1_279' title='bbox 878 3009 1041 3087; x_wconf 67' lang='lat' dir='ltr'><strong>sceleratae,</strong></span> <span class='ocrx_word' id='word_1_280' title='bbox 1068 3031 1160 3093; x_wconf 77' lang='lat' dir='ltr'><strong>quan</strong></span> 
     </span>
     <span class='ocr_line' id='line_1_33' title="bbox 86 3085 1160 3177; baseline 0.004 -27"><span class='ocrx_word' id='word_1_281' title='bbox 86 3089 259 3171; x_wconf 86' lang='lat' dir='ltr'><strong>soenariam,</strong></span> <span class='ocrx_word' id='word_1_282' title='bbox 280 3092 373 3177; x_wconf 81' lang='lat' dir='ltr'><strong>vulgo</strong></span> <span class='ocrx_word' id='word_1_283' title='bbox 393 3096 536 3171; x_wconf 82' lang='lat' dir='ltr'><strong>sovinam,</strong></span> <span class='ocrx_word' id='word_1_284' title='bbox 558 3085 614 3155; x_wconf 77' lang='lat' dir='ltr'><strong>rios</strong></span> <span class='ocrx_word' id='word_1_285' title='bbox 631 3094 705 3155; x_wconf 85' lang='lat' dir='ltr'><strong>Iltes</strong></span> <span class='ocrx_word' id='word_1_286' title='bbox 724 3105 755 3154; x_wconf 91' lang='lat' dir='ltr'><strong>et</strong></span> <span class='ocrx_word' id='word_1_287' title='bbox 774 3093 835 3154; x_wconf 78' lang='lat' dir='ltr'><strong>Ita</strong></span> <span class='ocrx_word' id='word_1_288' title='bbox 854 3093 1049 3176; x_wconf 84' lang='lat' dir='ltr'><strong>appellamus,</strong></span> <span class='ocrx_word' id='word_1_289' title='bbox 1075 3093 1160 3154; x_wconf 83' lang='lat' dir='ltr'><strong>Ara·-</strong></span> 
     </span>
     <span class='ocr_line' id='line_1_34' title="bbox 84 3167 1160 3260; baseline 0.007 -29"><span class='ocrx_word' id='word_1_290' title='bbox 84 3167 133 3231; x_wconf 85' lang='lat' dir='ltr'><strong>bes</strong></span> <span class='ocrx_word' id='word_1_291' title='bbox 151 3177 255 3258; x_wconf 84' lang='lat' dir='ltr'><strong>Faueg</strong></span> <span class='ocrx_word' id='word_1_292' title='bbox 273 3177 322 3238; x_wconf 88' lang='lat' dir='ltr'><strong>vel</strong></span> <span class='ocrx_word' id='word_1_293' title='bbox 349 3179 459 3259; x_wconf 84' lang='lat' dir='ltr'><strong>Feaeg.</strong></span> <span class='ocrx_word' id='word_1_294' title='bbox 502 3177 568 3238; x_wconf 79' lang='lat' dir='ltr'><strong>Aut</strong></span> <span class='ocrx_word' id='word_1_295' title='bbox 595 3197 667 3260; x_wconf 83' lang='lat' dir='ltr'><strong>ergo</strong></span> <span class='ocrx_word' id='word_1_296' title='bbox 686 3177 831 3238; x_wconf 68' lang='lat' dir='ltr'><strong>Poenicae</strong></span> <span class='ocrx_word' id='word_1_297' title='bbox 864 3178 982 3258; x_wconf 85' lang='lat' dir='ltr'><strong>scripsit</strong></span> <span class='ocrx_word' id='word_1_298' title='bbox 1017 3177 1160 3238; x_wconf 79' lang='lat' dir='ltr'><strong>Matthias</strong></span> 
     </span>
     <span class='ocr_line' id='line_1_35' title="bbox 86 3253 1157 3341; baseline 0.007 -29"><span class='ocrx_word' id='word_1_299' title='bbox 86 3253 258 3336; x_wconf 73' lang='lat' dir='ltr'><strong>sylvaticas,</strong></span> <span class='ocrx_word' id='word_1_300' title='bbox 276 3271 329 3320; x_wconf 90' lang='lat' dir='ltr'><strong>aut</strong></span> <span class='ocrx_word' id='word_1_301' title='bbox 344 3264 456 3321; x_wconf 86' lang='lat' dir='ltr'><strong>erravit</strong></span> <span class='ocrx_word' id='word_1_302' title='bbox 475 3261 633 3320; x_wconf 72' lang='lat' dir='ltr'><strong>Partlrraas</strong></span> <span class='ocrx_word' id='word_1_303' title='bbox 671 3261 741 3320; x_wconf 82' lang='lat' dir='ltr'><strong>elles</strong></span> <span class='ocrx_word' id='word_1_304' title='bbox 758 3280 814 3341; x_wconf 89' lang='lat' dir='ltr'><strong>pro</strong></span> <span class='ocrx_word' id='word_1_305' title='bbox 836 3259 967 3322; x_wconf 74' lang='lat' dir='ltr'><strong>Ponticis</strong></span> <span class='ocrx_word' id='word_1_306' title='bbox 988 3262 1157 3332; x_wconf 83' lang='lat' dir='ltr'><strong>nominans,</strong></span> 
     </span>
     <span class='ocr_line' id='line_1_36' title="bbox 84 3341 1159 3426; baseline 0.001 -28"><span class='ocrx_word' id='word_1_307' title='bbox 84 3341 196 3418; x_wconf 76' lang='lat' dir='ltr'><strong>quando</strong></span> <span class='ocrx_word' id='word_1_308' title='bbox 206 3341 312 3403; x_wconf 84' lang='lat' dir='ltr'><strong>scribit</strong></span> <span class='ocrx_word' id='word_1_309' title='bbox 321 3365 332 3403; x_wconf 74' lang='lat' dir='ltr'><strong>a</strong></span> <span class='ocrx_word' id='word_1_310' title='bbox 338 3345 476 3424; x_wconf 71' lang='lat' dir='ltr'><strong>fimaio,</strong></span> <span class='ocrx_word' id='word_1_311' title='bbox 494 3343 531 3404; x_wconf 78' lang='lat' dir='ltr'><strong>id</strong></span> <span class='ocrx_word' id='word_1_312' title='bbox 545 3357 589 3404; x_wconf 82' lang='lat' dir='ltr'><strong>est</strong></span> <span class='ocrx_word' id='word_1_313' title='bbox 598 3365 640 3426; x_wconf 84' lang='lat' dir='ltr'><strong>pe</strong></span> <span class='ocrx_word' id='word_1_314' title='bbox 650 3343 847 3402; x_wconf 77' lang='lat' dir='ltr'><strong>IisPartla‘ca.</strong></span> <span class='ocrx_word' id='word_1_315' title='bbox 860 3343 926 3404; x_wconf 86' lang='lat' dir='ltr'><strong>Non</strong></span> <span class='ocrx_word' id='word_1_316' title='bbox 940 3345 1020 3402; x_wconf 89' lang='lat' dir='ltr'><strong>enim</strong></span> <span class='ocrx_word' id='word_1_317' title='bbox 1033 3361 1159 3403; x_wconf 87' lang='lat' dir='ltr'><strong>consen·</strong></span> 
     </span>
     <span class='ocr_line' id='line_1_37' title="bbox 85 3423 1159 3509; baseline 0.006 -31"><span class='ocrx_word' id='word_1_318' title='bbox 85 3423 298 3507; x_wconf 80' lang='lat' dir='ltr'><strong>tioDuCangio</strong></span> <span class='ocrx_word' id='word_1_319' title='bbox 303 3447 336 3486; x_wconf 82' lang='lat' dir='ltr'><strong>v.</strong></span> <span class='ocrx_word' id='word_1_320' title='bbox 352 3426 494 3487; x_wconf 73' lang='lat' dir='ltr'><strong>Parthica</strong></span> <span class='ocrx_word' id='word_1_321' title='bbox 501 3426 602 3509; x_wconf 71' lang='lat' dir='ltr'><strong>pellas,</strong></span> <span class='ocrx_word' id='word_1_322' title='bbox 615 3425 743 3508; x_wconf 76' lang='lat' dir='ltr'><strong>glossam</strong></span> <span class='ocrx_word' id='word_1_323' title='bbox 758 3423 836 3486; x_wconf 90' lang='lat' dir='ltr'><strong>hauc</strong></span> <span class='ocrx_word' id='word_1_324' title='bbox 847 3449 863 3486; x_wconf 95' lang='lat' dir='ltr'><strong>e</strong></span> <span class='ocrx_word' id='word_1_325' title='bbox 875 3425 1002 3486; x_wconf 85' lang='lat' dir='ltr'><strong>Graecia</strong></span> <span class='ocrx_word' id='word_1_326' title='bbox 1015 3443 1159 3484; x_wconf 88' lang='lat' dir='ltr'><strong>arcessen-</strong></span> 
     </span>
     <span class='ocr_line' id='line_1_38' title="bbox 87 3501 1160 3589; baseline 0 -23"><span class='ocrx_word' id='word_1_327' title='bbox 87 3505 118 3563; x_wconf 78' lang='lat' dir='ltr'><strong>ti.</strong></span> <span class='ocrx_word' id='word_1_328' title='bbox 138 3505 221 3567; x_wconf 88' lang='lat' dir='ltr'><strong>Varii</strong></span> <span class='ocrx_word' id='word_1_329' title='bbox 233 3513 351 3589; x_wconf 83' lang='lat' dir='ltr'><strong>generis</strong></span> <span class='ocrx_word' id='word_1_330' title='bbox 370 3508 494 3570; x_wconf 85' lang='lat' dir='ltr'><strong>litterati</strong></span> <span class='ocrx_word' id='word_1_331' title='bbox 536 3511 608 3570; x_wconf 86' lang='lat' dir='ltr'><strong>anai</strong></span> <span class='ocrx_word' id='word_1_332' title='bbox 628 3507 782 3569; x_wconf 83' lang='lat' dir='ltr'><strong>veteribus</strong></span> <span class='ocrx_word' id='word_1_333' title='bbox 806 3509 837 3568; x_wconf 92' lang='lat' dir='ltr'><strong>in</strong></span> <span class='ocrx_word' id='word_1_334' title='bbox 858 3529 914 3568; x_wconf 89' lang='lat' dir='ltr'><strong>usu</strong></span> <span class='ocrx_word' id='word_1_335' title='bbox 937 3515 1034 3568; x_wconf 86' lang='lat' dir='ltr'><strong>crant.</strong></span> <span class='ocrx_word' id='word_1_336' title='bbox 1054 3501 1160 3566; x_wconf 85' lang='lat' dir='ltr'><strong>Vestes</strong></span> 
     </span>
     <span class='ocr_line' id='line_1_39' title="bbox 86 3531 1159 3672; baseline 0.002 -24"><span class='ocrx_word' id='word_1_337' title='bbox 86 3590 158 3648; x_wconf 71' lang='lat' dir='ltr'><strong>crim</strong></span> <span class='ocrx_word' id='word_1_338' title='bbox 171 3591 316 3672; x_wconf 86' lang='lat' dir='ltr'><strong>quaedam</strong></span> <span class='ocrx_word' id='word_1_339' title='bbox 344 3591 497 3652; x_wconf 88' lang='lat' dir='ltr'><strong>habebant</strong></span> <span class='ocrx_word' id='word_1_340' title='bbox 514 3531 630 3652; x_wconf 74' lang='lat' dir='ltr'><strong>litteras</strong></span> <span class='ocrx_word' id='word_1_341' title='bbox 659 3590 870 3652; x_wconf 88' lang='lat' dir='ltr'><strong>tantummodo</strong></span> <span class='ocrx_word' id='word_1_342' title='bbox 899 3609 990 3649; x_wconf 90' lang='lat' dir='ltr'><strong>unam</strong></span> <span class='ocrx_word' id='word_1_343' title='bbox 1012 3598 1064 3648; x_wconf 86' lang='lat' dir='ltr'><strong>aut</strong></span> <span class='ocrx_word' id='word_1_344' title='bbox 1084 3587 1159 3650; x_wconf 83' lang='lat' dir='ltr'><strong>duas</strong></span> 
     </span>
     <span class='ocr_line' id='line_1_40' title="bbox 88 3669 1213 3756; baseline 0.003 -27"><span class='ocrx_word' id='word_1_345' title='bbox 88 3669 121 3728; x_wconf 85' lang='lat' dir='ltr'><strong>ad</strong></span> <span class='ocrx_word' id='word_1_346' title='bbox 138 3693 286 3734; x_wconf 88' lang='lat' dir='ltr'><strong>summum</strong></span> <span class='ocrx_word' id='word_1_347' title='bbox 305 3675 339 3734; x_wconf 90' lang='lat' dir='ltr'><strong>ia</strong></span> <span class='ocrx_word' id='word_1_348' title='bbox 369 3675 430 3735; x_wconf 87' lang='lat' dir='ltr'><strong>ima</strong></span> <span class='ocrx_word' id='word_1_349' title='bbox 449 3697 504 3738; x_wconf 87' lang='lat' dir='ltr'><strong>ora</strong></span> <span class='ocrx_word' id='word_1_350' title='bbox 524 3674 563 3734; x_wconf 91' lang='lat' dir='ltr'><strong>ad</strong></span> <span class='ocrx_word' id='word_1_351' title='bbox 590 3673 680 3756; x_wconf 88' lang='lat' dir='ltr'><strong>pedes</strong></span> <span class='ocrx_word' id='word_1_352' title='bbox 708 3695 832 3746; x_wconf 85' lang='lat' dir='ltr'><strong>versus,</strong></span> <span class='ocrx_word' id='word_1_353' title='bbox 855 3671 1004 3750; x_wconf 80' lang='lat' dir='ltr'><strong>eomodo</strong></span> <span class='ocrx_word' id='word_1_354' title='bbox 1025 3673 1157 3750; x_wconf 88' lang='lat' dir='ltr'><strong>intexta,</strong></span> <span class='ocrx_word' id='word_1_355' title='bbox 1209 3676 1213 3690; x_wconf 75' lang='lat'><em>⁶</em></span> 
     </span>
     <span class='ocr_line' id='line_1_41' title="bbox 85 3753 1158 3836; baseline 0.001 -23"><span class='ocrx_word' id='word_1_356' title='bbox 85 3760 115 3808; x_wconf 83' lang='lat' dir='ltr'><strong>ut</strong></span> <span class='ocrx_word' id='word_1_357' title='bbox 133 3755 210 3835; x_wconf 87' lang='lat' dir='ltr'><strong>apud</strong></span> <span class='ocrx_word' id='word_1_358' title='bbox 242 3777 300 3817; x_wconf 89' lang='lat' dir='ltr'><strong>nos</strong></span> <span class='ocrx_word' id='word_1_359' title='bbox 330 3753 442 3818; x_wconf 84' lang='lat' dir='ltr'><strong>lodices</strong></span> <span class='ocrx_word' id='word_1_360' title='bbox 464 3757 611 3818; x_wconf 90' lang='lat' dir='ltr'><strong>lectorum</strong></span> <span class='ocrx_word' id='word_1_361' title='bbox 635 3767 810 3817; x_wconf 84' lang='lat' dir='ltr'><strong>nostrorum</strong></span> <span class='ocrx_word' id='word_1_362' title='bbox 833 3765 863 3815; x_wconf 90' lang='lat' dir='ltr'><strong>et</strong></span> <span class='ocrx_word' id='word_1_363' title='bbox 883 3753 1097 3836; x_wconf 85' lang='lat' dir='ltr'><strong>supellectilem</strong></span> <span class='ocrx_word' id='word_1_364' title='bbox 1122 3775 1158 3814; x_wconf 90' lang='lat' dir='ltr'><strong>o-</strong></span> 
     </span>
     <span class='ocr_line' id='line_1_42' title="bbox 87 3835 1158 3922; baseline -0.001 -25"><span class='ocrx_word' id='word_1_365' title='bbox 87 3851 178 3897; x_wconf 79' lang='lat' dir='ltr'><strong>mnem</strong></span> <span class='ocrx_word' id='word_1_366' title='bbox 208 3839 333 3900; x_wconf 84' lang='lat' dir='ltr'><strong>linteam</strong></span> <span class='ocrx_word' id='word_1_367' title='bbox 359 3842 490 3902; x_wconf 87' lang='lat' dir='ltr'><strong>nominis</strong></span> <span class='ocrx_word' id='word_1_368' title='bbox 522 3861 676 3922; x_wconf 85' lang='lat' dir='ltr'><strong>possessor</strong></span> <span class='ocrx_word' id='word_1_369' title='bbox 693 3841 821 3921; x_wconf 85' lang='lat' dir='ltr'><strong>quisquc</strong></span> <span class='ocrx_word' id='word_1_370' title='bbox 841 3839 887 3898; x_wconf 90' lang='lat' dir='ltr'><strong>sui</strong></span> <span class='ocrx_word' id='word_1_371' title='bbox 908 3835 1015 3898; x_wconf 87' lang='lat' dir='ltr'><strong>litteris</strong></span> <span class='ocrx_word' id='word_1_372' title='bbox 1036 3835 1158 3897; x_wconf 88' lang='lat' dir='ltr'><strong>initiali-</strong></span> 
     </span>
     <span class='ocr_line' id='line_1_43' title="bbox 87 3913 1160 4006; baseline -0.002 -26"><span class='ocrx_word' id='word_1_373' title='bbox 87 3913 136 3976; x_wconf 81' lang='lat' dir='ltr'><strong>bus</strong></span> <span class='ocrx_word' id='word_1_374' title='bbox 153 3922 264 4004; x_wconf 82' lang='lat' dir='ltr'><strong>signari</strong></span> <span class='ocrx_word' id='word_1_375' title='bbox 285 3934 383 3984; x_wconf 84' lang='lat' dir='ltr'><strong>curat.</strong></span> <span class='ocrx_word' id='word_1_376' title='bbox 423 3924 472 3984; x_wconf 89' lang='lat' dir='ltr'><strong>Eo</strong></span> <span class='ocrx_word' id='word_1_377' title='bbox 492 3923 583 3984; x_wconf 88' lang='lat' dir='ltr'><strong>modo</strong></span> <span class='ocrx_word' id='word_1_378' title='bbox 599 3922 748 3983; x_wconf 86' lang='lat' dir='ltr'><strong>litteratae</strong></span> <span class='ocrx_word' id='word_1_379' title='bbox 768 3922 864 3982; x_wconf 88' lang='lat' dir='ltr'><strong>videri</strong></span> <span class='ocrx_word' id='word_1_380' title='bbox 886 3931 998 4006; x_wconf 90' lang='lat' dir='ltr'><strong>queant</strong></span> <span class='ocrx_word' id='word_1_381' title='bbox 1022 3918 1090 3979; x_wconf 92' lang='lat' dir='ltr'><strong>illae</strong></span> <span class='ocrx_word' id='word_1_382' title='bbox 1111 3941 1160 3979; x_wconf 89' lang='lat' dir='ltr'><strong>sa·</strong></span> 
     </span>
     <span class='ocr_line' id='line_1_44' title="bbox 85 3996 1159 4088; baseline 0.001 -27"><span class='ocrx_word' id='word_1_383' title='bbox 85 3996 192 4081; x_wconf 75' lang='lat' dir='ltr'><strong>bacae,</strong></span> <span class='ocrx_word' id='word_1_384' title='bbox 221 4027 301 4088; x_wconf 88' lang='lat' dir='ltr'><strong>quae</strong></span> <span class='ocrx_word' id='word_1_385' title='bbox 327 4005 385 4068; x_wconf 84' lang='lat' dir='ltr'><strong>bac</strong></span> <span class='ocrx_word' id='word_1_386' title='bbox 414 4008 445 4069; x_wconf 89' lang='lat' dir='ltr'><strong>in</strong></span> <span class='ocrx_word' id='word_1_387' title='bbox 476 4004 581 4066; x_wconf 88' lang='lat' dir='ltr'><strong>charta</strong></span> <span class='ocrx_word' id='word_1_388' title='bbox 619 4015 905 4066; x_wconf 78' lang='lat' dir='ltr'><strong>commemorantur.</strong></span> <span class='ocrx_word' id='word_1_389' title='bbox 953 4000 1159 4064; x_wconf 83' lang='lat' dir='ltr'><strong>Memorabilis</strong></span> 
     </span>
     <span class='ocr_line' id='line_1_45' title="bbox 87 4077 1158 4173; baseline -0.004 -26"><span class='ocrx_word' id='word_1_390' title='bbox 87 4093 126 4142; x_wconf 77' lang='lat' dir='ltr'><strong>est</strong></span> <span class='ocrx_word' id='word_1_391' title='bbox 145 4087 286 4171; x_wconf 86' lang='lat' dir='ltr'><strong>Hesychii</strong></span> <span class='ocrx_word' id='word_1_392' title='bbox 306 4089 409 4152; x_wconf 80' lang='lat' dir='ltr'><strong>iocus:</strong></span> <span class='ocrx_word' id='word_1_393' title='bbox 430 4087 569 4173; x_wconf 73' lang='grc' dir='ltr'><strong>τρίβων,</strong></span> <span class='ocrx_word' id='word_1_394' title='bbox 591 4080 683 4168; x_wconf 71' lang='grc' dir='ltr'><em>στολή</em></span> <span class='ocrx_word' id='word_1_395' title='bbox 703 4081 823 4164; x_wconf 80' lang='grc' dir='ltr'><strong><em>ἔχουσα</em></strong></span> <span class='ocrx_word' id='word_1_396' title='bbox 844 4089 959 4169; x_wconf 71' lang='grc' dir='ltr'><strong><em>σημεῖα</em></strong></span> <span class='ocrx_word' id='word_1_397' title='bbox 996 4079 1038 4159; x_wconf 71' lang='grc' dir='ltr'><strong>ὥς</strong></span> <span class='ocrx_word' id='word_1_398' title='bbox 1057 4077 1158 4166; x_wconf 77' lang='grc' dir='ltr'><em>γράμ-</em></span> 
     </span>
    </p>
   </div>
   <div class='ocr_carea' id='block_1_7' title="bbox 0 0 1494 4892">
    <p class='ocr_par' dir='ltr' id='par_1_7' title="bbox 0 0 1494 4892">
     <span class='ocr_line' id='line_1_46' title="bbox 0 0 1494 4892; baseline 0 0"><span class='ocrx_word' id='word_1_399' title='bbox 0 0 1494 4892; x_wconf 95' lang='lat' dir='ltr'><strong> </strong></span> 
     </span>
    </p>
   </div>
  </div>
 </body>
</html>
