2975 4892
169 286 234 352 an
260 284 484 352 coasrsnr.
515 281 663 352 mara.
690 285 748 350 nr.
774 281 913 353 cmm.
943 285 1019 353 ua
1046 289 1072 350 t.
1115 259 1197 362 14³

112 437 327 511 amimae
345 448 376 500 ct
398 435 458 500 aba
479 435 553 500 talia
577 437 789 517 nominabant,
820 449 852 500 et
872 459 998 522 regnum
1024 459 1114 503 nnn
1136 435 1197 522 seir

111 516 223 584 ἔνθεον
240 519 427 600 βασιλείαν,
447 519 553 582 divano
571 543 689 582 mwsere
708 523 858 583 tribuum.

193 607 231 664 Β.
247 605 285 666 6.
300 603 369 688 [36,
384 601 433 688 m]
454 594 589 687 φθογγὴ.
628 604 693 664 Ubi
714 601 851 666 locorum
865 607 899 666 in
916 605 1097 668 mnnbnnis
1115 609 1194 670 inte·

110 709 163 769 gre
184 707 363 770 expressum
385 697 449 746 erat
470 683 529 746 hoc
553 685 757 764 vocabulum,
789 688 921 750 babebat
944 688 1050 750 ultima
1069 689 1155 752 litera
1172 713 1194 773 η

109 793 204 914 iffi
228 793 265 914 t,
290 767 556 914 titttss‘lhts
575 769 944 935 iifflibiiiiii
965 773 1195 937 iffi:

109 938 216 1020 rebat,
251 937 286 996 id
307 947 353 997 est
373 937 484 1012 talem,
519 935 604 996 cuias
626 935 716 996 ambo
735 959 849 998 cornua
876 938 1019 1000 deorsum
1063 940 1195 1021 rumice-

109 1033 189 1080 reut.
231 1021 332 1082 Venit
354 1017 445 1102 igitur
466 1019 498 1078 in
521 1017 578 1078 boc
599 1041 721 1102 quoque
743 1021 838 1081 verbo
858 1042 934 1096 usu,
1069 1021 1196 1100 singulis

110 1125 204 1182 paene
221 1106 345 1186 paginis
363 1101 541 1163 observatur
559 1105 736 1184 contigisse,
758 1127 777 1185 η
798 1123 855 1187 pro
875 1125 904 1164 ει
921 1104 1011 1165 titisse
1025 1117 1194 1180 erar-ntum,

109 1197 141 1245 et
156 1189 301 1268 obuy-yet
319 1187 379 1268 legi
401 1185 532 1264 debere,
561 1185 593 1246 id
616 1198 660 1246 est
677 1201 774 1248 sonat.
817 1187 974 1266 Φθογγεῖν
993 1191 1091 1248 sarim
1111 1200 1194 1248 vete-

111 1292 155 1330 res
173 1292 232 1352 pro
263 1269 460 1350 φθέγγεσθαι
485 1281 650 1350 usurpant,
671 1269 800 1352 probum
817 1281 919 1330 nmen
938 1281 993 1330 est.
1039 1271 1194 1332 Habemus

113 1352 165 1412 boc
185 1355 312 1434 «sapite,
336 1351 571 1434 habebimusque
597 1355 628 1412 in
647 1355 840 1436 sequentibus
857 1352 1003 1414 formulas
1023 1355 1193 1435 responsio-

111 1452 181 1495 num
203 1439 238 1496 in
267 1433 434 1511 laudibus,
456 1457 507 1496 seu
545 1435 641 1496 houas
660 1449 689 1496 ot
708 1437 909 1518 antiphonas,
930 1455 948 1494 a
967 1437 1142 1498 cantoribus
1161 1448 1194 1498 ct

111 1518 221 1602 populo
242 1519 380 1577 vicissim
403 1457 553 1580 cantandis
572 1519 730 1594 recitatas,
760 1539 888 1601 quartam
906 1519 1073 1600 exeaiplum
1090 1521 1121 1580 in
1142 1542 1193 1580 ce·

110 1602 195 1662 «lesia
218 1603 336 1661 [atissa
358 1602 411 1684 qui
435 1601 538 1662 videre
560 1603 680 1682 cupiat,
713 1603 847 1662 inveniet
869 1599 1003 1682 lepidum
1034 1603 1114 1684 opud
1140 1605 1192 1664 Du

112 1686 208 1767 sange
227 1684 335 1744 Gloss.
359 1685 460 1744 Latin.
485 1705 516 1744 v.
559 1685 677 1744 Fesnms
700 1687 871 1760 arthemon,
893 1684 946 1744 ubi
969 1699 1120 1746 vocatores
1139 1707 1195 1770 ap·

108 1767 287 1848 pellantur,
309 1769 364 1848 qui
383 1767 433 1826 bio
453 1763 584 1847 κράκται
605 1779 686 1828 sunt.

189 1852 227 1910 C.
243 1848 276 1928 4.
293 1847 364 1932 [36,
386 1848 450 1932 ra]
472 1845 539 1922 σὰς.
588 1847 750 1924 Asterie,
771 1858 817 1909 est
836 1869 934 1910 novae
955 1849 1116 1924 Graeciae,
1139 1873 1196 1934 pm

107 1947 217 2007 secter,
242 1945 459 2006 autvestrum,
485 1929 586 2009 ὑμῶν.
610 1930 682 1994 Vid.
708 1933 817 1992 Codin.
840 1930 932 1993 offic.
952 1953 985 2013 p.
1003 1933 1072 1994 125.
1094 1955 1127 1994 n.
1142 1934 1194 2012 40.

109 2016 220 2076 Paullo
244 2027 319 2098 post
340 2013 396 2076 lin.
416 2037 463 2076 ro.
486 2017 582 2076 restit.
606 2015 819 2077 emembranis
841 2014 985 2094 λέγουσιν
1010 2011 1041 2074 oi
1062 2011 1197 2094 socians

108 2095 169 2176 τὴν
188 2096 314 2181 φωνήν.
355 2099 461 2159 Phora
479 2109 524 2160 est
544 2097 595 2158 ille
613 2098 764 2182 hymnus,
785 2101 837 2180 qui
860 2101 990 2172 citatur,
1021 2093 1039 2158 d
1060 2095 1194 2181 α’μῆτωρ

107 2193 168 2241 etc.
191 2193 223 2242 et
245 2182 345 2241 echus
362 2203 414 2242 seu
432 2192 522 2242 tonus
540 2184 605 2242 eius
625 2195 668 2244 est
689 2181 867 2243 modulatio.
909 2181 1035 2244 Pbonac
1053 2183 1194 2246 euocata·

107 2264 162 2323 bat
180 2265 353 2346 antiphona
373 2286 411 2346 po
431 2263 486 2324 uli.

173 2347 283 2491 Ι,1)Ιξ85.
318 2347 370 2490 {6⁹
386 2287 450 2514 agi]
473 2343 682 2427 αὐτοκράτωρ.
710 2351 755 2408 Μ.
780 2339 977 2428 αὕτοκρῶτορ
993 2349 1025 2408 in
1037 2351 1189 2412 vocativo.

154 2450 201 2491 ao.
239 2475 249 2490 .
283 2474 292 2490 .
389 2451 397 2490 ι
428 2475 434 2488 .

105 2534 165 2574 nae
184 2452 372 2595 punctum?
396 2523 427 2573 et
451 2512 558 2572 deinde
580 2513 693 2574 habent
716 2510 923 2597 raeparator,
956 2515 1049 2574 atad
1076 2515 1193 2597 βρέφος

103 2599 221 2694 readmt.
270 2595 395 2657 hlallem
418 2607 519 2657 tamen
543 2592 750 2678 ἔξαφανίσων.
791 2599 868 2656 ltem
891 2595 1005 2656 babmt
1033 2593 1128 2668 αὐτὸς
1157 2591 1194 2656 τὸ

243 2689 304 2740 etc.

100 2699 234 2822 Ψποὲ.
253 2785 279 2822 ι.
297 2759 362 2847 [38‚
379 2757 421 2844 1.]
441 2761 494 2844 τῆς
515 2761 686 2824 Matalon.
727 2757 923 2842 subintellige
944 2760 1049 2842 μονῆς.
1075 2759 1124 2821 De
1136 2757 1194 2820 boc

99 2847 295 2906 monasterio
317 2845 391 2905 nihil
412 2847 532 2908 invenio
553 2845 633 2930 apud
654 2847 706 2906 Du
727 2847 828 2929 Gange
845 2847 878 2904 in
896 2845 1001 2907 Const.
1022 2844 1135 2906 Christ.
1157 2847 1194 2906 ln
1314 2910 1318 2916 ,

472 2424 559 2507 σὰρξ.
607 2433 680 2492 l‘ost
696 2431 775 2492 hanc
794 2453 899 2490 vocem
914 2441 1033 2513 ponam
1047 2433 1194 2494 membra-

377 2945 394 2980 ἲ

96 2995 214 3056 codiee
232 3005 278 3054 est
291 2995 412 3076 Mein,
453 2998 534 3060 unde
548 2999 612 3058 fieri
631 3019 753 3080 quoque
772 3005 890 3082 poterat
907 2995 1071 3078 Μελέτης,
1090 2995 1193 3058 sardii.

96 3080 143 3139 Et
163 3099 247 3139 sane
271 3081 315 3138 sic
336 3093 429 3142 exstat
446 3103 477 3162 p.
496 3081 549 3160 54.
565 3083 605 3141 D.
629 3094 691 3142 tam
711 3086 742 3141 in
763 3083 912 3153 editione,
931 3101 1024 3162 quam
1044 3083 1076 3139 in
1099 3099 1196 3138 mem·

97 3163 212 3222 branis
227 3205 239 3238 ,
261 3161 355 3223 literis
369 3166 510 3224 omnibus
527 3167 641 3246 integre
657 3168 794 3226 exaratis.
836 3166 951 3225 Emtae
973 3185 1046 3244 ergo
1063 3163 1123 3222 hoc
1135 3183 1196 3220 mo·

97 3248 279 3306 nesterium
301 3245 416 3308 celebre
433 3247 507 3308 illud
532 3247 623 3308 studii
633 3291 642 3323 ,
663 3250 744 3310 unde
761 3247 941 3308 Theodorus
962 3245 1083 3304 Studita
1098 3245 1197 3304 etalii

96 3329 317 3411 pmdiemmtt
352 3331 471 3390 Suntne
491 3331 570 3391 idem
591 3331 774 3407 Melettbna,
795 3349 874 3410 qsrae
893 3332 927 3388 in
945 3325 1052 3388 tabula
1069 3328 1196 3386 Peutin·

96 3415 235 3493 geriana
259 3431 355 3491 prope
375 3413 470 3473 CPlin
492 3417 738 3495 conspiciuntur?
779 3413 813 3472 Si
832 3412 998 3470 Melen'ann
1013 3421 1045 3470 et
1063 3403 1102 3470 sd
1124 3409 1197 3469 Me·

95 3495 206 3637 ffli
228 3490 1197 3659 hffitlhuiffllttt‘in'illegittsffiltt

95 3661 159 3720 boc
179 3679 313 3742 quoque
331 3673 541 3743 argumentum
559 3663 742 3724 evincendae
760 3662 982 3722 neoentisdmae
1000 3661 1091 3720 aetati
1114 3657 1197 3719 illius

94 3743 235 3804 tabulae
246 3745 280 3802 in
294 3747 465 3806 recensione
480 3767 577 3807 novae
596 3747 736 3808 editionis
748 3746 931 3806 Viennensis
945 3743 977 3804 in
994 3741 1098 3803 libello
1110 3762 1197 3802 men·

92 3839 188 3887 struo
225 3826 389 3888 vernacule
422 3827 513 3890 edito.
553 3825 721 3910 Ἀχιλλεύς
751 3839 819 3890 erat
843 3847 955 3888 nomen
986 3825 1196 3900 thermarum,

93 3909 187 3970 haud
227 3909 335 3988 procul
358 3909 490 3972 Chalcen
514 3922 545 3972 et
568 3915 599 3974 S.
624 3913 781 3994 Sopbiam.
823 3911 898 3972 Vid.
923 3910 977 3970 Du
997 3909 1099 3990 (lange
1120 3906 1197 3967 CPl.

95 3995 226 4054 Cbn'st.
249 4013 285 4072 p·
299 3989 350 4052 88.
392 3995 442 4055 sie
460 3995 557 4056 dictae
571 3995 641 4057 illae
662 3995 800 4056 thermae
815 4015 834 4054 a
850 3992 963 4054 celebri
983 4002 1081 4054 statam
1097 3987 1199 4051 Achil·

95 4073 133 4134 lis
157 4077 213 4137 ibi
237 4077 411 4156 conspicua.
453 4079 521 4138 Mos
546 4099 654 4160 nempe
679 4087 744 4138 erat
765 4078 824 4138 illis
852 4075 1043 4157 temporibus
1065 4075 1199 4135 thermas

97 4159 247 4238 publices
272 4178 293 4218 a
313 4162 419 4224 acuis
444 4161 487 4222 ibi
512 4162 619 4225 erectis
643 4161 832 4224 nominandi.
875 4161 924 4222 lta
954 4159 1035 4243 apud
1056 4153 1197 4239 Tripolin
1207 4153 1259 4205 Ed.
1267 4152 1296 4206 1⁴·
1309 4151 1345 4218 ⁴6
