2975 4892
305 319 385 379 202
501 317 556 386 10.
587 317 667 388 ΙᾸΟ.
700 319 847 386 REtsKss
863 319 866 323 ’
882 315 1166 387 commun

382 471 424 534 D.
449 472 479 536 5.
500 471 648 558 [96‚19.]
670 471 890 554 σποθαρικίοο,
912 451 1133 554 Spatharicium
1154 471 1275 534 videtur
1292 471 1383 532 sntio

302 566 355 620 aut
387 557 533 617 habitatio
561 557 790 638 spathariorum
805 557 1012 640 suisse,prope
1033 556 1175 633 Circum,
1196 566 1233 616 ut
1256 577 1293 618 ex
1316 553 1383 614 alia

301 639 402 701 Nostri
422 639 494 700 locis
511 651 604 721 patet.
894 681 898 687 -

343 721 395 784 58.
417 723 456 782 A.
480 725 509 784 ὅ.
534 721 660 806 [97,2.]
682 717 845 798 στοίχοται,
887 723 930 781 Μ.
956 725 1128 802 στοιχεῖτοι

383 806 419 866 Β.
443 805 472 866 5.
512 804 645 888 97‚15.]
676 803 720 874 εἰς
739 798 787 869 τὰ.
806 802 901 875 Μ.ει’ς
919 801 986 869 τὸν.
1147 870 1149 873 ,
1282 869 1285 872 ,

383 889 418 948 Β.
443 911 471 972 7.
511 912 562 971 97,
584 889 647 972 ι6.]
668 885 784 966 γίνεται
799 883 1041 963 μεταστάσιμον.
1081 886 1209 948 Secessus
1217 885 1282 973 fit,
1304 907 1382 946 seae-

302 972 384 1034 ditur
412 981 444 1033 m
460 974 681 1045 Οοιιςιίνιονίιιινι,
704 971 873 1050 etquidem
895 973 926 1029 in
952 971 1059 1048 Circo,
1081 983 1133 1032 aut
1160 992 1255 1052 prope
1280 968 1379 1029 illum.

302 1057 376 1156 gog.
399 1057 479 1152 enim
493 1055 566 1196 4136.
577 1056 612 1153 (¹3.
624 1054 679 1116 ult.
697 1054 736 1114 cf.
755 1051 823 1136 lego
837 1053 875 1114 de
897 1053 1062 1135 spathariis
1092 1053 1151 1113 τοῦ
1167 1049 1383 1135 οποθοιρικίοο

302 1158 370 1222 qm
385 1139 825 1305 {pvlpnssppppopfflm
878 1219 956 1279 Erat
974 1238 1083 1300 nempe
1105 1239 1237 1304 parrana
1260 1238 1385 1300 qnoque

302 1303 537 1380 Consistorium,
572 1297 605 1364 to*
629 1294 831 1385 χιιμερινόν,
855 1301 1004 1364 artemam
1036 1303 1171 1383 dictiun,
1201 1321 1310 1385 magno
1334 1304 1385 1363 vi-

303 1390 416 1454 cinum.
433 1410 466 1473 p.
488 1387 556 1452 136.
568 1388 613 1450 D.
822 1383 825 1386 ’

1363 1481 1382 1517 ο

387 1539 423 1604 C.
446 1561 475 1604 a.
496 1538 562 1628 [98,
577 1539 621 1628 1.]
650 1534 998 1618 θπατοικονοιστωρὼο.
1008 1537 1052 1599 Μ.
1062 1527 1177 1599 ὕπατοι
1196 1528 1385 1617 κονσιοτοᾶρι

302 1621 338 1686 id
363 1635 408 1684 est
429 1619 656 1708 novotoraiptov.
703 1627 803 1687 Habet
823 1627 904 1686 enim
922 1623 971 1683 hic
1000 1622 1139 1684 librarius
1159 1623 1192 1679 in
1221 1623 1306 1679 mone
1330 1640 1386 1700 po-

305 1710 415 1786 situm,
437 1710 602 1771 utvfinale
629 1714 766 1782 omittat,
804 1730 864 1791 epra
888 1708 928 1767 de
949 1727 983 1766 re
1011 1706 1073 1766 vid.
1091 1705 1130 1764 ad
1148 1725 1179 1784 p.
1198 1703 1270 1786 319.
1287 1702 1324 1761 C.
1347 1704 1382 1763 5.

304 1789 391 1851 Stant
410 1793 529 1876 Hypati
547 1797 761 1868 corwr'ston'wn,
785 1793 871 1852 idest
882 1789 1120 1874 congrediuntur
1140 1798 1172 1848 et
1196 1795 1334 1848 consuat
1350 1788 1383 1846 in

306 1873 540 1951 consisto-ium,
562 1898 614 1936 seu
635 1879 664 1936 in
689 1897 797 1956 corpus
811 1875 985 1934 consistens.

386 1957 421 2021 C.
441 1957 471 2036 4
495 1955 563 2041 [98,
578 1957 626 2040 a]
657 1950 814 2036 κιβώριον.
841 1957 934 2016 Nemo
950 1956 1001 2016 hie
1019 1953 1058 2016 de
1083 1953 1205 2015 Cibon'o
1227 1973 1313 2013 sacro
1332 1949 1386 2013 vel

303 2038 500 2100 ecclesiastico
531 2043 657 2122 cogitet,
679 2039 718 2099 de
745 2060 805 2121 quo
824 2037 1001 2120 plerumque
1022 2060 1058 2098 ea
1078 2060 1135 2098 vox
1151 2047 1315 2117 usurpatur
1321 2080 1331 2111 ,
1353 2045 1398 2094 et.

303 2122 352 2180 cui
378 2121 505 2182 debebat
528 2124 650 2204 propria
673 2143 736 2183 esse
764 2144 799 2182 ex
828 2125 963 2202 origine:
986 2121 1038 2181 sed
1070 2120 1245 2202 intelligitur
1276 2117 1325 2177 hic
1346 2111 1385 2177 τὰ

302 2195 452 2278 κιβώριον
471 2207 528 2264 τοῦ
545 2203 789 2286 κονοιστωριόυ,
811 2205 942 2271 thronus
954 2204 1115 2284 irnperialis
1145 2206 1178 2263 in
1202 2201 1386 2262 (anamodo

304 2285 361 2346 sub
378 2285 500 2346 Ciborio
513 2299 612 2364 stans,
635 2288 673 2354 ad
691 2308 783 2368 quem
806 2287 904 2348 tribus
918 2286 1061 2370 gradibus
1077 2286 1280 2368 porphyretici
1303 2304 1388 2342 mar-

304 2368 396 2429 moris
428 2370 655 2432 ascendebatur.
697 2371 753 2430 Est
768 2373 888 2452 proprie
905 2362 1052 2449 κιβώριον
1067 2370 1191 2450 originis
1221 2366 1391 2436 Hebraicae

305 2455 388 2534 n'Qtt}
401 2463 544 2535 notatque
563 2448 599 2513 τὸ
613 2449 803 2533 ἱλαστήριον,
816 2475 918 2514 arcam
948 2452 1092 2529 foederis,
1119 2451 1199 2533 apud
1224 2471 1316 2531 quam
1339 2470 1390 2508 ex·

288 2534 468 2617 'piabantur
497 2537 618 2614 ludaei,
656 2535 765 2596 deinde
790 2539 1008 2598 imitamentum
1041 2538 1104 2595 eius
1134 2545 1166 2594 et
1183 2534 1328 2593 successio
1353 2535 1389 2591 in

186 2657 194 2675 .
307 2618 437 2682 ecclesiis
463 2620 654 2697 Christianis,
682 2641 787 2702 pegma
820 2619 897 2680 illud
923 2630 1054 2701 quatuor
1073 2616 1220 2678 columnis
1247 2626 1391 2676 constans

307 2711 338 2762 et
355 2703 526 2780 suffultum,
550 2714 653 2785 tegens
675 2701 770 2763 altare
790 2703 846 2764 sub
873 2725 909 2763 eo
933 2703 1084 2783 positum,
1124 2711 1204 2760 tecto
1228 2700 1291 2760 sive
1311 2697 1391 2758 absi·

307 2781 398 2861 dato,
420 2787 567 2867 θολωνῷ,
588 2789 651 2849 sive
669 2787 872 2867 pyramidali,
891 2787 954 2847 sive
976 2786 1098 2845 tandem
1117 2783 1212 2865 plana
1240 2781 1393 2863 quadrun-

307 2863 416 2944 gulari.
456 2868 573 2926 Deinde
595 2889 668 2928 vero
682 2880 845 2950 propagato
863 2880 893 2929 et
908 2867 1050 2948 ampliato
1068 2889 1124 2928 usu
1138 2860 1285 2945 κιβώριον
1297 2885 1394 2924 omne

306 2943 383 3007 illud
409 2947 523 3008 dictum
544 2948 623 3026 fuit,
645 2951 727 3031 quod
753 2952 881 3012 enndem
907 2972 995 3011 usum
1017 2961 1200 3032 praestaret,
1222 2967 1311 3029 quem
1341 2949 1394 3006 Ci-

307 3026 428 3089 borium
445 3031 585 3091 tribunae
604 3044 738 3123 praestat
762 3032 867 3111 altari,
890 3033 922 3093 id
948 3034 1088 3116 estquod
1111 3031 1279 3115 suppositas
1301 3029 1396 3090 sellas

307 3111 482 3174 hominesve
500 3117 594 3195 tegit,
617 3126 647 3175 et
669 3115 709 3174 ab
723 3106 830 3198 illapsa
845 3116 1000 3177 radiorum
1022 3117 1109 3193 solis,
1130 3117 1296 3176 aliarumve
1311 3115 1400 3173 aeris

307 3196 486 3269 iniuriarum
505 3195 636 3273 tuetur,⁴
646 3198 869 3276 umbraculum,
892 3199 1109 3275 baldachinos,
1132 3200 1203 3259 item
1217 3197 1322 3256 lectica
1336 3217 1397 3277 ge-

308 3279 425 3340 statilis.
451 3279 583 3340 Glossae:
607 3280 784 3360 Βαοτέρνα,
804 3275 945 3362 κιβούριν
960 3279 995 3340 ἐκ
1018 3275 1137 3358 ξύλων,
1157 3271 1181 3368 ᾧ
1198 3276 1330 3358 ὀχοῦσιν
1356 3273 1398 3338 αῖ

211 3385 212 3395 ’
308 3361 475 3442 παρθένοι.
500 3364 574 3423 ltem
593 3373 762 3425 structurae
779 3364 847 3424 illae
876 3374 928 3423 aut
955 3375 1095 3424 arcuatae
1121 3367 1151 3423 in
1176 3382 1314 3431 summo,
1338 3372 1398 3420 aut

309 3443 343 3583 iCn
368 3465 497 3586 conplm,
519 3445 744 3528 pyramidemve
774 3459 978 3528 assurgentes,
1001 3468 1096 3543 super·
1109 3446 1263 3543 sepulcris.
1283 3445 1321 3504 V.
1338 3445 1397 3502 Du

308 3545 506 3668 stent.
522 3531 811 3695 vilifiiiifll
830 3529 1405 3693 {tttt's'tttl{tstlttfptttt

309 3687 413 3748 throni
430 3689 590 3752 Alexandri
616 3696 660 3752 M.
684 3694 765 3776 apud
790 3695 958 3755 Diodorum
985 3695 1077 3755 Sicul.
1096 3695 1131 3760 L.
1155 3695 1286 3769 xvlll,
1301 3703 1331 3754 et
1346 3713 1403 3752 res

309 3781 381 3830 nota
409 3783 460 3832 est.
502 3775 549 3833 De
567 3775 688 3838 ciboriis
713 3776 916 3838 ecclesiasticis
948 3774 1006 3838 hoc
1019 3779 1141 3855 addam,
1163 3777 1203 3838 ob
1223 3778 1403 3858 argumenti

310 3853 554 3934 similitudinem,
584 3880 669 3918 arcas
687 3867 732 3921 'et
764 3863 896 3920 ecclesias
917 3881 953 3920 ea
971 3859 1061 3921 fuisse
1080 3861 1169 3924 dicta.
1213 3861 1405 3943 Coopemwa

311 3939 426 4016 argerui
445 3936 490 4018 [id
506 3949 550 3998 est
564 3941 718 4024 argentea]
727 3965 829 4028 'arcae
841 3943 875 4002 S.
898 3943 1056 4026 Apollonii
1076 3954 1262 4004 memoratur
1284 3944 1317 4001 in
1331 3942 1407 4002 the·

311 4037 401 4076 sauro
416 4017 556 4082 ecclcsiae
577 4023 746 4086 Canusinae
774 4025 855 4108 apud
877 4027 1026 4087 Murator.
1047 4027 1084 4090 T.
1108 4027 1149 4086 V.
1173 4027 1247 4085 Rer.
1273 4023 1342 4088 lul.
1366 4047 1406 4106 p.

312 4097 383 4198 385.
421 4099 562 4164 Ademar.
579 4105 691 4171 Caban.
700 4108 792 4190 (apud
810 4111 861 4169 Du
872 4109 973 4190 Cange
985 4129 1015 4171 v.
1030 4108 1167 4168 Ecclesia
1185 4119 1215 4169 et
1229 4109 1404 4188 Mwaem.):

312 4179 375 4244 Ηιο
405 4189 565 4268 conpone
593 4211 681 4274 super
707 4193 804 4254 altam
840 4189 1007 4252 Servaton's
1033 4193 1184 4254 mearam
1210 4212 1254 4254 ex
1270 4209 1348 4254 αονο
1372 4205 1412 4253 ec
