2975 4892
240 271 297 337 so
326 254 550 338 oonsranr.
582 271 732 338 ronan.
765 276 819 336 na
855 272 1146 338 eminuas.
1180 243 1262 360 357

177 427 325 511 pomulos
338 439 368 490 et
381 428 488 490 horrui
508 427 649 490 robustos
669 432 792 491 iuvenes
811 429 942 512 pelliceis
961 429 1101 509 indutos,
1123 443 1265 496 cornutos

180 516 215 572 in
234 512 356 592 fronte,
374 511 478 572 vultus
497 511 623 594 fuligine
643 523 777 587 atratos,
800 515 880 574 intra
898 513 1001 575 dentes
1021 514 1165 576 carbones
1180 518 1266 578 vivos

178 605 335 669 tenentes,
357 617 434 676 qums
447 597 634 675 reciprocato
647 597 755 676 spiritu
773 595 966 673 animabant,
987 607 1017 658 et
1030 597 1167 658 scintillis
1188 620 1265 679 qua-

224 699 366 738 sversum
380 680 491 762 sparsis
507 681 607 758 ignem
625 679 710 758 quasi
726 680 902 752 vomebant,
927 701 996 739 cum
1007 683 1099 740 saccis
1117 683 1265 741 cursitan-

179 699 250 839 ich,
272 763 305 820 in
326 782 402 842 quos
430 761 540 823 abdere
558 762 702 842 puerulos
728 774 920 823 occursantes
946 761 1185 836 minitabantur,
1210 783 1264 846 ap·

176 845 279 926 pensis
301 844 448 925 cymbalis
468 856 498 905 et
512 845 617 904 insano
638 843 768 905 clamore
782 845 953 906 frementes.
976 847 1079 906 Medio
1099 847 1265 908 aevoidem

181 925 367 1006 obtinuisse,
389 935 472 1010 patet
494 947 529 993 er
546 927 597 986 Du
616 927 679 986 Can
736 926 836 990 Gloss.
853 930 922 988 tat.
939 949 972 988 v.
993 928 1121 988 &inula
1144 940 1174 988 et
1200 931 1264 992 Iot-

179 1011 234 1070 tr‘es‘
256 1008 369 1090 (idest
385 1011 453 1070 ludi
473 1010 603 1087 Gothz'er')
625 1020 655 1069 et
670 949 828 1072 ddkndae
849 1021 880 1072 et
903 1011 939 1072 V
933 1011 1012 1071 etula
1019 1032 1032 1086 ‚·
1061 1012 1142 1071 unde
1162 1010 1265 1074 locum

177 1095 304 1152 unicum
324 1092 428 1153 eVita
442 1092 474 1152 S.
490 1090 580 1174 Eligii
593 1091 763 1154 adscribam
786 1095 824 1153 L.
841 1095 883 1154 11.
898 1113 925 1154 c.
945 1091 1013 1155 15.:
1035 1095 1132 1154 nzdlus
1153 1096 1186 1154 in
1204 1095 1264 1156 Ca·

179 1175 277 1236 lendis
294 1176 448 1237 Ianuariis
470 1176 601 1254 nefanda
629 1191 658 1235 et
683 1178 864 1250 ridiculosa,
886 1178 1019 1251 vetulas,
1035 1189 1087 1236 aret
1106 1179 1260 1256 cervulos,

178 1271 232 1318 oat
250 1261 362 1319 ιὀιίίοω
369 1260 486 1338 faciat.
532 1259 648 1318 Mimici
672 1259 716 1319 illi
733 1260 894 1320 daemones
914 1259 1013 1320 medio
1039 1280 1114 1320 aevo
1127 1262 1264 1341 sugilla-

176 1353 255 1400 tores
277 1341 520 1424 appellabantur,
542 1343 667 1422 afogo,
694 1342 724 1401 id
746 1354 791 1402 est
801 1345 900 1422 foco,
926 1363 979 1403 seu
1001 1345 1012 1402 i
1054 1363 1080 1402 e.
1122 1343 1261 1425 Ugutio:

176 1424 324 1504 Fagillas,
334 1427 479 1503 femon,
520 1446 558 1484 uo
571 1425 741 1486 extrahitur
759 1427 836 1506 ι’ςηίε
854 1426 893 1486 de
907 1439 995 1508 petra
1013 1363 1177 1506 {dignificat
1198 1426 1263 1488 sili-

177 1505 271 1587 eeml.
318 1507 405 1569 Unde
412 1449 583 1588 sugillare,
600 1509 697 1587 ignem
712 1509 751 1568 de
775 1520 862 1592 petra
881 1509 998 1588 fitgt'llo
1032 1511 1209 1584 extrahere,
1235 1523 1265 1570 et

161 1589 342 1670 sugillator.
386 1591 432 1650 Et
452 1595 521 1651 hinc
536 1613 595 1674 per
605 1590 747 1674 figrtram
767 1592 960 1671 fiegt'llatores
984 1590 1122 1650 dictentur
1142 1593 1262 1652 nmbrae

175 1671 373 1746 damianum
396 1676 450 1754 qui
468 1677 565 1755 ignem
570 1675 693 1752 seram.
734 1673 807 1734 Non
823 1672 897 1733 alios
917 1673 1063 1753 designat,
1083 1693 1175 1754 quam
1194 1673 1262 1736 illos

170 1766 297 1816 nostms
311 1755 422 1816 milites
438 1757 597 1817 Robertos.
641 1756 762 1816 Debent
778 1758 858 1816 enim
877 1777 911 1816 ex
934 1757 1070 1826 instituto
1099 1765 1128 1814 et
1154 1754 1263 1818 volunt

175 1837 316 1899 diabolos
338 1841 509 1901 incarnatos
529 1850 775 1920 repraesentare,
807 1838 982 1899 et-historia
1002 1838 1131 1918 Turpini
1155 1859 1184 1898 c.
1212 1837 1259 1899 18.

176 1941 230 1980 eos
250 1923 355 1982 larvas
372 1922 529 1995 barim,
548 1935 705 1995 corrodas,
726 1921 916 1982 damonibus
935 1921 1098 1982 consimiles
1118 1912 1260 2001 a'ppellat.

174 2004 333 2065 Putabant
353 2025 462 2086 nempe
487 2006 594 2066 Graeci
615 2005 774 2086 Latinique
803 2003 903 2066 medio
929 2023 1027 2079 aevo,
1049 2003 1171 2064 octiduo
1193 2015 1263 2086 post

175 2089 365 2148 nativitatem
382 2088 495 2149 Christi
524 2087 660 2148 diabolos
679 2109 734 2168 per
755 2087 860 2147 orbern
877 2091 1027 2147 terrarum
1044 2088 1262 2168 circumvagari

174 2179 208 2228 et
221 2191 240 2230 a
262 2170 397 2244 Christo,
416 2171 455 2230 ad
471 2170 685 2231 destruendum
695 2169 809 2232 diaboli
827 2192 953 2253 regnum
968 2163 1156 2244 adveniente,
1176 2170 1263 2252 suga-

175 2262 224 2314 tos
245 2254 421 2336 abitumque
439 2265 601 2335 parantes,
632 2254 684 2314 sed
706 2254 818 2314 invitos
841 2265 871 2314 et
887 2255 990 2314 anxios
1008 2273 1063 2334 per
1086 2251 1198 2332 plateas
1226 2254 1259 2314 in

178 2346 246 2396 aua
272 2347 302 2396 et
316 2338 466 2419 ignivoma
485 2339 583 2418 specie
601 2337 861 2398 circumcursitare
889 2347 918 2396 et
941 2346 1132 2396 occurrentes
1152 2338 1260 2396 misere

176 2417 331 2496 mulcere,
346 2423 546 2503 praesertim,
568 2419 653 2480 rabie
671 2423 702 2480 in
720 2419 865 2501 parvulos
880 2420 920 2480 ob
933 2417 1095 2499 parvulum
1105 2417 1259 2478 Christum

173 2513 343 2584 concepta,
382 2503 439 2564 hos
473 2506 607 2584 arripere
637 2513 667 2562 et
701 2513 856 2584 torquere.
908 2500 1000 2561 Unde
1031 2511 1102 2560 nata
1133 2523 1258 2582 persua-

177 2587 243 2662 sio,
262 2586 392 2647 infantes
417 2588 498 2648 circa
516 2588 547 2646 id
566 2587 709 2666 temporis
733 2607 796 2646 nou
821 2585 905 2644 nasci
923 2586 982 2644 nisi
1009 2582 1181 2663 epilepticos
1206 2595 1260 2644 aut

172 2669 329 2729 maniacus
358 2677 389 2729 et
419 2669 459 2729 ad
497 2667 576 2729 male
599 2669 750 2749 agendum
777 2666 912 2748 aliosque
943 2665 1114 2726 vexandum
1143 2665 1258 2743 iactos3

171 2751 240 2812 vid.
256 2753 307 2811 Du
319 2754 423 2834 Gange
435 2773 467 2811 v.
485 2745 774 2828 Καλλικαντζάρος.
798 2752 883 2809 Anus
901 2748 1034 2832 profecto
1048 2758 1168 2808 nostrae
1183 2747 1260 2815 du07

174 2835 297 2913 decim,
317 2845 354 2894 ut
380 2835 473 2915 vulgo
496 2833 665 2916 appellant,
703 2831 842 2894 noctibus
872 2853 959 2913 aegre
992 2830 1142 2911 prodeunt
1176 2841 1260 2891 extra

175 2916 288 2996 limen,
309 2939 408 2999 neque
426 2921 530 2978 sinunt
560 2918 725 2999 quidquam
745 2938 779 2978 su
802 2913 938 2977 ellectilis
955 2913 1257 2994 domesticaeefferri,

171 3020 273 3082 neque
296 3001 364 3061 aliis
385 3001 578 3063 commodant
611 3010 642 3060 et
679 2937 814 3080 parvulis
838 2999 890 3059 illo
915 2997 1042 3058 maxime
1059 3007 1194 3078 tempore
1209 3018 1258 3058 se-

174 3081 250 3144 dulo
265 3094 384 3145 cavent.
427 3086 568 3162 Quorum
587 3084 723 3143 omnium
743 3084 950 3144 institutorum
978 3079 1112 3224 exempla
1133 3101 1150 3140 e
1170 3090 1257 3140 vetu-
1297 3087 1300 3094 ’

173 3167 320 3226 stioribus
337 3167 524 3248 temporibus
543 3167 636 3248 petita
657 3165 751 3226 habes
772 3165 852 3248 apud
871 3167 924 3226 Du
936 3165 1039 3246 Gange
1070 3163 1092 3226 l.
1116 3183 1161 3226 cc.
1196 3163 1257 3222 Su-

172 3251 313 3330 perstitio
329 3255 433 3332 itaque
452 3249 591 3332 religioni
614 3251 791 3329 imputavit,
813 3249 896 3332 quod
910 3259 1041 3328 poturae
1054 3256 1131 3308 erat.
1173 3245 1255 3306 Hor-

171 3333 258 3393 sidae
278 3345 349 3394 sunt
370 3355 424 3416 per
442 3353 475 3394 se
494 3331 602 3414 longae
621 3343 704 3392 atrae
722 3343 826 3394 noctes
847 3330 1012 3405 hibernae,
1034 3350 1089 3410 per
1110 3348 1185 3408 quas
1202 3337 1255 3388 aut

170 3415 344 3497 petulantes
364 3419 488 3477 iuvenes
508 3425 705 3476 eomessatum
720 3435 843 3476 currere
863 3435 933 3474 cum
952 3411 1059 3474 faculis
1080 3421 1140 3470 tem
1182 3413 1208 3469 ri
1224 3421 1255 3472 et

171 3501 305 3559 moerori
325 3494 457 3560 fallendo
477 3497 595 3572 solent,
631 3508 686 3558 aut
705 3497 789 3559 lares
807 3497 920 3578 aliique
939 3491 1066 3558 malefici
1093 3431 1255 3554 sceldibus

211 3582 379 3663 rpemandis
408 3593 616 3664 opportunum
649 3591 769 3663 tempus
800 3580 939 3642 tenebras
968 3578 1056 3638 nacti
1082 3575 1251 3658 invigilant.

170 3602 289 3725 pamm
316 3686 379 3725 non
406 3687 425 3726 a
453 3665 630 3726 Christianis
651 3675 819 3726 manarunt
832 3663 866 3722 hi
886 3681 1026 3722 errores„
1057 3661 1179 3721 Graecis
1187 3659 1253 3722 „de-

168 3745 294 3824 beatur,
311 3769 442 3830 quonam
452 3749 692 3830 superstitiones,
715 3747 808 3824 idola,
830 3745 915 3806 mimi
929 3757 960 3806 et
971 3760 1112 3827 perversa
1126 3743 1253 3824 dogma-

170 3841 223 3908 ta,
252 3835 397 3912 quoniam
429 3831 517 3892 evelli
549 3853 566 3891 e
593 3831 745 3892 mentibus
764 3829 923 3890 hominum
936 3849 997 3889 non
1010 3837 1161 3908 poterant,
1198 3847 1253 3890 uos
1354 3905 1355 3908 Ἴ

172 3914 291 3996 antiqui
318 3913 459 3975 molesios
484 3925 585 3995 patres
611 3935 667 3994 pro
694 3933 752 3975 suo
781 3922 868 3974 coetu
899 3923 930 3973 et
950 3911 1126 3972 Christianis
1147 3847 1254 3970 hdberi

172 3996 357 4076 cupiebant,
380 4008 531 4058 asservata
559 3997 701 4072 fuerunt,
731 3995 881 4077 hodieque
901 4015 1039 4077 magnam
1059 4005 1175 4076 partem
1196 4013 1253 4052 no-

170 4090 251 4140 strae
270 4079 424 4162 religionis
452 4083 656 4154 martimum,
683 4078 766 4160 quod
787 4076 956 4160 exemplum
986 4099 1041 4160 pro
1074 4099 1106 4138 se
1126 4073 1254 4155 allegare

170 4172 332 4244 poterant,
355 4165 410 4247 qui
429 4183 539 4224 novam
560 4161 736 4245 religionem
755 4163 787 4222 in
808 4159 907 4226 China
925 4183 945 4224 e
964 4161 1134 4224 Christiana
1149 4169 1178 4220 ot
1190 4157 1252 4218 'l'a-
