2975 4892
311 279 396 363 622
546 305 601 369 10.
633 305 713 371 mc.
741 308 887 371 nnrsnu
915 305 1196 372 communen

316 469 348 524 et
366 461 494 523 alterum
518 458 701 525 ἐπανελθών
720 485 775 547 pro
793 458 1039 544 ἐπανελθόντοςς
1061 461 1155 527 nolim
1168 473 1264 524 temen
1275 461 1308 522 de
1320 481 1369 522 non

315 546 445 608 admisso
466 545 599 626 quodam
621 545 736 609 librarii
757 559 879 630 peccato
899 569 1016 609 cavere.

378 631 452 704 514.
465 631 501 687 C.
520 651 545 688 1.
563 627 648 712 [544.
672 633 733 714 19]
755 625 916 708 μυστικὸς.
957 631 1104 691 Fueritne
1123 627 1275 710 peculiaris
1292 627 1371 688 aulica

316 713 446 792 dignitas
468 712 608 794 Mystici,
631 735 670 772 nn
690 713 857 794 appellatus
880 715 922 773 sic
943 734 961 772 e
993 713 1085 796 vulgo
1106 725 1136 773 et
1156 711 1313 787 historicis,
1329 713 1371 792 qui

317 799 431 855 amicus
461 795 653 877 imperatoris
679 794 856 856 familiarior
889 805 987 874 esset,
1014 796 1165 857 interioris
1192 795 1372 870 admissionis,

315 900 381 939 non
401 879 485 938 novi.
528 877 605 938 Satis
624 877 797 960 frequenter
821 891 1006 940 memoratur
1034 878 1237 961 scriptoribus
1255 877 1373 959 Byzanti-

314 963 374 1022 nis.
418 959 512 1041 Apud
533 962 664 1021 Leonem
685 964 855 1023 Grammat.
869 983 901 1043 p.
923 961 996 1041 480.
1012 963 1052 1022 Ι).
1068 985 1137 1044 pen.
1158 961 1280 1022 retinuit
1295 959 1372 1020 Goar.

314 1065 421 1105 vocem
453 1045 599 1104 Graecam
631 1047 777 1126 Mysticus
805 1047 836 1105 in
865 1047 1005 1122 Latinis,
1037 1045 1076 1105 ed
1107 1043 1278 1105 Gedrenum
1316 1059 1374 1102 vere

313 1149 349 1210 p.
364 1127 436 1209 599.
450 1127 493 1186 A.
516 1123 672 1208 adscripsit
690 1131 724 1188 in
752 1129 912 1209 margine,
945 1141 1110 1188 senatorem
1137 1128 1295 1188 seer-etloris
1319 1143 1375 1186 con·

314 1211 379 1271 silr'i
401 1231 475 1270 esse.
539 1210 628 1270 Conf.
654 1211 762 1292 Soript.
822 1224 848 1271 st
868 1210 1046 1293 Theophan.
1067 1229 1099 1312 p.
1114 1207 1187 1288 1114.
1204 1209 1241 1270 C.
1255 1209 1286 1272 6.
1309 1218 1378 1288 etp.

315 1295 387 1354 251.
403 1292 458 1369 G.,
478 1290 532 1351 ubi
555 1305 739 1354 memoratur
759 1297 868 1376 niquis
900 1290 916 1352 ὁ
946 1313 1101 1370 μυστικος
1132 1289 1191 1352 καὶ
1218 1290 1377 1372 παροδικο-

315 1371 447 1437 στεύων.
492 1375 607 1436 Ibidem
627 1397 660 1458 p.
678 1376 750 1460 276.
767 1377 807 1438 D.
820 1377 953 1437 occurrit
971 1375 1080 1458 aliquis
1098 1370 1251 1456 prectrude
1270 1370 1319 1434 soi
1334 1393 1378 1432 κα-

313 1451 452 1539 θηγητὴς
470 1457 534 1518 τοῖν
553 1454 750 1541 φιλοσόφων.
792 1459 952 1544 *Uonones
970 1458 1111 1520 Nicolaus
1130 1461 1304 1542 cognomine
1323 1455 1378 1537 uy-

314 1541 407 1602 sticus
426 1543 559 1601 occurrit
578 1545 609 1602 in
631 1543 701 1602 end.
722 1541 866 1604 Lambec.
891 1541 984 1602 iurid.
1007 1541 1165 1626 77.1.Ιι.
1189 1539 1292 1624 V11.]*
1311 1535 1378 1599 soni

299 1682 301 1685 .
315 1624 369 1684 Du
383 1623 485 1706 Gange
505 1643 536 1683 v.
557 1618 726 1697 Μυστικός
751 1635 781 1685 et
800 1625 930 1686 Misu'w.
1086 1662 1088 1670 =

400 1706 435 1766 C.
453 1730 484 1790 7.
500 1705 589 1790 [545,
606 1705 655 1789 5.]
675 1707 934 1789 δημηγοροῦντος.
978 1707 1026 1769 De
1047 1707 1106 1768 hac
1128 1705 1247 1770 solenni
1266 1703 1380 1765 orao'one

318 1787 380 1853 vid,
400 1788 512 1850 dictata
530 1792 669 1870 superius
689 1791 729 1852 ad
752 1811 784 1872 p.
802 1813 852 1873 91.

401 1874 441 1934 D.
458 1875 485 1934 3.
502 1871 590 1956 [545,
604 1871 650 1954 8.]
680 1875 737 1952 τῆς
768 1871 931 1953 βασιλικῆς
959 1873 1154 1952 περιουσίας.
1205 1871 1330 1949 Quinam
1356 1863 1380 1924 bi

320 1956 401 2034 sint,
425 1977 487 2016 non
507 1966 630 2036 erpnto.
672 1956 794 2015 Debent
824 1955 861 2016 de
882 1966 1086 2040 protectorum
1107 1975 1218 2036 genere
1238 1974 1313 2024 esse,
1333 1949 1381 2010 sive

318 2037 460 2098 scholarii
479 2041 540 2098 inm
561 2041 642 2114 sint,
664 2039 728 2098 sive
749 2039 877 2120 Barangi
893 2033 987 2112 ,sive
1006 2037 1045 2096 dc
1070 2036 1129 2100 elio
1152 2055 1329 2118 quocunque
1344 2051 1381 2113 ge-

319 2141 408 2198 nere,
429 2142 505 2202 quos
526 2123 693 2202 imperator
713 2118 835 2202 etegerit
856 2123 913 2183 sibi
943 2131 1101 2204 perpetuos
1130 2123 1257 2180 comites
1281 2113 1381 2178 seutiie·
1411 2111 1414 2122 '

317 2223 392 2278 roe,
414 2206 468 2286 qni
488 2203 567 2262 circa
585 2224 617 2262 se
637 2204 716 2280 sint,
747 2225 928 2345 ‹puocnnqne
956 2215 1016 2264 eat.
1061 2205 1140 2264 Hinc
1172 2197 1250 2272 λοιὸς
1276 2191 1381 2278 περιού-

317 2305 388 2356 σιος
407 2297 452 2347 est
482 2284 588 2344 militia
608 2306 697 2364 care,
718 2285 833 2347 deceta
853 2299 883 2346 et
912 2287 1038 2359 dilecta,
1071 2285 1182 2346 militia
1208 2284 1263 2364 τῆς
1279 2297 1382 2363 περιου-

319 2367 404 2443 σίας,
426 2367 536 2452 peculii
556 2388 609 2428 scu
630 2368 811 2450 peculiaris;
834 2369 896 2430 vid.
918 2369 1096 2450 Theophan.
1125 2390 1157 2450 p.
1177 2367 1247 2432 305.
1267 2365 1315 2436 G.,
1341 2359 1382 2428 ulfi

320 2452 363 2509 nit
389 2453 428 2512 de
451 2454 617 2511 Iustiniano
645 2452 864 2513 Rhinotmeto:
899 2446 1088 2532 ἐστράτευσε
1112 2447 1266 2529 χιλιάδας
1294 2443 1317 2507 λ’
1342 2437 1385 2504 καί

321 2529 455 2606 ὁπλίσας
475 2529 593 2606 adroic
612 2530 818 2611 ἐπωνόμασεν
839 2528 955 2603 edredo
976 2529 1054 2596 λαὸν
1074 2529 1271 2614 περιούσιον.

384 2619 457 2683 515.
471 2619 511 2682 A.
531 2638 577 2677 ιο.
594 2615 682 2701 [545,
697 2615 768 2700 am]
788 2615 905 2701 ἐκνικᾷ.
929 2617 978 2678 Sic
991 2618 1111 2700 reposui
1125 2612 1188 2698 pio
1204 2612 1291 2696 ἡνίκα
1306 2625 1384 2672 ment·

319 2699 486 2761 branarum
507 2700 646 2761 lectione.

405 2786 443 2847 A.
459 2805 507 2843 12.
522 2782 612 2866 [546,
628 2779 672 2865 m]
702 2777 778 2856 τούς
799 2778 984 2864 α’σιιιρήτοις.
1029 2779 1078 2842 llli
1107 2799 1220 2862 nempe
1247 2776 1383 2858 tachygn·

320 2867 418 2949 phicis
437 2869 518 2928 notis
549 2869 682 2948 excipere
709 2864 861 2926 debebant
883 2885 1052 2926 sermonem
1072 2863 1111 2924 ab
1132 2864 1314 2948 Imperatore
1330 2875 1384 2940 pro·

294 2983 303 2994 ·
320 2954 495 3011 nuntiatum
511 2947 606 3028 ,vid
628 2945 720 3030 paulo
741 2960 809 3030 post
829 2949 864 3008 B.
887 2949 919 3008 3.

404 3029 683 3112 0.11.[547,1.]
709 3025 796 3111 ποιή.
840 3033 885 3090 lta
916 3015 1011 3091 exstai
1039 3033 1071 3090 in
1102 3029 1296 3091 membranis.
1327 3021 1384 3119 Ι1]οΠ

322 3115 430 3176 dubito
458 3115 490 3174 id
522 3113 735 3194 compendium
765 3133 828 3174 esse
860 3113 1009 3174 formulae
1029 3115 1179 3174 usitatae:
1203 3115 1384 3187 πολοχρονιῠν

321 3196 444 3277 ποιήσει
466 3194 483 3256 ὁ
504 3191 580 3267 θεὸς
600 3190 657 3274 τήν
669 3195 833 3272 βασιλείαν
848 3193 948 3273 ὑμῶν.
973 3196 1092 3258 Auctor
1106 3189 1384 3278 apographi,1)nu·

287 3281 289 3288 '
321 3282 406 3358 dius,
428 3279 551 3351 dederat
571 3277 703 3358 ποιήμοι.
748 3279 784 3337 111
805 3281 920 3341 Latinis
942 3278 1011 3338 dedi
1032 3278 1171 3360 aliquid,
1204 3275 1283 3358 quod
1301 3271 1383 3343 ἐταμ-

323 3362 502 3446 φοτιρῖζει,
526 3373 556 3423 et
576 3359 660 3421 iiiam
680 3360 772 3420 simul
795 3373 884 3444 etque
909 3359 989 3421 hanc
1010 3365 1220 3422 coniecturali
1240 3352 1369 3439 exprimit·

332 3488 336 3496 -
385 3449 456 3530 317.
472 3445 512 3507 A.
530 3465 574 3506 10.
591 3442 680 3527 [549
697 3443 748 3526 8.]
763 3437 971 3524 προσκύνησιν
986 3439 1122 3506 πάντων.
1142 3443 1298 3503 Dominica
1316 3432 1385 3524 tertia

321 3530 566 3612 quadragesimae
578 3549 630 3588 seu
644 3529 745 3586 ieiunii
760 3524 1036 3610 quadragesimalis,
1048 3527 1131 3608 quod
1143 3525 1272 3607 incipite
1284 3517 1384 3580 domim·

324 3631 359 3670 ee
374 3613 581 3672 Ortbodoxiae
599 3611 696 3688 dicta,
719 3611 843 3670 Graccis
861 3608 1030 3690 appellatur
1060 3597 1385 3690 σταυροπροσκὺνρσῑξι

323 3694 396 3768 (vid.
418 3695 469 3754 Du
490 3696 591 3776 Gange
610 3694 645 3753 h.
666 3695 730 3770 v.,)
753 3702 783 3752 et
800 3686 934 3771 κυριακι]
973 3691 1031 3770 τῆς
1062 3687 1310 3773 προσκυνήσεως,
1329 3697 1384 3760 (1⁰¹³

321 3776 431 3836 Gracci
455 3788 529 3837 tunc
556 3777 742 3858 propositum
772 3774 892 3855 publice
912 3777 943 3834 in
973 3773 1104 3834 ecclesiis
1132 3793 1253 3834 erucem
1271 3768 1385 3828 adoraui·

391 3859 462 3921 518.
478 3860 518 3918 A.
530 3882 600 3941 pcn.
617 3858 708 3943 [551‚
724 3856 766 3939 2.]
790 3851 970 3918 λούσασθαι
996 3854 1030 3915 ἑν
1062 3853 1270 3936 Βλαχὲρνοις.
1302 3846 1385 3907 Habe-

319 3943 398 4005 bant
417 3943 618 4024 Imperatores
643 3943 751 4002 Graeci
776 3938 920 4000 balneum
939 3939 1138 3999 domesticum
1160 3949 1190 3999 et
1215 3929 1313 4029 procul
1341 3925 1386 3984 du·

321 4026 374 4086 bio
396 4024 486 4106 plura
520 4026 550 4083 in
571 4045 682 4106 magno
701 4021 839 4106 palatio,
877 4043 956 4103 qnae
1027 4021 1119 4081 otidie
1147 4032 1200 4080 ant
1213 4019 1324 4097 saepius
1341 4025 1385 4089 ps⁰

321 4129 408 4168 more
428 4109 514 4168 istius
536 4109 667 4167 nationis
688 4107 926 4188 frequentarent.
971 4043 1189 4165 tiiiehmnense
1215 4103 1301 4184 igitur
1325 4087 1385 4152 jlhd

328 4190 541 4254 tantummodo
574 4193 763 4258 ceremoniae
797 4209 912 4264 causa,
949 4207 984 4248 ex
1017 4197 1118 4250 vetere
1136 4189 1213 4259 ritu,
1244 4175 1327 4244 semel
1345 4191 1388 4255 pff
