2975 4892
146 393 202 464 tu
230 398 454 482 consume.
482 399 631 466 romu.
658 401 715 468 nr
739 399 879 470 cuam.
907 401 985 470 uu.
1011 405 1039 466 1.
1075 373 1160 477 343

169 553 205 614 C.
220 555 250 620 3.
262 551 352 638 [359,
368 551 433 636 nu]
445 541 548 630 denso
568 547 604 614 sti
622 543 760 614 intrude.
799 551 847 615 Ex
867 551 934 614 aliis
946 573 1065 638 quoque
1075 554 1161 636 loeis,

90 633 122 694 in
139 636 250 716 quibus
269 631 305 697 sti
322 631 427 718 βωτρν
447 629 652 714 πεζοδρόμιω
665 645 859 711 memoratur,
882 647 917 696 ut
930 657 965 698 ex
979 635 1037 698 boe
1045 650 1162 720 nostro,

13 720 14 800 ,
92 715 240 800 colligitur
268 721 301 778 iu
331 729 403 780 voto
429 739 482 780 seu
517 719 595 782 votis
632 716 710 780 ludis
746 737 837 780 mrsu
856 717 986 802 pedestri
1006 731 1124 784 uatum
1142 745 1163 786 a

13 817 14 842 ¹
90 801 262 860 cursoribus
283 801 372 864 fuisse
392 811 547 862 certatum.

167 883 204 944 C.
221 903 252 966 9.
265 881 353 966 [360,
367 882 416 966 6:]
438 882 578 961 liyomee
598 877 754 944 σκωπτικᾶ
774 876 852 962 πρὸς
878 877 1042 964 ἄλλήλονς.
1082 887 1165 950 Con·

91 965 175 1030 viciis
195 977 227 1044 et
247 969 402 1046 sarcasmis
422 965 528 1029 obvios
548 963 708 1046 impetendi
736 964 857 1026 licentia
886 968 919 1026 in
946 967 1005 1030 boe
1023 981 1164 1034 votorum

90 1044 158 1108 ludo
174 1048 317 1120 trahebat
343 1050 488 1132 oriff'nem
518 1069 540 1110 a
553 1046 847 1112 seusu-ubertate
874 1051 1016 1131 cimensi,
1044 1054 1083 1116 de
1104 1074 1166 1138 φη

13 1165 14 1208 ,
91 1131 151 1190 tid.
174 1130 308 1192 Salmas.
336 1132 373 1192 ad
403 1131 469 1192 Sor.
495 1131 535 1192 ll.
560 1129 601 1191 A.
618 1129 732 1212 p.848.
777 1132 845 1192 lllos
871 1129 923 1193 ille
950 1141 1161 1200 scommatain

12 1216 14 1235 '
90 1230 242 1296 qumque
261 1213 394 1278 iactandi
411 1215 532 1296 impune
550 1223 581 1276 et
599 1233 716 1274 summa
734 1234 804 1274 cnut
821 1214 962 1294 licentia,
986 1219 1121 1282 meavit
1142 1243 1162 1282 a

89 1298 213 1376 satyris,
244 1296 325 1359 ludis
341 1297 544 1375 Graecorum,
563 1295 644 1356 unde
667 1305 785 1377 satyrae
801 1317 922 1379 quoque
945 1321 1000 1360 seu
1029 1305 1219 1374 carminum
1239 1319 1270 1374 ι.
1289 1319 1339 1380 10⁸

90 1379 306 1443 oonnrmeliosa
319 1398 429 1440 nomen
451 1377 642 1463 babuerunt,
662 1379 733 1438 item
754 1399 773 1438 a
793 1379 873 1441 nobs
893 1377 955 1442 illis
971 1381 1165 1448 Atheniensi-

91 1467 396 1543 umycpeouroptoi'c.
439 1463 551 1524 Romae
572 1481 692 1543 quoque
711 1461 744 1522 iu
763 1463 999 1543 processionibus
1021 1463 1164 1532 ludorum

90 1546 276 1621 votivorum,
299 1547 371 1606 item
389 1543 636 1626 triumphalibus,
656 1563 711 1604 neo
736 1563 800 1604 non
826 1546 1060 1628 exsequialibus,
1081 1562 1164 1634 saty.

91 1627 235 1691 mnam
252 1623 377 1705 moros,
398 1622 478 1704 μετὰ
490 1627 545 1708 τῆς
565 1617 715 1708 κερτόμου
742 1621 799 1686 uni
817 1626 1015 1708 τωθαστικῆς
1034 1632 1166 1705 παιδιᾶς

90 1707 229 1787 adstiisse,
252 1709 339 1770 docet
350 1711 514 1792 Dionysius
529 1707 728 1776 Halicarnaso.
740 1707 816 1770 Aut.
832 1707 921 1775 Rom.
933 1709 1048 1772 LVll.
1058 1713 1164 1798 pipp,

90 1790 218 1872 ckm'li,
236 1793 343 1877 insigni
356 1793 435 1873 loco,
456 1810 546 1876 quem
560 1789 722 1854 loctmibus
734 1791 924 1874 commendo.
950 1793 1033 1856 ldem
1054 1795 1166 1858 sactum

91 1876 132 1934 ait
158 1875 353 1938 Hemuunus
383 1877 408 1935 l.
444 1896 489 1949 to.
519 1873 551 1934 in
579 1871 807 1938 matronalibus.
846 1875 908 1935 Dio
932 1875 1166 1959 chrysostomus

92 1957 246 2029 oratione,
266 1955 469 2022 Ale'xandrina
482 1957 561 2035 dieta
574 1957 614 2018 de
627 1959 674 2030 iis,
696 1955 735 2016 ad
750 1975 826 2054 quos
845 1977 912 2018 eam
927 1957 1012 2038 dixit,
1033 1962 1166 2044 ipsorum

91 2038 305 2100 smrrilitalem
328 2049 360 2102 et
383 2039 578 2124 petulantiam
602 2043 733 2122 graviter
758 2049 907 2120 increpat,
942 2061 1003 2122 qua
1033 2064 1168 2107 summos

93 2143 229 2202 quosque
249 2126 332 2184 viros
348 2133 380 2187 et
398 2125 570 2188 innoeentes
589 2121 707 2204 probris
738 2122 859 2204 ingestis
878 2122 1042 2184 foedabant
1064 2135 1095 2190 et
1113 2147 1167 2188 ve·

92 2204 214 2266 xabmt.
258 2203 449 2288 Lampridius
477 2209 510 2266 in
530 2205 593 2264 vita
613 2201 775 2266 Alexandri
797 2204 900 2265 Severi
931 2227 998 2290 pag.
1023 2228 1093 2290 9⁰9·
1109 2209 1166 2281 ult,

94 2288 126 2346 iu
151 2285 357 2356 ¹Aritioehenis
388 2299 419 2349 et
447 2288 604 2373 Aegyptiis
624 2307 675 2348 seu
696 2285 906 2350 Alexandrinis
925 2301 1046 2352 utrem
1062 2303 1166 2354 notam
1287 2295 1292 2304 ’

91 2379 178 2432 notat
205 2373 340 2451 ipsorum
366 2392 482 2432 morem
502 2386 628 2455 tempore
643 2371 745 2450 serto,
778 2381 854 2448 aut,
882 2381 919 2435 ut
937 2370 1168 2438 Salmasius'ait

51 2468 54 2478 ’
91 2453 124 2512 in
143 2453 330 2514 membranis
349 2453 494 2516 Palatinis
514 2455 679 2534 reperisse,
705 2467 853 2537 temperas
863 2455 1000 2534 stratae,
1022 2459 1168 2520 conviciis

92 2535 140 2595 rel
164 2540 247 2618 ipsos
268 2533 492 2617 imperatores,
522 2535 635 2595 nedum
659 2533 754 2613 alios,
784 2533 958 2598 lacessendi.
996 2539 1097 2598 Loem
1118 2540 1169 2604 bio

91 2629 154 2680 est:
195 2619 324 2680 Volebat
345 2620 446 2680 videri
469 2621 612 2700 originem
635 2616 672 2678 de
696 2619 897 2678 domnorum
923 2633 1006 2699 gatte
1030 2622 1169 2702 eutem,

92 2705 165 2784 quio
179 2723 248 2788 erpo
264 2701 394 2784 pudebat
411 2703 520 2782 Symun
538 2701 600 2762 dici
609 2743 619 2774 ‚
639 2702 775 2762 maxime
790 2701 872 2784 qrcod
885 2703 1014 2785 quodam
1039 2716 1171 2786 tempore

78 2785 188 2864 stato,
204 2797 236 2844 ut
251 2785 342 2844 solem
347 2783 551 2846 Antiochenses
565 2795 595 2843 et
608 2781 751 2864 Aegvptii
764 2805 815 2842 sert
822 2778 1035 2860 Alexandrini,
1052 2785 1171 2844 lacessi·

92 2873 204 2928 oerarrt
227 2883 295 2928 eun
313 2869 501 2942 conviviolis,
530 2865 641 2946 Syr-run
669 2867 936 2946 molusynagoptm
963 2879 992 2926 et
1020 2866 1171 2929 ortem

93 2963 246 3010 vocantes.
288 2949 409 3030 Ephesii
437 2950 541 3009 eadem
562 2945 681 3008 licentia
701 2949 734 3008 ln
755 2968 875 3008 omnem
895 2946 1032 3010 ordinem
1051 2970 1172 3010 sexum-

92 3053 153 3112 que
174 3029 389 3113 grassabantur
411 3033 443 3092 in
464 3031 537 3092 festo
557 3029 690 3110 quodam
709 3021 885 3109 xuroydyta
913 3030 1019 3112 dicto,
1043 3043 1079 3092 ut
1099 3054 1173 3093 con·

92 3125 152 3175 unt
172 3136 193 3174 e
213 3115 268 3174 Du
287 3115 388 3196 Gange
406 3111 502 3174 Gloss.
518 3113 573 3174 Gr.
586 3133 617 3196 p.
634 3111 702 3196 607.
744 3111 974 3193 Heliogabalum,
993 3115 1173 3175 testabam-

92 3197 196 3278 pridio
216 3197 254 3256 Τ.
271 3197 314 3255 ll.
331 3197 397 3256 Sur.
412 3197 455 3256 ll.
470 3196 550 3277 Aug.
563 3217 595 3278 p.
611 3193 682 3273 817.
699 3239 708 3273 ,
731 3195 909 3269 irudnoebot,
927 3199 1172 3276 utcitsestovin-

93 3281 268 3340 demiratum
285 3281 376 3340 nmini
391 3281 422 3339 in
437 3280 572 3338 dontinus
592 3277 750 3350 mordatin,
771 3279 842 3361 ipsis
867 3277 1068 3358 audientibus,
1093 3279 1175 3338 dice-

92 3377 207 3424 rmtur.
246 3361 293 3422 Ex
315 3360 463 3422 Athenaei
489 3381 519 3441 p.
549 3359 616 3420 182.
639 3357 678 3418 A.
700 3359 730 3424 6.
755 3367 786 3418 et
814 3359 880 3443 187.
915 3359 956 3421 A.
979 3381 1010 3444 9.
1030 3360 1173 3442 aliisque,

94 3445 313 3588 agg-,gg
331 3455 454 3588 {tlh
471 3451 666 3586 truita
686 3443 1177 3606 ists..”2rieeu

95 3632 147 3672 sus
164 3619 286 3671 certum
307 3608 460 3690 quoddam
480 3607 636 3669 hominum
656 3624 769 3689 genus,
801 3568 876 3677 toti}
898 3603 1108 3688 pomppsoroic
1127 3608 1177 3670 di-

95 3703 178 3768 uos,
202 3693 338 3754 diversos
359 3713 376 3752 a
397 3692 554 3772 parasitis,
628 3709 717 3749 orum
737 3699 814 3753 esset
840 3690 983 3750 convivas
1010 3688 1177 3752 sttbsanna·

96 3797 130 3836 re
149 3787 183 3836 et
213 3775 277 3834 acri
303 3773 365 3835 eale
393 3771 549 3834 defricare.
637 3771 706 3832 dem
738 3769 858 3832 lieentia
878 3768 1034 3832 obtinebat
1052 3772 1084 3832 in
1102 3771 1178 3834 ludo

98 3857 230 3918 Gothico
248 3866 280 3917 et
299 3857 375 3916 festo
398 3855 578 3928 stultorum,
602 3853 640 3914 de
660 3853 770 3935 quibus
789 3857 900 3935 partim
912 3872 968 3915 uos
986 3855 1118 3915 dicemus
1136 3855 1178 3916 ad

98 3961 132 4020 p.
144 3961 238 4017 m,
260 3941 371 4020 partim
390 3937 464 4000 dixit
478 3940 529 3998 Du
543 3937 643 4018 Cange
663 3957 692 4002 v.
705 3937 845 4012 Fesoon,
861 3948 891 3998 et
912 3940 1085 4018 nuperrime
1103 3937 1178 3997 Gal·

98 4021 147 4082 lus
171 4021 321 4103 quidam,
355 4021 441 4081 cuius
472 4041 583 4080 nomen
618 4039 679 4078 non
695 4019 874 4092 succurrit,
904 4018 1047 4099 peculiari
1086 4019 1178 4080 libro.

98 4104 214 4166 Adhuc
238 4103 330 4166 hodie
351 4104 507 4166 nuticauis
524 4114 553 4163 et
575 4101 794 4182 oppidanorum
819 4100 945 4162 rudibus
967 4101 1129 4177 oblectatio
1147 4109 1180 4161 et

97 4189 154 4246 otii
170 4186 284 4249 abusus
302 4197 366 4266 est,
383 4183 415 4246 in
432 4185 574 4249 iaciendis
589 4183 717 4247 invicem
733 4184 946 4247 scommatibus
960 4183 1113 4270 ingenium
1127 4201 1179 4244 ex-
1303 4249 1309 4258 ,

96 4267 193 4354 periri
213 4280 245 4332 et
265 4277 426 4332 muctare.
