2975 4892
165 299 222 366 an
251 299 647 368 consummamus.
676 303 730 364 ns
757 301 894 366 ceam
925 306 1016 368 ua·
1034 308 1075 369 n.
1108 277 1191 392 713

98 455 284 536 Marsyam,
306 455 458 538 pharsaliae
470 475 555 526 esse,
577 453 666 514 idest
687 474 764 514 atim
783 466 916 537 etopere
933 458 1063 540 plu-ygio
1078 455 1189 541 pictus.

105 539 207 598 Omle
229 539 308 598 idem
328 547 373 598 est
393 549 482 619 atqua
502 531 666 615 ἑπεὺχιον,
702 548 797 619 tapes.
841 541 901 600 Sed
920 541 1011 602 redeo
1038 541 1078 602 ad
1099 543 1191 625 chag.

97 622 212 698 dium,
244 621 329 692 cuius
348 623 460 681 mentio
481 641 601 702 quoque
625 619 660 680 iit
680 621 711 679 iu
731 621 857 702 epistola
877 621 978 684 Basilii
1000 625 1117 686 Maced.
1148 627 1189 688 ad

102 705 264 765 Hadrian.
286 704 325 764 11.
338 704 402 763 PP.
424 703 484 764 line
513 715 636 766 octavae
666 703 792 786 synodi:
828 709 1040 767 summittimus
1069 707 1190 770 Sancti·

101 789 167 848 tati
198 799 313 848 atestme
343 789 514 848 vestimenta
542 787 666 870 diaspra
696 789 779 864 trin,
809 791 994 871 esophorum
1021 790 1201 852 detentum*

98 871 300 930 caracallarum
322 891 432 942 αααπι,
459 869 615 952 clagdiwn
642 869 780 930 orobeum
808 892 920 950 απαπι,
947 874 1080 934 casualia
1107 874 1191 936 diiu-

100 953 223 1015 diman.
277 951 370 1014 Forte
398 953 537 1014 orobeum
566 963 612 1014 est
639 950 753 1014 babens
783 952 916 1015 colorem
942 955 1107 1016 amborum
1137 967 1191 1018 aut

103 1055 255 1096 cicerum.
682 1047 685 1064 ¹

191 1120 239 1178 De
269 1137 343 1178 voce
374 1115 527 1198 βρλαρίοο
556 1115 683 1193 dubito,
704 1117 783 1179 aitue
801 1141 913 1180 nomeu
940 1121 1114 1203 proprium,
1149 1145 1190 1184 an
1299 1183 1303 1189 Δ

104 1201 348 1284 appellativum,
371 1201 509 1281 idemque
529 1220 599 1262 cum
619 1201 725 1261 villoso
746 1213 776 1262 et
796 1205 929 1278 suillo,
951 1225 1013 1266 nou
1026 1227 1044 1264 a
1056 1207 1122 1266 nelo
1142 1207 1191 1268 de·

104 1285 248 1346 nvanda.
288 1283 367 1344 Saue
384 1282 517 1360 χασδιόν
539 1281 679 1344 villosum
700 1295 746 1346 est
765 1288 893 1346 aericum
920 1307 973 1347 seu
1000 1300 1190 1367 mametum,

105 1379 141 1428 et
171 1369 201 1428 iu
225 1366 350 1448 epistola
375 1366 475 1427 Basilii
498 1366 671 1426 Macedonis
691 1367 783 1428 modo
804 1367 926 1430 laudata
947 1370 1073 1432 Latinus
1097 1375 1192 1433 iuter·

105 1471 179 1532 pres
206 1451 319 1511 vilart'n
343 1451 498 1533 praecinuit
535 1448 667 1510 reddidit
695 1471 750 1531 per
777 1453 872 1512 aellio
897 1455 1075 1534 prasium,
1107 1453 1191 1516 unde

104 1535 179 1595 melu
206 1533 392 1616 Francicum¹
416 1543 446 1594 et
471 1531 608 1612 calcum,
635 1535 721 1614 quasi
739 1532 823 1596 dicae
843 1535 940 1596 celliis
959 1546 990 1596 et
1008 1538 1190 1611 vellemus,

105 1619 204 1680 veuit.
246 1615 290 1676 At
317 1636 384 1676 curn
413 1613 513 1676 locum
541 1615 622 1676 huuc
650 1617 757 1676 Latine
785 1627 953 1690 verterem,
983 1639 1066 1678 eram
1097 1620 1128 1680 iu
1155 1641 1193 1682 ea

105 1700 273 1781 opinione,
294 1719 428 1780 pannum
458 1699 587 1758 sericum
608 1699 768 1780 significari
795 1700 834 1760 de
860 1699 937 1760 urbe
963 1700 1066 1761 ludica
1085 1703 1195 1763 Belaci

108 1793 165 1842 arat
184 1783 310 1858 Balori,
333 1793 367 1842 ut
386 1781 436 1842 alii
457 1779 596 1858 efferunt,
617 1780 751 1860 dictum,
779 1786 843 1842 sive
862 1782 942 1867 quod
964 1785 1093 1844 sericum
1120 1784 1191 1846 iude

109 1865 289 1939 afferretur,
311 1867 375 1925 sive
395 1863 477 1947 quod
504 1867 567 1946 ipse
587 1885 704 1944 panum
731 1864 775 1924 ibi
796 1866 892 1926 lieret.
934 1865 1032 1926 Nemo
1051 1868 1190 1941 miretur,

107 1969 161 2008 me
190 1959 239 2008 tot
270 1947 398 2016 vestium
431 1957 484 2006 aut
513 1967 683 2028 pannorum
714 1951 838 2009 nomina
867 1969 902 2010 ex
933 1951 1053 2010 oriente
1081 1961 1192 2032 petere.

107 2031 216 2108 Quum
236 2031 465 2113 pretiosissimae
485 2051 621 2111 quaeque
643 2029 720 2092 telae
750 2031 837 2092 nullo
863 2052 925 2092 uon
944 2043 1078 2113 tempore
1107 2031 1192 2093 illinc

106 2117 222 2198 petitae
242 2124 271 2174 et
298 2114 338 2174 ad
365 2135 421 2174 uos
451 2111 612 2174 translatae
644 2113 774 2189 fuerint,
811 2113 898 2176 facile
926 2125 1090 2195 potuerunt
1119 2137 1192 2178 cum

106 2199 182 2278 ipsis
204 2196 271 2258 telis
300 2197 423 2256 uomina
443 2216 545 2254 earum
564 2217 685 2278 quoque
706 2196 864 2257 orientalia
881 2200 914 2257 iu
935 2196 1052 2280 linguas
1073 2209 1103 2259 et
1122 2219 1194 2260 oras

107 2291 228 2342 nostras
249 2281 443 2361 immigrasse.
487 2277 583 2340 Paulo
615 2291 683 2360 post
702 2277 881 2346 habebimus
901 2301 1007 2342 vocem
1021 2283 1194 2362 Μουλχοο-

106 2359 177 2441 ματ
207 2361 355 2422 Arabicae
384 2359 465 2422 haud
496 2361 587 2422 dubie
616 2364 751 2444 originis.
794 2363 893 2445 Supra
920 2363 1106 2424 habebamus
1133 2363 1193 2426 Δι-

107 2445 199 2508 νίσια
219 2441 261 2505 de'
277 2447 375 2524 Tiuis‚
396 2445 524 2526 Aegypti
545 2444 632 2519 urbe,
655 2445 746 2507 dicta.
787 2447 959 2507 Occurrent
978 2447 1117 2528 deinceps
1138 2449 1193 2507 lo>

108 2523 195 2609 ροοτοὶ
217 2522 436 2610 Σαρακηνικοὶ,
458 2527 539 2588 unde
562 2539 655 2609 patet,
677 2549 747 2588 enm
768 2549 901 2608 pannum
921 2549 940 2588 a
962 2529 1120 2590 Saracenis
1139 2551 1192 2610 pe·

107 2615 201 2672 titum
219 2611 316 2674 fluisse.
358 2613 559 2671 Mercaturam
581 2613 746 2672 exercuisse
765 2611 996 2672 Constantinum
1017 2611 1194 2694 Porphyru·

109 2705 274 2778 gennetum
295 2695 326 2754 in
347 2693 493 2755 Arabiam
515 2693 630 2754 felicem
651 2705 680 2753 et
703 2694 843 2770 Indiam,
873 2705 955 2774 patet
974 2715 1009 2754 ex
1029 2716 1087 2773 co,
1109 2694 1193 2793 quod

108 2777 189 2839 infra
199 2799 229 2858 p.
241 2777 313 2860 399.
323 2776 360 2836 C.
372 2780 502 2839 occurrit
510 2776 639 2837 formula
653 2777 855 2859 inscriptionis
863 2774 1030 2837 litterarum
1040 2775 1085 2848 εἰς
1092 2797 1147 2837 τον
1161 2769 1194 2834 ὖ-

107 2861 283 2938 περέχοντα
294 2854 478 2939 κυριεύοντα
493 2859 547 2938 τῆς
564 2851 684 2932 Ἰνδίας
698 2871 727 2920 et
748 2859 794 2932 εἰς
813 2853 868 2920 τὸν
879 2857 1064 2936 κυριεύοντα
1073 2861 1133 2939 τῆς
1142 2855 1195 2918 at-

109 2939 260 3019 δαίμονος
277 2939 449 3022 Ἀραβίοις.
493 2944 582 3004 Patet
605 2940 637 3003 id
658 2964 779 3024 quoque
799 2961 833 3002 ex
856 2944 1078 3004 continuatione
1092 2943 1196 3003 Then-

108 3025 220 3110 pbauis
235 3025 391 3087 Constant.
402 3047 442 3106 ,p.
458 3025 528 3104 284.
544 3027 584 3086 A.
598 3027 645 3104 B.‚
669 3029 756 3088 cuius
771 3025 871 3088 locum
886 3026 1092 3088 illustrationis
1112 3047 1198 3107 egeu-

109 3121 174 3172 tem
197 3107 258 3168 buc
279 3129 437 3190 apponam.
479 3109 590 3170 Narrat
612 3109 652 3169 ibi
675 3111 806 3191 Aegypti
825 3109 985 3187 Amnum,
1002 3110 1070 3188 (lu'u
1088 3108 1198 3190 aliquia

110 3193 151 3254 ile
172 3203 260 3274 gente
273 3191 589 3270 Acbschiddidnrnm,)
611 3193 810 3254 Constantino
830 3195 994 3257 amicitiam
1010 3215 1065 3275 per
1085 3189 1197 3273 legatos

111 3288 142 3337 et
161 3274 276 3336 litteras
305 3274 460 3336 obtulisse.
515 3277 646 3338 Persidis
673 3297 796 3358 quoque
827 3277 984 3351 Amiram,
1018 3274 1197 3336 Buiidarum

111 3359 244 3441 aliquem
264 3357 412 3439 designat,
430 3359 535 3420 foedus
556 3380 625 3419 cum
656 3358 709 3419 illo
735 3361 851 3436 iniisse,
872 3358 1075 3419 simultatibus
1094 3357 1198 3418 subla-

109 3445 163 3518 tis,
196 3435 253 3502 καί
273 3438 290 3500 ὁ
312 3437 514 3522 αὐτοκράτωρ
538 3431 655 3518 ὅψιδας
675 3436 757 3522 πρὸς
786 3434 887 3502 αὐτὸν
906 3439 1069 3518 ἐκπέμπει,
1085 3438 1198 3513 οἵτινες

110 3519 193 3602 πρὸς
220 3519 281 3603 τήν
308 3517 480 3604 κατιὶξηρον
511 3525 569 3604 γῆν
599 3521 717 3604 ἐκείνην
738 3516 923 3606 ἀφικόμενοι
942 3521 1000 3583 τοῦ
1021 3517 1197 3583 ἀποστόλου

113 3606 219 3683 Θωμοῖ
247 3602 302 3667 τὸν
331 3599 433 3687 τάφον
453 3600 722 3688 προσκυνήσαντες
746 3603 803 3666 καὶ
823 3600 1122 3684 κατασπασάμενοι,
1143 3603 1202 3668 καί

110 3685 170 3761 τὰς
187 3683 353 3766 βασιλικὰς
373 3689 623 3761 κατασταλιίσας
644 3684 814 3765 λαμπάδας
833 3680 1056 3766 transitumn
1075 3687 1132 3750 uni
1142 3687 1199 3765 ἑμ-

110 3765 343 3852 πορεοσάμενοι
364 3771 463 3832 λίθων
482 3771 595 3847 τιμίων
615 3767 669 3832 κατ’
687 3769 892 3851 μαργαριτῶν
914 3767 1098 3853 ἐπανῄεσαν.
1142 3772 1200 3833 Ul·

111 3859 187 3930 tima
210 3876 288 3926 vox,
318 3860 371 3914 aut
391 3855 449 3915 alia
472 3855 577 3916 similis
597 3855 785 3916 desideratur
807 3857 837 3914 in
861 3854 992 3915 editione
1013 3855 1199 3931 Combelisii,

113 3941 168 4020 qni
188 3938 345 3998 lectionem
365 3931 424 4018 triv
442 3932 615 4018 κατάξηρον
643 3937 702 4017 γῆν
730 3937 841 3998 siusua
873 3937 1025 4022 sollicitat.
1067 3937 1199 3999 Aridum

114 4038 225 4084 terram
248 4021 365 4083 ludium
385 4041 447 4082 esse
468 4033 572 4102 sponte
596 4031 690 4102 patet.

198 4106 360 4166 Caeterum
373 4106 429 4164 iam
443 4104 601 4186 aliquoties
623 4101 870 4184 significavimus,
888 4094 1013 4186 munera
1031 4103 1201 4164 nummaria

115 4199 147 4252 et
156 4189 297 4250 vestiaria
316 4189 490 4270 proceribus
504 4187 590 4250 aulae
606 4188 789 4270 Byzantiuae
799 4186 838 4247 ab
849 4188 1082 4271 quteratoribus
1093 4190 1125 4246 iu
1142 4204 1201 4244 ma·
