2975 4892
303 216 361 319 ιλ
393 335 398 345 ζ
508 242 567 308 ro.
596 242 677 311 nc.
706 244 855 307 nnsnn
886 241 1170 309 comsmrsan

302 390 361 459 καὶ
377 392 570 459 λεπτοτάτων
588 411 637 478 ψη
663 396 757 474 ι’δοιν,
780 389 946 478 διαφόρων
967 395 1076 458 ιίνθῶν
1091 392 1258 479 ἀρτιφυῶν
1275 391 1422 476 χροιὰς

273 502 277 509 ·
301 478 518 557 μιμουμένων.
551 475 589 541 at
605 503 629 556 μ
649 501 703 541 σοι
725 480 792 540 τοῖν
814 472 993 540 ἓλικοειιλῶν
1013 480 1201 555 συμπλοκιόν
1221 474 1421 559 πἐρικλτιό-

301 581 397 638 μενοι
418 561 473 623 καί
498 563 539 637 τῆ
558 561 710 624 συνθέσει
739 554 1017 645 δίαμορφοῦμεναι
1044 556 1078 621 τὸ
1102 554 1292 640 ἀσύγκριτον
1316 558 1416 621 αἰτο-

302 644 463 725 φέρονται.
506 622 633 728 οἷ’ργόρηι
653 647 747 705 τοῦτο
768 642 966 741 ἐστεφάνωσε
987 638 1043 704 καί
1062 639 1150 723 δίκην
1171 633 1306 723 ἄντυγος
1330 640 1417 703 τοῦ·

300 744 338 785 το
358 722 537 806 περιλαβών
561 735 625 799 τοῖς
653 720 770 807 ὁρῶσιν
792 723 960 805 ἀκορεστον
981 719 1165 805 ἑπεχορὴγει
1185 720 1243 805 τη“ν
1270 726 1417 804 τέρψιν.

300 808 351 869 Sio
371 808 471 869 saltim
495 811 534 870 ad
547 810 769 871 Grammaticae
789 809 869 891 leges
890 820 920 869 et
933 820 967 869 ut
983 830 1087 870 sensus
1107 812 1222 890 integer
1239 820 1414 891 emergat,

301 893 545 953 constituendum
563 914 626 953 esse
637 894 738 954 luerim
752 894 911 969 existimo,
933 894 1056 974 eiusque
1068 892 1157 953 'hune
1177 912 1240 951 esse
1259 913 1411 953 sensum.

286 974 431 1058 ¹Oportet
448 998 525 1037 nunc
544 978 582 1037 de
605 978 836 1055 Onysotnclmo
857 996 1023 1059 exponere,
1058 998 1143 1059 quem
1164 974 1314 1035 Domana
1337 978 1412 1054 sa-

301 1056 441 1122 bniwdi
457 1058 655 1119 dexterrimus
674 1060 771 1140 effecit
790 1080 849 1117 esse
869 1060 951 1119 velut
969 1072 1122 1119 scatentem
1131 1056 1262 1142 floribus
1282 1072 1314 1117 et
1334 1080 1411 1119 sua·

301 1143 383 1199 viter
398 1142 592 1223 fragraeuem
621 1144 736 1203 barnem
765 1162 916 1217 rosanun,
952 1142 1165 1201 oaruoloribiu
1184 1154 1213 1201 et
1232 1140 1408 1202 admodum

300 1224 448 1284 sabtilibeu
481 1226 594 1286 tesselis
625 1226 736 1286 colores
765 1226 949 1285 cboemornm
968 1223 1087 1307 flontm
1114 1225 1208 1283 veluti
1236 1226 1408 1285 recentum

300 1308 499 1382 irnitamibns3
526 1330 602 1391 qaae
622 1309 745 1369 tessrdae
764 1308 880 1369 mediae
899 1310 1074 1390 interceptae
1093 1320 1122 1365 et
1140 1306 1292 1367 conclusae
1314 1329 1336 1367 a
1356 1310 1407 1367 si·

299 1392 399 1450 masa
424 1391 565 1473 plexibus
591 1413 741 1451 musonem
767 1405 795 1451 et
823 1392 1042 1451 ιὀιιιιοιετανιισι
1066 1391 1199 1472 partitam
1230 1392 1294 1449 arti
1333 1393 1408 1450 iosa

300 1474 507 1556 sompnium
526 1474 571 1533 ad
587 1476 780 1535 imitationem
803 1472 913 1551 florum
943 1475 1142 1552 corfirrmatae
1167 1492 1283 1533 omnem
1314 1494 1404 1532 com-

296 1558 486 1642 pmucnem
505 1557 661 1616 excedsuit.
704 1557 774 1617 Hoc
795 1542 875 1639 [non
898 1554 1190 1638 Chrysotriclinum‚
1212 1556 1266 1615 sed
1293 1550 1331 1615 τὸ
1350 1548 1403 1635 ἔρ-

300 1654 379 1717 γον,
400 1659 476 1721 opus
497 1638 677 1722 musivum‚]
699 1640 853 1701 coronavit
871 1653 1009 1719 argento,
1033 1653 1062 1699 et
1080 1640 1161 1697 velut
1180 1639 1289 1698 cuculo
1311 1658 1399 1699 com-

294 1720 424 1808 plexus,
446 1723 580 1782 extabuit
598 1724 790 1805 spectantibus
810 1723 1003 1806 speetacidrms
1023 1721 1198 1781 ituatiabilis
1218 1722 1397 1805 volzsptattlt.

191 1844 196 1857 .
302 1802 459 1863 Concludo
476 1823 510 1864 ex
522 1804 570 1865 his
582 1806 702 1883 verbis,
724 1808 932 1887 pavimentum
950 1803 1171 1885 chrysotriclini
1187 1802 1279 1864 fuisse
1300 1824 1400 1884 opere

300 1888 421 1948 musivo
434 1908 487 1947 seu
504 1886 643 1948 tesselato
663 1889 794 1965 iactum,
816 1890 849 1947 in
862 1907 922 1967 quo
942 1890 1019 1949 varii
1037 1888 1145 1949 coloris
1158 1896 1188 1947 et
1206 1887 1396 1967 magnitudi-

300 1971 349 2033 nis
362 1968 457 2050 lapilli
469 1972 552 2029 varie
565 1972 723 2051 compositi
735 1970 823 2031 flores
841 1970 1005 2046 referrent,
1028 1974 1080 2052 qui
1103 1971 1224 2034 discreti
1241 1971 1396 2031 intercur-

300 2051 438 2117 rentibus
449 2054 540 2112 ramis
551 2053 695 2113 arborum
708 2064 738 2113 et
757 2056 789 2113 in
803 2052 912 2114 miritas
925 2054 1039 2115 areolas
1052 2034 1184 2113 ‹iistineti
1203 2052 1327 2113 tandem
1340 2074 1394 2113 ar-

302 2143 411 2215 genteo
422 2135 535 2194 circulo
555 2136 894 2217 comprehenderentur.
937 2136 1048 2197 Adbuc
1060 2138 1091 2197 id
1106 2146 1178 2197 noto
1194 2181 1203 2213 ,
1224 2135 1396 2197 triclinium

303 2218 339 2281 in
361 2216 419 2276 boc
442 2216 521 2278 libro
545 2229 576 2278 et
597 2219 773 2300 Byzantinis
794 2219 997 2300 scriptoribus
1020 2241 1083 2281 non
1102 2220 1134 2279 id
1153 2219 1236 2302 quod
1253 2220 1393 2297 Latium,

302 2320 367 2363 non
391 2300 555 2377 conclave,
587 2302 803 2381 coenaculum,
836 2302 987 2381 dianam,
1020 2304 1073 2364 sed
1095 2312 1194 2363 totum
1218 2301 1392 2379 aedificium

303 2382 393 2469 plura
419 2384 574 2446 oonclavia
597 2385 798 2466 complectens
817 2386 1002 2467 significare,
1034 2384 1129 2448 verbo
1152 2386 1319 2465 palatium,
1352 2396 1390 2447 ut

266 2523 268 2528 .
302 2476 388 2553 patet
409 2487 427 2529 e
447 2468 558 2549 Script.
582 2478 650 2551 post
674 2468 813 2550 Theoph.
833 2491 866 2550 p.
881 2467 932 2551 89
947 2468 989 2529 A.
1010 2490 1036 2529 ι.
1059 2468 1281 2552 sqq.et9r.B.
1297 2466 1328 2529 6.
1357 2480 1406 2537 et.

303 2551 371 2614 aliis
384 2549 486 2611 midas
505 2551 590 2612 locis.
632 2550 684 2611 Aa
702 2564 774 2611 tenu
793 2552 831 2611 de
850 2552 885 2613 S.
907 2552 997 2613 Louti
1016 2566 1045 2613 et
1065 2552 1210 2635 ὁεαιιοοιιμ
1231 2550 1342 2612 deuota
1360 2553 1393 2615 le

303 2648 366 2697 mot
382 2633 421 2693 de
440 2634 509 2694 Sale
525 2634 665 2795 signpicu
763 2635 769 2648 '
788 2678 797 2709 ,
820 2656 876 2695 rose
893 2635 1007 2716 grande
1027 2638 1141 2697 maison
1161 2636 1203 2695 ait
1223 2634 1275 2693 Du
1287 2634 1388 2717 Gange

305 2718 344 2779 ad
365 2717 505 2777 loinville
516 2739 548 2798 p.
564 2738 582 2778 n
604 2740 635 2778 o.
705 2739 724 2776 n
740 2760 749 2777 .
765 2718 844 2779 idem
858 2716 908 2777 Gl.
922 2716 976 2779 lat.
987 2739 1019 2779 v.
1044 2718 1130 2791 Sola.
1154 2718 1237 2777 ·1am
1250 2716 1386 2781 Ammia-

303 2803 337 2860 ni
350 2798 516 2859 Marcellini
531 2810 626 2861 aetate
639 2800 824 2863 consuevisse
836 2800 1000 2863 triclinium
1012 2822 1067 2881 pro
1086 2798 1251 2875 tribunali,
1275 2801 1321 2861 vel
1331 2822 1386 2883 pa-

304 2880 378 2944 latio
388 2881 460 2957 dici,
473 2892 589 2943 consui
599 2905 633 2942 ex
645 2884 709 2943 eius
722 2884 761 2943 1..
769 2885 855 2957 XV„
867 2882 922 2942 ubi
934 2886 1098 2945 mutabam
1118 2884 1243 2943 oiclzad
1252 2886 1384 2945 ratl'tma-

305 2966 345 3028 tu
363 2975 521 3025 memorat.
563 2965 628 3026 imo
639 2965 755 3025 dudum
768 2976 838 3027 ante
849 2964 954 3045 ilium,
976 2988 993 3027 e
1004 2966 1070 3027 Scr.
1085 2965 1127 3027 H.
1142 2965 1226 3048 Aug.
1237 2985 1307 3065 pag.
1318 2964 1389 3044 648.

306 3050 443 3131 δηναιοὶ.
486 3046 579 3129 Apud
602 3049 746 3109 Nostrum
768 3044 910 3132 ubiqueo‘
932 3044 1105 3131 notitione,
1125 3070 1188 3113 non
1210 3068 1247 3109 το
1269 3046 1386 3128 τρίκλι-

304 3151 379 3209 νον,
399 3152 499 3213 neque
521 3129 688 3211 τρικλινιον
709 3132 823 3193 inveni.
865 3131 995 3193 Videtur
1019 3128 1105 3213 κλίνη
1130 3130 1243 3192 iubae
1267 3152 1384 3213 eampo·

303 3216 412 3280 sitione
440 3216 520 3276 idem
553 3224 644 3297 atque
666 3213 759 3293 στέγη
788 3216 972 3299 significare,
1005 3212 1174 3296 τρίκλινον,
1206 3211 1381 3297 τρίστεγον,

303 3302 392 3362 osum
410 3298 658 3381 comt’gnationam
675 3297 866 3386 aedsfia'wn,
899 3298 1013 3361 etiamsi
1036 3298 1212 3382 pauciorum
1238 3307 1292 3361 aut
1315 3294 1382 3381 plu-

303 3382 384 3447 rium
407 3392 493 3441 esset.

384 3462 417 3542 4.
429 3462 471 3523 A.
484 3484 517 3545 9.
530 3460 578 3545 [5‚
595 3460 659 3547 ¹9·]
689 3465 745 3547 τῆς
759 3460 971 3546 καθημερινῆς
990 3457 1214 3545 obesissimus.
1236 3462 1287 3523 De
1298 3465 1382 3546 quoti·

302 3545 585 3628 dunapmoesstone
596 3568 649 3607 eeu
661 3560 812 3609 conventu
823 3569 980 3630 procemm
988 3549 1018 3607 in
1028 3544 1129 3607 aulam
1140 3546 1258 3607 dicendi
1266 3544 1384 3607 uberior

302 3630 362 3689 erit
378 3629 461 3689 locus
479 3628 519 3689 ad
537 3627 606 3698 libri
622 3632 746 3691 secundi
766 3633 896 3713 primurn
910 3641 1018 3713 eaput,
1039 3629 1093 3689 ubi
1105 3630 1180 3690 ritus
1192 3641 1222 3690 et
1234 3628 1310 3710 leges
1321 3630 1381 3690 eins

302 3722 505 3792 exponuntur.
547 3710 606 3772 Hic
627 3712 776 3775 suffecerit
799 3726 966 3793 annotare,
995 3734 1061 3775 eam
1084 3713 1381 3794 repetendamessea

298 3806 435 3855 veterum
460 3796 589 3855 Roman.
617 3796 701 3871 ritu,
722 3818 784 3879 quo
801 3819 907 3880 nempe
927 3795 1048 3857 clientes
1065 3806 1262 3877 patronorum
1283 3793 1380 3858 limina

182 3872 391 3939 mla-Gmane
417 3879 607 3960 θορυοοοοττ
627 3878 784 3956 solebant,
813 3900 904 3963 quem
925 3881 1013 3961 primi
1038 3880 1234 3959 Imperatores
1258 3878 1378 3939 Romani

301 3982 423 4043 quoque
445 3982 481 4021 ex
504 3962 598 4023 veteri
621 3982 706 4023 more
727 3962 811 4024 velut
828 3964 975 4025 amicitiae
995 3960 1239 4045 sigpificationem
1252 3962 1378 4021 retinue-

300 4056 395 4119 runt,
416 4053 447 4105 et
467 4044 561 4105 secuti
579 4065 719 4128 praeessu
729 4048 870 4127 temporis
882 4048 914 4107 in
926 4045 1004 4128 leges
1016 4057 1047 4107 et
1065 4046 1247 4105 ceremonias
1265 4042 1376 4125 religio-
1459 4088 1460 4093 η

300 4146 349 4192 sas
367 4124 454 4221 aulae
471 4140 669 4213 receperunt,
689 4150 765 4214 quas
781 4130 919 4195 omittere
937 4148 1028 4193 nemo
1044 4126 1129 4194 salvo
1141 4126 1227 4191 cultu
1238 4126 1376 4211 Principis
