2975 4892
325 285 407 402 7⁰4
555 310 1204 380 ro.nc.1rnsnrcomrmrrmr

319 473 363 534 Ne
383 470 457 554 quid
483 481 584 532 tamen
617 467 820 548 dissimulem,
849 469 1003 531 adversari
1026 468 1149 537 uidetur
1167 477 1284 528 nostra
1300 469 1393 530 inter»

319 557 481 638 pretationi
503 555 553 615 hic
575 554 669 614 locus.
712 554 805 613 Poeta
826 553 906 613 enim
926 574 990 613 nno
1005 552 1055 612 die
1072 550 1236 612 celebratos
1256 550 1392 612 Archilo-

319 639 370 699 chi
391 649 421 698 et
443 638 566 697 Homeri
595 635 708 696 natales
719 638 779 715 ait3
800 637 882 716 qnod
902 657 936 696 ex
952 635 1114 717 hypothesi
1127 645 1229 694 nostra
1249 654 1311 692 non
1326 656 1393 714 pro·

319 722 409 781 cedit.
432 721 581 796 Inveniat,
601 723 654 802 qui
668 718 775 779 melius
789 721 886 794 novit,
901 721 1049 778 rationein
1069 720 1216 798 aptiorem
1226 716 1343 776 natales
1356 740 1395 777 ce

321 803 459 864 lebrandi
470 806 615 874 virorum,
627 823 756 883 quorum
769 799 882 862 natales
895 823 993 883 neque
1004 801 1169 860 nativitatis
1175 821 1273 880 neque
1284 798 1395 860 sunem

322 889 386 946 noti
401 897 496 946 erant.
541 888 648 944 Mense
660 895 740 944 certe
764 884 930 945 Novembri
944 895 1027 944 etex
1047 903 1156 965 magna
1177 894 1263 964 parte
1281 904 1398 965 quoque

320 969 479 1030 Decembri
500 967 684 1048 alphabetica
708 966 796 1044 haec,
816 968 903 1026 utita
923 966 1033 1039 dicam,
1054 966 1194 1026 convivia
1213 965 1400 1026 celebr-aban

319 1063 387 1126 tur,
410 1071 487 1133 quae
508 1049 654 1132 Agathias
682 1043 722 1110 τοὶ
743 1045 824 1130 ύττὲρ
845 1050 909 1110 τῶν
930 1044 1093 1126 ὀνομάτων
1112 1041 1275 1125 συμπόσια
1296 1051 1399 1130 appel-

320 1133 383 1208 lat,
418 1135 527 1214 insigni
553 1133 619 1192 loco
647 1154 679 1214 p.
700 1132 768 1209 ido.
817 1130 873 1192 llle
908 1132 1000 1192 codex
1027 1132 1166 1193 editronis
1194 1131 1400 1192 Vulcanianac

320 1216 488 1298 Agatbiae,
519 1235 580 1296 quo
607 1226 697 1290 utor,
728 1235 790 1275 non
822 1217 937 1297 integer
965 1214 1043 1297 (sola
1072 1217 1154 1274 enim
1170 1214 1286 1274 Graeca
1309 1221 1399 1294 macti

322 1299 506 1379 adscriptam
529 1319 547 1358 a
581 1300 681 1360 nescio
712 1317 774 1380 quo
799 1300 866 1358 viro
894 1297 983 1358 docto
1002 1299 1088 1359 velut
1111 1297 1401 1358 emendationemin

319 1384 455 1463 margine
474 1379 604 1440 ostendit
624 1377 806 1459 οἰνωμάτοον
824 1402 880 1462 pro
899 1373 1070 1457 ύνομοὶτων.
1109 1379 1202 1440 Cnios
1215 1401 1250 1438 ea
1264 1383 1307 1440 sit
1332 1403 1399 1442 con·

319 1464 454 1540 iectura,
475 1463 673 1540 Vulcaniinc,
715 1483 756 1522 an
784 1462 877 1537 alius,
899 1485 961 1524 non
981 1466 1075 1539 novi;
1105 1474 1195 1522 notae
1216 1462 1300 1522 enim
1323 1464 1399 1525 vnt-

319 1548 399 1606 oanii
420 1545 459 1606 ad
488 1567 595 1606 manus
626 1567 687 1606 non
723 1555 805 1605 sunt.
856 1546 1052 1607 casaubonus
1072 1546 1193 1628 quidem
1213 1545 1252 1605 Τ.
1269 1547 1295 1605 Ι.
1328 1548 1401 1608 Hist.

319 1629 403 1710 Aug.
424 1651 456 1710 p.
473 1627 544 1710 ²75·
576 1629 693 1706 sestrm
728 1628 908 1689 vmdenu'ale
935 1626 995 1708 triv
1026 1628 1091 1690 τῶν
1120 1622 1306 1704 οἰνωμύτων
1335 1623 1399 1708 iop-

320 1704 379 1789 τὴν
403 1710 546 1792 appellat,
568 1731 629 1792 quo
650 1713 714 1772 iure
742 1721 773 1770 et
791 1733 853 1792 quo
879 1723 1021 1788 auctore,
1040 1733 1102 1772 non
1123 1711 1268 1785 dixerim,
1303 1733 1400 1794 neque

320 1789 413 1854 buius
430 1804 473 1854 est
497 1792 554 1853 loci
584 1797 742 1875 inquirere.
785 1793 931 1855 Concesso
951 1798 1062 1872 etiam,
1094 1796 1138 1854 ita
1158 1815 1227 1853 enm
1246 1807 1334 1856 recte
1355 1817 1398 1876 ap

319 1875 455 1958 pellasse‚
477 1896 539 1936 non
558 1887 660 1937 tamen
679 1877 739 1937 huc
759 1877 798 1936 ad
819 1878 977 1960 Agathiam
997 1877 1147 1960 quadrat,
1169 1897 1269 1957 neque
1288 1879 1335 1938 de
1347 1881 1398 1938 vin·

320 1957 501 2019 demialibus
521 1959 616 2041 epulis
644 1961 768 2041 cogitari
788 1959 839 2018 hic
858 1959 968 2034 debet,
995 1961 1048 2021 sed
1068 1971 1148 2021 recte
1165 1958 1258 2022 babet
1278 1963 1397 2043 scr-iptio

320 2034 361 2104 toi
382 2037 462 2121 ύπὲρ
483 2041 548 2100 τοῖν
568 2037 728 2119 ὀνομάτων
748 2034 929 2120 συμπόσια,
951 2045 1138 2126 etsignificat
1157 2042 1262 2122 epulas
1280 2045 1399 2105 institu-

321 2132 369 2182 tas
387 2123 427 2182 ob
460 2122 574 2184 litteras
601 2123 729 2186 initiales
761 2126 917 2186 nominum
945 2125 1052 2187 litteris
1080 2128 1196 2187 dierum
1216 2124 1399 2188 brumalium

319 2205 546 2285 respondentes.
587 2209 654 2287 lpse
673 2207 758 2268 locus
789 2209 984 2286 demonstrat,
1015 2231 1075 2270 non
1097 2209 1135 2269 de
1156 2209 1396 2280 vindemialibus,

321 2307 407 2368 quae·
422 2287 589 2368 Septembri
611 2311 713 2350 mense
735 2288 975 2368 celebrabantur,
995 2292 1106 2354 sedda
1126 2289 1184 2351 alia
1203 2293 1340 2372 quadam
1358 2293 1399 2353 hi·

319 2367 439 2430 lenitate
458 2391 626 2432 sermonem
648 2393 723 2452 esse,
752 2395 829 2454 quae
849 2376 881 2434 in
901 2378 1001 2456 ipsum
1023 2378 1094 2435 anni
1114 2376 1225 2434 exitrrm
1247 2377 1400 2436 inrideat.

321 2451 378 2512 Ait
398 2454 478 2512 enim
504 2457 605 2538 epulas
625 2456 662 2516 ob
693 2459 817 2516 nemim
849 2456 1015 2518 celebratas
1043 2459 1132 2518 fnisse
1158 2457 1212 2518 illo
1239 2468 1398 2540 tempore,

320 2555 415 2614 quum
433 2535 571 2598 immanis
591 2537 641 2597 ille
656 2549 879 2617 terraemotus,
901 2540 1053 2621 qniCPlin
1064 2561 1144 2600 anno
1155 2541 1316 2601 lastiniani
1339 2543 1399 2615 31,

321 2615 434 2678 Christi
456 2621 527 2702 557.
547 2621 653 2681 misere
673 2621 791 2699 alllrxit,
808 2625 972 2705 ingrueret.
1016 2624 1150 2704 Contigit
1167 2626 1261 2684 tristis
1280 2623 1336 2684 illc
1354 2645 1399 2684 m·

321 2721 373 2760 sus
401 2701 450 2761 die
478 2702 564 2763 xlv.
584 2704 779 2779 Decembris,
799 2716 875 2766 teste
904 2705 1091 2786 Theophane
1117 2728 1150 2787 p.
1168 2705 1235 2788 196.
1257 2706 1300 2765 A.
1323 2707 1401 2787 Ergo

320 2785 462 2844 convivia
480 2785 517 2844 ού
537 2789 661 2846 nomina
691 2785 841 2848 celebrata
868 2789 991 2849 iuernnt
1010 2810 1111 2850 mense
1130 2786 1304 2848 Decembri.
1327 2791 1402 2848 Ver

320 2861 363 2925 ba
383 2866 531 2948 Agathino
551 2871 615 2964 ipsa
635 2881 755 2950 tempus
774 2873 845 2931 satis
868 2882 1005 2932 accurate
1025 2872 1202 2954 designant:
1227 2867 1320 2950 ἡνίκα
1342 2867 1398 2948 yc'p

321 2944 443 3008 ἐκείνου
463 2949 521 3008 τού
541 2943 628 3022 ἔτους
656 2949 755 3032 ἦπού
782 2950 987 3034 φθινοπώρου
1016 2949 1124 3036 ἔληγεν
1153 2948 1248 3032 ὥρα,
1270 2953 1402 3013 mitrrmni

321 3028 466 3090 desisteret
488 3046 653 3116 tempestas,
676 3037 770 3136 (atqui
799 3057 901 3096 mense
920 3036 1088 3117 Septembri
1123 3058 1184 3098 non
1203 3035 1332 3114 desinit,
1352 3033 1401 3094 sed

321 3111 450 3192 incipit,)
485 3107 587 3176 ἔτιδὲ
610 3111 648 3175 τὰ
682 3109 760 3197 ύτιερ
792 3117 854 3177 τῶν
880 3113 1038 3193 ὀνομάτων
1068 3113 1233 3197 συμπόσια
1260 3118 1400 3193 ἐτελεῖτο,

321 3182 402 3276 ᾗπερ
425 3199 489 3294 τοῖς
506 3192 673 3274 Ῥωμαίοις
699 3193 899 3276 νενόμισται,
922 3200 1015 3278 κρύος
1033 3201 1095 3280 μὲν
1114 3192 1175 3282 ἤδη
1195 3191 1346 3280 riningas,
1369 3196 1402 3258 ύ-

321 3281 412 3334 τιοΐον
434 3297 518 3336 srvat
543 3273 627 3350 εἰκὸς
644 3281 702 3340 τού
736 3275 827 3361 ἡλίου
857 3280 912 3343 s'ut'
930 3279 988 3356 τὰς
1007 3279 1126 3365 τροπὰς
1146 3277 1328 3352 ἐλαύνοντος
1348 3276 1400 3352 τὰς

321 3355 505 3439 χειμερινὰς
533 3358 709 3443 [solstitium
738 3363 900 3424 hibernum
933 3369 966 3426 iu
987 3367 1067 3427 diem
1086 3364 1263 3427 Decembris
1283 3386 1331 3424 οι.
1349 3373 1401 3423 aut

233 3449 236 3461 '
322 3458 375 3500 aa.
397 3441 527 3524 incidit]
543 3441 598 3503 xci
617 3439 696 3525 πρὸς
717 3441 773 3506 τὸν
797 3445 988 3527 αἰγοκέρωτα
1004 3450 1179 3531 φερομένου
1194 3449 1272 3532 [ipso
1284 3446 1400 3507 solstitii

321 3518 443 3583 hiberni
473 3524 521 3583 die
541 3525 585 3585 sol
604 3529 635 3586 in
661 3527 875 3610 Capricornum
890 3529 1000 3613 intrat]
1029 3567 1069 3577 -
1089 3522 1161 3592 τότε
1181 3527 1221 3611 δὴ
1243 3527 1326 3611 cippi
1342 3529 1401 3606 με’·

321 3623 380 3681 οην
400 3600 455 3682 τὴν
475 3600 570 3668 νύκτα
599 3607 721 3671 ἐνέπεσε
749 3605 783 3672 τὰ
807 3607 926 3690 decada,
955 3609 1012 3674 καί
1032 3607 1156 3674 ἅπαντα
1170 3607 1271 3684 cribris
1290 3611 1321 3671 ἑν
1341 3609 1402 3670 τῶν

321 3683 454 3763 βάθρων
474 3683 581 3750 aviaria
600 3689 745 3758 ἐδονεῖτο.
787 3693 834 3754 Ex
854 3694 913 3754 hoc
925 3700 1029 3778 itaque
1048 3697 1115 3757 loeo
1136 3708 1237 3777 patet,
1256 3691 1401 3756 brumalia

323 3769 406 3842 (nam
438 3768 475 3828 de
509 3769 587 3848 illis,
622 3795 719 3856 neque
751 3774 844 3854 aliis,
874 3777 990 3839 hilariis
1013 3779 1159 3861 Agathias
1192 3778 1331 3860 loquitor)
1352 3775 1402 3835 die

322 3845 412 3907 xlv.
444 3849 618 3914 Decembris
639 3849 706 3935 ἔτι,
736 3860 819 3940 quod
845 3860 1027 3922 vocabulum
1060 3861 1193 3942 pondere
1220 3882 1279 3921 non
1297 3869 1398 3931 caret,

322 3927 419 3987 adnue
438 3931 528 3993 fuisse
549 3937 708 3999 celebrata.
754 3941 894 4001 Frrernnt
916 3966 987 4026 crgo
1014 3966 1075 4004 non
1097 3964 1182 4020 uno,
1204 3965 1260 4003 non
1281 3939 1400 3999 duobus

323 4020 409 4086 acta,
429 4013 482 4072 sed
512 4017 649 4094 pluribus
676 4025 851 4084 continuata
878 4025 994 4088 diebus.
1040 4027 1147 4107 Neque
1177 4035 1285 4107 pugnat
1312 4020 1401 4080 locus

322 4091 473 4172 Agathiae
495 4095 696 4185 Clctorologio
716 4117 838 4179 nostro,
861 4107 942 4188 qnod
960 4106 981 4173 l.
1002 4131 1029 4168 c.
1050 4109 1198 4169 brumalia
1217 4112 1246 4166 in
1264 4123 1399 4164 mensem

323 4171 528 4238 Nouembrem
545 4188 676 4266 reponit.
720 4191 825 4267 Quum
844 4191 924 4250 enim
944 4191 1059 4273 paral.
1080 4203 1134 4252 ant
1155 4189 1204 4270 ad.
1222 4189 1280 4249 dics
1298 4187 1399 4246 conri-
