2975 4892
150 415 208 481 an
232 410 463 480 cossam.
480 409 629 478 ronan.
652 413 708 478 na
731 409 871 479 ceam
899 415 977 482 ua.
1006 417 1047 484 u.
1076 369 1170 506 ’787

86 588 188 630 nerar.
211 577 243 629 et
260 567 367 630 relatio
387 566 530 629 historica
548 566 588 629 de
600 567 734 653 Cboadja
750 569 887 650 Adorado,
905 556 1174 656 regis'Aetbiopiae

88 651 244 734 quondam
263 650 302 713 ad
323 652 451 712 Batavos
470 650 589 733 legato,
606 662 676 733 post
696 652 841 734 opuscula
864 653 1012 716 Ludovici
1033 656 1074 716 du
1088 657 1174 720 Four

89 737 128 795 de
156 735 314 817 Longerne
338 735 457 816 Lipsiae
484 755 568 796 anno
601 734 676 817 ¹75⁰
710 737 803 796 edita.
860 736 1004 798 Attamen
1039 751 1104 800 erat
1136 761 1173 801 eo

88 827 226 900 tempore
245 839 312 878 mos
343 827 524 877 mercatores
554 839 610 899 pro
638 817 742 900 legatis
767 818 927 893 mittendi,
958 840 1013 904 pro
1045 825 1174 884 istorum

88 900 247 962 bominum
266 901 448 982 parsimonia
469 909 499 959 et
517 911 706 985 paupertate.
763 899 810 962 lta
832 901 908 962 Otto
937 903 1063 986 1.1mp.
1086 904 1175 966 Luit-

89 984 230 1060 loedum,
250 986 419 1044 institorem
440 1003 493 1042 seu
523 993 743 1059 mercatorem,
773 979 1020 1066 πραγματευτὴν
1043 987 1175 1070 Mogun·

88 1070 200 1140 tinum,
222 1065 341 1148 legabat
355 1064 451 1126 CPlin
472 1065 512 1125 ad
524 1067 756 1129 Constantinum
775 1067 1117 1153 Porphyrogennetum3
1136 1091 1170 1134 e.

90 1150 272 1232 Luitprand.
295 1147 450 1210 Hist.V1.
468 1169 499 1208 2.

172 1234 213 1293 D.
232 1253 258 1292 1.
283 1231 367 1313 1662,
388 1228 453 1313 rm]
474 1225 701 1312 docyeddqoev.
755 1231 795 1292 At
818 1233 934 1316 quoties
953 1232 985 1296 id
1006 1234 1174 1297 iteratum?

91 1315 143 1376 Ad
169 1325 317 1398 qnantum
348 1316 477 1396 spatium
506 1316 654 1394 imputata
683 1315 754 1396 ipsis
786 1315 843 1376 fuit
874 1323 972 1399 roga?
1004 1317 1175 1402 singulisne

89 1399 256 1478 mensibus,
280 1419 319 1457 an
339 1396 569 1458 trimestribns?
601 1397 668 1478 Ego
686 1397 853 1478 crederem,
875 1401 907 1458 ia
927 1399 1060 1484 singulos
1078 1421 1174 1462 annos

89 1493 145 1541 aut
165 1492 246 1542 certe
265 1501 321 1562 pm
340 1491 403 1541 tota
425 1480 612 1562 expeditione
631 1485 720 1560 (pour
741 1501 801 1540 une
821 1501 984 1564 campagos
1006 1495 1091 1546 toute
1120 1503 1175 1546 en·

89 1567 175 1642 tiore)
196 1565 287 1625 fuisse
307 1574 427 1625 tantum
447 1574 601 1644 erogatum
632 1562 690 1622 illis
720 1563 844 1625 militiae
870 1564 997 1626 diversis
1026 1565 1172 1646 ducibus,

90 1658 239 1730 quantum
259 1645 309 1707 bic
329 1657 510 1706 recensetur.
563 1645 717 1705 Minutum
739 1657 820 1708 certe
848 1669 905 1729 pro
934 1659 1039 1709 nostra
1067 1661 1176 1711 aetate.

91 1730 181 1790 Patet
198 1751 232 1792 ex
246 1749 276 1812 p.
291 1727 363 1790 586.
373 1730 409 1789 Β.
427 1728 471 1802 5.,
493 1728 619 1810 singulis
640 1729 762 1810 quidem
781 1729 934 1792 mensibus
955 1730 1057 1792 datam
1087 1731 1176 1796 tuisse

90 1833 216 1894 rogam,
246 1811 300 1873 sed
320 1813 429 1894 quovis
449 1831 553 1871 mense
572 1811 784 1873 tantummodo
806 1825 945 1896 quartam
966 1824 1083 1894 partem
1112 1817 1177 1876 eius

91 1917 246 1975 summae,
268 1917 346 1978 quae
365 1895 415 1955 bic
437 1895 547 1975 scripta
569 1903 623 1967 est,
648 1915 743 1976 qiam
763 1907 825 1957 tota
845 1897 993 1980 expeditio
1014 1918 1077 1958 non
1095 1895 1177 1958 ultra

90 1990 223 2062 quatuor
242 1999 357 2040 menses
379 1978 489 2038 durare
508 1978 745 2039 subsumeretur.

174 2064 214 2124 D.
226 2059 259 2124 8.
280 2061 366 2143 [662,
395 2059 456 2143 ι8.]
490 2056 717 2138 Χαρπεζικίου.
765 2061 883 2124 Thema
917 2061 1083 2148 C'Aarpezik
1124 2073 1178 2125 aut

92 2161 132 2221 Cl
213 2161 310 2221 slebre
340 2159 449 2220 nullibi
481 2159 610 2240 reperio.
653 2157 791 2242 Cogitavi
809 2160 971 2244 aliquando
991 2162 1030 2224 de
1065 2148 1178 2246 ΜΡ

91 2182 247 2304 limi
278 2243 308 2303 in
336 2243 473 2303 confiniis
503 2241 627 2302 Ciliciae
648 2253 679 2302 et
699 2243 826 2324 Syriae,
862 2247 894 2308 in
914 2205 1101 2307 saucibusoet
1121 2267 1178 2328 py-

90 2325 131 2386 lis
162 2331 244 2399 sito,
275 2324 400 2386 celebris
431 2327 562 2386 nominis
590 2324 700 2384 elisura
736 2328 769 2388 in
792 2323 922 2388 bistoria
949 2329 1093 2390 Arabica.
1117 2329 1178 2390 Rc·

89 2421 180 2469 etcne
214 2411 464 2486 coniectorem,
494 2406 626 2468 viderint
655 2407 718 2467 alii.
764 2409 825 2472 Sed
845 2409 1022 2492 scrupulum
1054 2421 1177 2490 movd,

90 2493 177 2574 qaod
192 2488 550 2569 Xapnslilerovrecurrat
558 2513 591 2572 p.
607 2488 679 2552 583.
697 2491 732 2551 B.
748 2513 780 2576 7.
801 2503 832 2553 et
844 2491 1003 2576 aliquoties
1023 2491 1176 2577 deinceps,

90 2595 190 2656 eaque
211 2575 358 2655 scriptura
378 2585 549 2634 constanter
569 2583 716 2633 servetur.

155 2659 228 2721 585.
252 2659 293 2718 A.
311 2678 340 2719 ι.
363 2657 449 2742 [662,
464 2653 531 2740 aa]
551 2652 765 2730 καθισθὲντες.
805 2655 864 2720 Vel
878 2641 1095 2738 καθεζόμενοι.
1130 2657 1178 2721 Μ.

89 2806 174 2875 nibil
195 2808 309 2870 dabant
328 2819 447 2890 praeter
466 2757 518 2870 ed.
799 2844 808 2858 -

178 2892 221 2953 A.
235 2915 264 2976 7.
287 2891 375 2976 [662
391 2890 441 2976 5.]
467 2888 697 2954 Θεοδοσιακῶν.
742 2885 898 2974 Reliquiae
917 2889 975 2952 bae
995 2900 1066 2952 sunt
1089 2911 1182 2954 eve-

91 2975 332 3056 teri=disctplina
354 2974 475 3036 militari
497 2975 724 3051 Romanorum,
752 2973 784 3033 in
815 2995 876 3058 qua
903 2973 1035 3056 legiones
1068 2977 1180 3060 passim

90 3059 138 3120 ab
158 3059 301 3141 Augustis
321 3057 560 3139 appellabantur.
613 3057 747 3117 Victores
774 3061 888 3137 pariter
920 3057 1062 3118 videntur
1090 3056 1183 3122 iidem

91 3163 168 3202 eum
188 3144 302 3223 legione
321 3143 440 3200 victrt'ce
460 3160 531 3206 esse.
572 3139 692 3201 Nicetas
711 3161 742 3222 p.
763 3139 807 3200 16.
822 3141 862 3200 A.
883 3137 1014 3221 legiones
1036 3140 1183 3224 quasdam

91 3225 156 3288 sub
176 3225 289 3285 Ioanne
305 3224 462 3284 Comaeno
481 3233 648 3299 memorat,
682 3243 774 3282 unam
795 3221 858 3282 'cair
876 3218 1062 3302 Ἐκλέκτων,
1091 3221 1184 3285 aliam

90 3307 341 3380 Macedonicam,
364 3307 455 3368 aliam
475 3305 663 3406 Scythicam,
687 3305 779 3365 aliam
801 3303 966 3365 Persicam.

180 3391 217 3456 C.
232 3389 264 3451 8.
281 3387 367 3474 [66],
377 3387 427 3472 4.]
443 3389 580 3470 Κρητης.
599 3385 827 3469 Expeditionem
836 3385 914 3447 hanc
925 3387 1115 3448 Constantini
1128 3387 1184 3448 ad·

91 3493 202 3537 versus
212 3473 375 3533 Saracenos
384 3473 540 3534 Cretenses
549 3471 680 3532 infelices
688 3491 841 3532 successus
853 3469 929 3530 duce
942 3469 1080 3552 Gongyla
1092 3491 1184 3532 eunu-

90 3558 158 3620 cho
171 3559 306 3616 sortitam
320 3555 420 3632 fuisse,
435 3554 560 3615 Cedren.
569 3577 600 3636 p.
610 3553 677 3615 boo.
689 3562 803 3627 namet,
818 3563 848 3614 et
860 3552 902 3614 ita
914 3554 944 3612 in
957 3553 1096 3614 extremis
1108 3553 1186 3614 Con·

92 3639 221 3703 stantini
229 3638 318 3700 rebus
326 3639 428 3712 refert,
442 3648 477 3698 ut
485 3638 658 3698 immediate
669 3637 717 3698 isti
729 3637 893 3696 namatioui
904 3645 1031 3696 mortem
1044 3637 1108 3697 eius
1116 3635 1184 3698 sul>

90 3723 199 3866 :iit
221 3715 1183 3865 iffi‘ffi2¹lffldilifflltssffllzl·Arilla?

92 3889 131 3950 id
155 3848 206 3948 est·
219 3849 260 3947 A:
273 3826 504 3971 gtqlgreponitl
536 3886 603 3947 Non
624 3847 753 3947 concilio
774 3885 851 3946 hanc
871 3903 1015 3967 pugnam.
1073 3845 1081 3863 ι
1160 3840 1181 3880 ⁰,

69 4052 72 4061 Ι
182 3969 391 4113 Ι]1.15.]664,
415 3971 461 4054 7.]
496 3963 673 4052 πάμφυλοι.
724 3967 876 4030 Videntur
904 3967 1026 4050 navigia
1052 3983 1117 4028 esse
1148 3966 1182 4028 in

252 4075 280 4114 ra

93 4055 240 4215 Panppmy
259 4138 299 4197 A.
317 4139 345 4199 5.
368 4135 459 4220 [66],
485 4135 550 4220 ι5.]
576 4132 689 4194 παιδία
716 4126 755 4194 rei
786 4133 936 4194 ποιοῦντα
971 4127 1187 4208 suscitasset.

96 4219 203 4291 Pueri,
226 4221 278 4303 qui
287 4222 413 4302 secavit
431 4235 529 4282 castre
544 4219 651 4278 metari
676 4227 730 4277 aut
751 4218 784 4278 in
803 4217 904 4278 caess
922 4236 1020 4294 agere.
1062 4207 1185 4272 Obscu-

93 4301 270 4372 redictum
294 4301 399 4370 leviter
419 4313 451 4368 et
479 4301 618 4388 ambigue
648 4301 778 4388 expressi
804 4297 837 4364 in
855 4297 983 4364 meus.
1032 4291 1184 4360 videam

315 4053 484 4133 abrefacta‚
513 4064 566 4114 aut
585 4051 725 4135 qualibus
746 4053 778 4111 in
800 4047 979 4132 Pamphylia
1005 4049 1181 4112 utebantur.
