2975 4892
246 121 266 218 l

272 277 367 451 '4384
514 320 571 385 io.
601 318 680 386 uc.
709 318 1165 387 munimentorum

265 455 312 544 rh.
332 498 363 546 r.
406 478 489 540 tutta
521 476 667 543 bahem
686 474 880 559 βαλαηάδες
897 499 955 561 pro
973 473 1190 557 βαλαπιάδες.
1229 474 1272 539 Bt
1286 475 1360 539 utn

281 562 378 624 muha
399 576 574 625 occurrunt.
897 563 899 566 ’

365 645 405 707 A.
421 646 452 708 5.
469 648 556 729 [393,
570 644 617 729 5.]
639 638 764 727 δεχθείς
785 680 827 694 -
848 643 894 716 εἰς
907 639 965 723 τὴν
977 642 1153 721 βασιλείαν.
1195 641 1360 724 Theopha-

281 749 335 791 nes
354 750 385 833 p.
401 730 452 811 73.
468 730 548 807 init,
569 728 621 789 ubi
647 730 685 789 de
706 730 831 807 Ioanne,
845 729 960 788 Romae
978 740 1130 811 tyranno:
1156 720 1301 805 Ἰωάννης
1321 722 1359 785 dd

280 832 328 885 τις
348 834 383 875 εκ
402 812 465 873 τῶν
485 811 657 890 βασιλικῶν
684 806 894 894 ὕπογραφὲων
919 806 978 890 τὴν
1004 809 1039 871 ἐν
1063 805 1168 892 Ῥώμῃ
1191 806 1358 885 βασιλείαν

282 886 417 975 ἁρπάζει
441 892 497 955 καί
514 894 659 975 πρέσβεις
678 888 758 974 πρὸς
776 888 831 955 τὸν
840 886 1011 956 Θεοδόσιον
1023 889 1217 971 ἀποστέλλει,
1239 889 1359 978 dextr}

280 997 335 1039 voi
352 974 398 1048 εἰς
415 976 548 1054 βασιλέα
572 970 726 1055 δεόμενος.

364 1060 404 1120 A.
420 1082 450 1143 7.
461 1059 552 1143 4595,
557 1062 613 1203 p]
648 1061 783 1139 βεβαιοῑὶ
824 1060 990 1146 *[Quando
1004 1057 1201 1123 confirmabat
1223 1058 1358 1139 bnpera·
1405 1072 1409 1075 ’

281 1152 331 1205 tor
355 1144 477 1205 orientis
492 1145 556 1204 occi
577 1142 728 1220 entalem,
750 1146 889 1205 mittebat
906 1146 961 1227 ipsi
990 1140 1145 1225 στεφανόν
1171 1133 1356 1219 βασιλικὸν,

281 1236 316 1285 ut
332 1225 532 1310 Theophanes
549 1248 582 1311 p.
598 1228 649 1310 73.
664 1227 703 1287 de
715 1226 888 1289 Theodosio
898 1226 1145 1289 Valentinianum
1161 1224 1360 1285 confirmante

10 1321 66 1413 ‘J
277 1320 395 1369 namet.
440 1310 588 1395 Imagines
613 1312 784 1394 principum
806 1312 1022 1372 adorabantur.
1053 1312 1195 1369 Annuus.
1221 1328 1252 1388 p.
1267 1301 1357 1387 86]*

279 1390 401 1474 longus
423 1392 473 1453 bic
497 1398 556 1453 texi
582 1404 681 1475 posset
700 1393 853 1477 catalogus
883 1396 983 1477 impp.
1007 1391 1237 1454 occidentalium
1257 1399 1288 1449 et
1306 1408 1358 1447 re·

125 1467 267 1523 E‘Ueffl
280 1496 353 1555 gum
377 1473 481 1536 ltaliae
507 1476 724 1547 Gothicorum‚
758 1479 810 1559 qui
833 1478 1003 1537 confirmari
1033 1496 1066 1537 se
1089 1474 1130 1533 ab
1160 1470 1360 1533 orimtalibuo

281 1568 312 1619 et
329 1558 412 1620 velut
425 1560 560 1621 investiri
576 1580 608 1620 se
626 1572 783 1621 curarunt.
825 1561 942 1658 ,Verum
960 1559 991 1621 id
1007 1559 1056 1620 hic
1074 1557 1134 1618 loci
1148 1578 1210 1617 non
1227 1557 1358 1651 agimus,

281 1642 466 1785 saliit?
480 1636 1358 1809 iiililie'dl'loiil‘iffll'..iiffiaiiiffldai}

280 1802 299 1867 ti
322 1803 475 1889 δεσπότης
493 1808 685 1890 subintelligi.
726 1810 791 1869 lam
811 1807 865 1870 illo
885 1822 1021 1891 tempore
1052 1809 1084 1867 in
1115 1826 1200 1866 more
1224 1804 1358 1887 positum

281 1900 364 1968 erat,
386 1890 468 1971 quod
490 1890 581 1952 bodie
600 1892 838 1973 vulgatissimum
857 1904 920 1966 est,
945 1892 983 1951 de
1005 1890 1219 1963 honoratiore,
1240 1886 1359 1947 etiamsi

280 1994 364 2052 uno,
386 1976 418 2033 in
436 1972 548 2056 plurali
569 1994 711 2033 narrme:
744 1975 860 2048 oeltiit,
892 1976 1011 2034 itibennt
1037 1993 1093 2054 pro
1119 1972 1209 2043 netu,
1236 1971 1357 2045 mheats

280 2066 316 2115 ut
335 2076 390 2116 nos
420 2078 541 2138 quoque
566 2056 712 2116 dicimus:
740 2078 832 2117 wenn
852 2055 927 2117 Iluro
952 2058 1094 2116 Maestus
1115 2054 1263 2135 hostiles,
1294 2068 1357 2132 pro

265 2158 370 2199 ‘wenta
389 2138 477 2199 Scine
492 2140 634 2198 Maiestiit
647 2138 772 2223 hefielelt.
815 2139 877 2199 lam
895 2139 970 2199 alibi
992 2138 1052 2199 dixi
1070 2138 1109 2197 de
1130 2134 1269 2198 subsultu
1288 2153 1358 2193 mo·

278 2229 438 2281 montaneo
461 2242 480 2281 a
500 2218 645 2302 singulari
671 2222 709 2281 ad
730 2220 879 2303 pluralem
893 2234 924 2284 et
943 2223 983 2281 ab
1003 2220 1061 2281 hoc
1082 2242 1187 2282 rursus
1206 2218 1246 2279 ad
1266 2216 1356 2278 illum

278 2301 401 2363 (baccis
421 2315 451 2364 et
471 2304 586 2364 Latinis
605 2302 691 2364 nullo
711 2324 773 2364 non
791 2315 926 2387 tempore
945 2308 1066 2368 usitato.

281 2412 286 2421 ·
362 2384 398 2444 (ἶ.
419 2406 447 2448 t.
463 2388 548 2469 [393,
571 2382 635 2470 18.]
661 2385 939 2466 titoraipavtdra
963 2386 1127 2447 σιλέπιον.
1168 2385 1225 2446 Est
1245 2382 1358 2467 species

278 2472 528 2549 prosopopoeiae,
543 2490 599 2551 pro
614 2472 796 2553 significatur
809 2473 873 2533 lore
887 2471 1039 2531 silentium
1058 2468 1115 2529 hac
1129 2488 1204 2528 voce
1224 2468 1357 2528 indictas

278 2548 449 2627 Silentiiun,
471 2574 579 2637 nempe
598 2556 678 2633 en't3
699 2566 804 2637 agetur
822 2566 987 2616 conventus
1008 2552 1161 2613 silentium
1180 2551 1289 2612 dictus.

276 2714 302 2776 d
354 2634 440 2733 ·C.'a.
457 2634 549 2721 [394,
578 2636 622 2722 ι.]
652 2636 788 2718 δέχεται.
834 2638 1001 2722 Exspectat
1029 2646 1060 2696 et
1087 2637 1219 2717 emolpit,
1247 2650 1358 2714 nempe

298 2738 423 2778 orimus.

361 2798 443 2880 (1.4.
460 2800 606 2886 [3943]
626 2803 884 2881 μεταστέλλεται.
921 2801 1125 2865 Arcessiteos.
1168 2798 1356 2861 Miromodo

278 2882 378 2943 reddit
399 2885 571 2946 scholiastes
593 2878 746 2964 α’πολύει,
775 2887 858 2968 quod
878 2889 1016 2968 quamvis
1035 2887 1234 2967 incongruum
1254 2883 1360 2943 videa-

276 2974 351 3044 tur,
370 2976 455 3027 notat
474 2970 554 3027 enim
575 2967 648 3029 alias
667 2970 813 3046 absolvit,
835 2970 982 3043 libentiae,
1009 2971 1129 3029 vertiam
1154 2966 1283 3025 abundi
1302 2966 1360 3026 dat

277 3059 331 3107 aut
352 3048 435 3108 abire
455 3052 547 3124 irthet,
575 3052 694 3131 delendi
722 3064 823 3112 tamen
844 3052 1067 3133 quodammodo
1087 3061 1185 3133 potest
1206 3052 1357 3131 interpre-

276 3130 372 3216 tandov
390 3152 444 3213 per
463 3130 595 3211 ἐγείρει,
613 3136 784 3197 excederee
801 3137 876 3209 ἰοω,
903 3139 1006 3220 inquo
1025 3148 1101 3209 stou,
1121 3134 1218 3207 abet,
1244 3132 1294 3193 vel
1314 3134 1359 3192 ai·

277 3212 398 3357 gnificgl
409 3214 538 3381 5abfhl4l4
540 3237 624 3383 :1¹44
636 3230 764 3379 flldglllig.
782 3239 855 3361 Ἓξ
879 3298 1066 3361 adiutoribus
1093 3299 1274 3359 scriniorum
1294 3298 1359 3360 vid.

278 3380 406 3441 Guther.
424 3404 455 3463 p.
471 3384 543 3463 591.
587 3384 719 3444 Adiutoi·
738 3386 861 3466 proprie
880 3396 924 3443 est
944 3384 1075 3443 vicarius
1095 3383 1228 3462 magistri
1250 3384 1359 3441 scrini-

276 3483 377 3523 orum.
403 3466 541 3525 Habebat
552 3486 673 3549 quoque
687 3478 828 3549 quaestor
841 3466 1009 3527 adiutorem
1026 3487 1035 3541 3
1057 3466 1120 3525 vid.
1136 3466 1257 3526 Fabrie.
1274 3463 1354 3533 Bibl.

277 3547 332 3604 Gr.
352 3548 392 3605 T.
411 3548 480 3607 Xll.
504 3571 535 3630 p.
555 3550 626 3633 577.
667 3544 803 3631 Ἀρηγὸν
826 3569 945 3631 quoqne
972 3548 1103 3631 appellat
1124 3550 1253 3608 loannes
1275 3548 1359 3607 Can-

275 3636 394 3704 tacuz.;
416 3652 447 3689 v.
469 3632 562 3691 Goar.
583 3634 620 3693 ad
642 3633 749 3701 Codin.
773 3656 805 3715 p.
825 3631 874 3716 74.
897 3654 931 3692 n.
945 3629 998 3709 54.
1041 3632 1161 3692 Diversi
1172 3640 1244 3692 sunt
1258 3626 1288 3689 oi
1300 3632 1370 3706 tio-1

275 3704 351 3789 ηθοῐ
369 3720 399 3769 et
420 3706 440 3791 ἦ
461 3706 613 3793 βοήθεια,
635 3714 743 3776 milites
764 3716 965 3798 praetoriani,
998 3710 1028 3774 oi
1048 3710 1082 3775 τὸ
1104 3712 1259 3789 satellites
1286 3730 1359 3771 not-

276 3791 383 3861 οῦντες
403 3794 434 3852 in
455 3796 603 3869 urbibus,
640 3802 707 3880 paci
728 3810 759 3861 et
779 3801 931 3858 securitati
952 3795 1091 3881 publicae
1110 3795 1356 3876 conservandae,

275 3878 476 3955 temperandis
496 3882 660 3959 repentinis
686 3880 872 3942 tumultibus
891 3881 1107 3942 etwiimendis
1125 3878 1357 3963 grassatoribus,

275 3955 401 4039 aliisque
433 3960 566 4021 adversis
598 3965 716 4025 casibus
744 3964 953 4046 invigilantes,
988 3964 1072 4023 unde
1091 3964 1208 4023 Arabes
1234 3983 1358 4045 quoque

91 932 129 986 s

274 4054 384 4120 milites
405 4057 478 4119 tales
500 4050 608 4145 Ulpi,
630 4062 772 4140 aemilia,
795 4062 1008 4147 appellarunt,
1032 4084 1093 4145 qua
1106 4062 1145 4121 de
1158 4062 1243 4121 read
1256 4060 1357 4123 Abul-

274 4139 374 4202 sedam
395 4140 504 4205 dicam.
676 4166 679 4173 ’
879 4155 884 4169 “

269 4292 276 4309 Ι
357 4224 392 4285 C.
411 4246 442 4309 7.
459 4224 544 4311 [394
561 4226 604 4311 5.]
629 4222 728 4311 κόμης
746 4228 810 4291 τῶν
834 4214 1052 4311 λαργιτιόνον.
1089 4228 1198 4289 Comes
1218 4226 1356 4310 largitio·
