2975 4892
142 331 193 399 u>
220 331 441 400 consular.
465 329 613 398 ronrn.
641 331 698 396 ns
724 329 861 396 OERIM.
890 335 964 398 ua.
994 339 1033 398 u.
1063 307 1152 420 619

90 491 159 552 mni
172 491 390 552 ambirhtorx'um
411 488 473 574 [est
483 481 517 550 ui
528 488 735 568 μεσατείχιον,
753 493 923 574 pentomis,
938 513 993 552 nos
1007 491 1155 576 Zwingrr

90 572 270 657 appellamus]
289 574 464 634 Sanetomm
476 587 590 654 gestam
601 575 744 669 pignora.

143 658 208 716 dra.
221 657 260 716 A.
273 677 301 716 r.
317 655 405 739 [le
421 655 469 740 7.]
487 673 696 734 oupeoamg.
719 657 803 734 Quid
822 660 861 718 sit
872 653 1018 737 στερεοῧν
1030 667 1061 718 et
1071 659 1152 718 sicne

90 737 268 819 simpliciter,
290 761 329 799 an
347 739 494 819 crepantis
506 731 562 818 τήν
583 730 680 816 εὐχὴν
695 737 834 818 dicatur,
856 739 953 800 fateor
964 759 1012 799 me
1026 742 1151 802 nescire.

89 821 168 896 Quod
177 821 205 882 in
214 823 327 890 Latinis
338 820 419 897 dedi,
430 842 491 881 non
503 830 585 880 certa
595 822 728 899 scientia,
739 823 791 884 sed
805 825 975 884 coniectura
985 823 1093 884 duetus
1105 821 1156 884 do·

91 901 126 976 di,
141 925 176 964 ne
189 906 309 966 omuino
320 907 514 986 praeterirem
522 906 681 977 intactum,
691 914 721 964 et
733 905 814 988 quod
826 907 980 966 videretur
1000 905 1084 968 locus
1094 907 1152 965 irn-

90 997 211 1064 putatam
221 989 449 1065 senteutiam,si
465 1007 526 1048 non
537 983 682 1068 flagitare,
689 987 788 1049 saltim
809 989 896 1051 ferre.
915 989 1012 1050 Favet
1031 991 1154 1050 cicer-tc

89 1072 258 1132 coniecturae
272 1070 316 1143 id,
338 1071 422 1152 quod
437 1073 515 1135 inter
524 1081 594 1129 acta
607 1089 660 1130 seu
674 1067 778 1131 laudes
796 1083 825 1132 et
835 1071 1062 1132 acclamationes
1070 1071 1151 1132 sesti·

86 1163 265 1235 vasvotaque
290 1153 440 1215 felicitatis
457 1153 594 1214 unanimi
618 1173 693 1212 voce
716 1158 830 1216 cantari
851 1154 937 1215 solita
962 1166 1038 1216 essct
1061 1156 1152 1214 etiam

42 1289 43 1295 ,
87 1230 151 1294 haee
163 1235 307 1298 formula:
330 1229 537 1317 otepsedoeed
575 1227 650 1305 θεὸς
676 1230 753 1307 τούς
779 1239 919 1312 βασιλεῖς
946 1235 1053 1318 ἦμῶνε
1087 1237 1149 1297 vid.

87 1334 109 1373 e.
127 1337 152 1377 c.
171 1340 200 1400 p.
215 1319 287 1403 376.
300 1319 334 1379 Β.
352 1340 415 1380 ro.:
441 1322 514 1380 item
529 1318 625 1379 haec:
646 1316 739 1377 τοῦτο
763 1313 798 1378 τὰ
823 1317 999 1398 βασιλειαν,
1022 1311 1150 1398 Κύριε,

87 1399 263 1480 messenen,
281 1413 315 1463 nt
334 1423 366 1483 p.
387 1399 455 1481 164.
470 1402 512 1466 D·
525 1423 593 1483 pen.
613 1399 781 1482 Etpondus
797 1403 917 1462 tandem
927 1402 1153 1464 certitudinem·

86 1501 136 1562 qus
156 1484 235 1546 addit
248 1486 368 1546 Gnarus
391 1485 430 1545 ad
452 1483 619 1566 Eueholog.
644 1503 676 1564 p.
693 1483 759 1556 26„
786 1483 874 1556 claris
901 1484 1001 1546 verbis
1029 1483 1152 1546 tradens

86 1565 218 1640 ereptoris
235 1588 301 1630 esse
315 1589 419 1649 preces
441 1571 586 1644 recitare,
606 1563 717 1648 quibus
744 1566 817 1628 deus
834 1579 976 1650 rogatur,
1005 1581 1041 1630 ut
1068 1588 1151 1650 reges

86 1647 247 1726 confirmet,
267 1653 426 1734 ipsamque
453 1671 576 1732 precum
609 1647 771 1710 formulam
801 1653 945 1711 recitans:
982 1643 1151 1728 ἐπουράνια

85 1725 203 1802 βασιλεῦ
220 1745 301 1807 etc.‚
324 1745 355 1794 et
377 1733 499 1795 tandem
530 1733 654 1806 addens,
674 1733 805 1794 Graecos
822 1733 990 1794 sacerdotes
1007 1733 1044 1793 de
1061 1731 1152 1792 huius

87 1814 213 1876 orationis
229 1819 261 1877 vi
284 1814 442 1898 loquentes
465 1817 566 1876 dicere
582 1836 614 1876 se
636 1814 786 1896 στερεοῦν
805 1811 881 1888 τούς
902 1815 1060 1892 βασιλεῖς,
1081 1835 1152 1874 coa-

74 1890 189 1972 firmare
205 1922 306 1982 reges,
328 1897 386 1961 boc
405 1910 470 1976 est,
499 1909 535 1960 ut
561 1897 634 1958 deus
654 1918 705 1958 eos
722 1897 890 1974 confirmet,
906 1918 1024 1981 rogare.

153 1981 188 2041 Α.
202 1981 255 2044 ult.
269 1981 361 2066 [olm
379 1979 491 2065 17.]dr
512 1977 670 2063 δευτέρας.
713 1980 763 2042 Sic
783 1980 873 2062 paulo
891 1993 959 2062 post
973 1985 1102 2043 recurrit
1119 1981 1152 2043 dv

85 2067 281 2145 παρασκευῆς.
325 2065 396 2126 Non
417 2063 547 2127 insoleus
563 2066 650 2124 novis
667 2063 790 2124 Graecis
810 2077 854 2126 est
875 2061 909 2125 ἐν
935 2086 1003 2125 cum
1020 2067 1152 2146 genitivo

85 2161 259 2226 componere.
306 2147 389 2208 lnira
404 2169 437 2230 p.
451 2148 521 2230 573.
534 2148 575 2207 D.
590 2167 621 2208 a.
636 2145 782 2207 habemus
813 2145 847 2208 ἐν
868 2143 1073 2228 χαμοσωριόυ
1096 2169 1152 2230 pro

85 2221 332 2314 trgapoaape'p,
356 2233 388 2293 in
415 2232 523 2294 lnmu'li
539 2244 568 2290 et
578 2250 680 2312 parua
699 2231 814 2290 aretela.
857 2231 956 2312 Supra
976 2253 1007 2312 p.
1027 2231 1094 2294 162.
1114 2231 1150 2295 B.

85 2301 111 2382 l·
130 2309 161 2370 ἐν
180 2313 335 2394 suprestis
356 2315 443 2376 estin
457 2312 659 2389 membranis,
682 2314 764 2396 quod
785 2313 894 2374 Editor
909 2314 1037 2374 credidit
1057 2315 1150 2374 refin-

84 2391 199 2466 gendum
227 2417 304 2458 esse.
354 2397 505 2478 Procopio
532 2417 676 2478 perquam
706 2395 847 2478 frequens
876 2406 921 2457 est
945 2395 979 2457 ἐν
1005 2391 1153 2476 γειτόνων

84 2490 132 2549 pro
144 2473 176 2535 ἐν
188 2473 305 2556 γείτοσι
324 2477 374 2541 vel
388 2479 423 2540 ἐκ
450 2477 615 2558 γειτόνων,
640 2481 673 2538 in
688 2481 810 2544 vicinia.
852 2477 978 2540 Malalas
1002 2480 1041 2540 T.
1063 2479 1105 2540 11.
1124 2501 1153 2562 p.

85 2556 165 2623 aad:
185 2558 346 2639 γενεθλώα
366 2559 518 2642 ἀγομένου
542 2559 577 2620 s’r
604 2555 772 2645 Βυζαντίῳ
796 2560 906 2640 α’μιξία
939 2561 983 2646 [id
1009 2573 1052 2622 est
1073 2559 1151 2625 α’τα-

85 2633 145 2712 ξῖᾱ,
166 2641 331 2727 nemum]
358 2639 479 2725 ἐγένετο
500 2642 535 2704 ἐν
553 2639 740 2725 ἀμφοτέρων
756 2644 818 2704 noir
836 2643 956 2724 μερῶν.

152 2724 189 2783 Ι).
202 2747 234 2808 9.
249 2727 336 2813 [blm
352 2724 397 2810 a.]
420 2725 565 2788 omnibu.
607 2725 724 2807 Specie,
738 2747 849 2788 nornen
865 2727 989 2788 vestitus
1003 2725 1085 2789 haud
1106 2726 1151 2787 in-

85 2801 211 2886 frequens
229 2809 289 2872 boc
313 2812 347 2870 in
364 2810 488 2889 codice,
525 2809 649 2870 fuenxnt
670 2831 738 2870 mea
760 2813 907 2870 sententia
937 2809 1015 2870 nihil
1043 2809 1150 2888 aliud,

83 2906 161 2964 quam
180 2894 262 2973 quod
283 2893 371 2954 nobis
391 2894 511 2978 sz'tzen
530 2903 619 2965 sunt,
643 2891 737 2953 Gallis
758 2893 795 2954 de
809 2895 926 2976 points,
948 2893 985 2953 de
999 2893 1148 2966 dentelles‚

83 2965 169 3052 Belgis
190 2977 320 3052 Certen,
343 2976 462 3038 subtilis
483 2997 501 3037 e
520 2975 655 3037 candidis
675 2975 732 3036 filis
751 2977 919 3038 tenuissimi
949 2974 1004 3036 lini
1033 2985 1152 3037 textura

82 3069 141 3112 oum
158 3059 363 3122 minutissimis
384 3059 508 3138 ocellis,
538 3057 678 3138 tessulis,
712 3057 867 3137 rhombis,
890 3058 1038 3144 speculis,
1061 3062 1151 3122 innu-

81 3139 158 3200 meris
177 3141 281 3224 figuris
300 3143 430 3204 intextis.
474 3141 580 3223 Neque
607 3141 806 3226 improbabile
821 3153 877 3221 est,
899 3165 917 3204 a
938 3143 1055 3204 Graeco
1077 3141 1152 3204 σπέ-

82 3234 148 3297 tta,
171 3229 290 3308 operm,
311 3247 448 3288 manasse
466 3237 604 3288 nostrum
619 3225 758 3310 Spitzen,
782 3230 919 3310 quamvis
934 3227 1023 3287 etiam
1045 3246 1152 3286 avoee

83 3300 247 3370 Gemanica
267 3309 379 3394 Spitze,
399 3311 498 3387 acies,
520 3329 640 3387 mucro,
660 3313 754 3391 repeti
775 3311 888 3393 possit,
906 3312 977 3392 quia
998 3329 1074 3391 opus
1094 3307 1152 3368 hoo

81 3399 269 3470 punctatum,
290 3393 448 3456 dentatum
481 3392 722 3475 prominentibus
752 3393 925 3476 cuspidibus
954 3388 1038 3454 velut
1057 3392 1152 3472 hispi-

81 3465 143 3529 dam
160 3485 225 3553 est3
247 3477 330 3538 uude
350 3477 377 3537 F
379 3478 515 3538 ranoicae
534 3475 747 3557 appellationes
770 3475 925 3538 desumtae
945 3485 1026 3536 sunt.
1052 3475 1153 3535 Latini

81 3553 160 3613 medii
179 3560 245 3618 aevi
273 3571 423 3621 texturam
455 3559 533 3619 banc
554 3561 672 3619 trasselos
692 3558 908 3642 appellabant,
940 3557 1021 3618 unde
1044 3557 1152 3642 Anglis

69 3643 210 3717 ,emanso
229 3645 334 3716 tassel,
363 3644 444 3704 idem
474 3642 654 3725 significans,
677 3665 696 3703 a
713 3642 823 3704 taxillis
851 3642 982 3719 intextis,
1016 3641 1077 3700 vid.
1101 3643 1152 3700 Du

82 3713 169 3802 Gange
187 3745 219 3784 v.
246 3727 392 3805 Tasselur,
414 3737 444 3787 et
458 3737 596 3787 nostrum
611 3727 740 3804 Tatsen,
764 3727 900 3808 quamvis
923 3725 1055 3786 diversae
1074 3745 1153 3783 non-

80 3798 145 3864 nibil
164 3807 400 3890 significationis.
444 3809 525 3870 Hinc
549 3809 755 3872 emendandus
782 3819 828 3870 est
847 3809 1021 3869 Anastasius
1042 3809 1073 3866 in
1098 3807 1153 3866 Be-

83 3885 188 3950 ¹¹tdicto
208 3891 271 3953 ll.:
294 3896 326 3954 in
350 3894 471 3954 eeclesia
501 3893 541 3953 B.
563 3892 719 3953 Valentini
732 3895 815 3972 serit
835 3893 1045 3975 coopertorium
1067 3911 1155 3974 super·

81 3966 163 4029 “lim
181 3994 249 4036 cutm
266 3978 361 4038 clanis
384 3991 413 4036 et
411 3978 563 4055 femellis.
605 3976 654 4036 Sic
674 3975 766 4057 vulgo
787 3976 910 4050 editur3
933 3975 984 4034 sed
1006 3972 1064 4048 leg.
1088 3993 1153 4031 crim

81 4056 213 4141 (arcellis,
235 4057 269 4118 id
290 4071 333 4121 ost
354 4060 488 4134 rarius,-
513 4059 585 4119 item
606 4061 636 4118 in
658 4060 761 4118 Leone
782 4058 858 4118 lll..·
881 4057 1074 4142 supercellere
1088 4075 1153 4114 nra-

82 4138 193 4211 iusserit
212 4145 359 4204 erraveta
376 4144 537 4204 holosem'ca
553 4143 689 4224 αζγῑΙιῑαα
704 4161 769 4200 σανα
787 4142 893 4202 astilbs
921 4155 950 4200 et
973 4139 1046 4198 rosis
1065 4139 1154 4215 ‹drry-

80 4219 202 4283 totlovts.
245 4227 317 4309 Lug
351 4247 417 4288 cim
445 4226 568 4300 tasi-illis
601 4223 649 4284 vel
668 4222 812 4302 'tassillim
848 4221 929 4306 quod
951 4219 1076 4304 perinde
1096 4227 1151 4278 cst.
