2975 4892
199 313 257 397 so
285 311 511 384 consum.
539 315 691 384 sorra.
719 319 775 384 os
803 307 940 388 carm
970 323 1044 388 am.
1072 327 1113 390 n.
1139 286 1220 382 651

143 495 222 558 quaa
251 467 305 538 Du
332 476 434 538 Cana
464 472 515 536 Gt.
548 477 602 542 Gr.
633 497 665 562 p.
688 475 777 539 1618.
807 479 840 539 in
870 479 946 540 aeria
966 470 1112 564 protulit,¹
1131 479 1224 546 habet

141 559 223 620 idem
241 579 362 643 quoque
381 495 464 620 diod
487 559 519 619 in
539 577 569 621 v.
589 558 832 640 Παρακέλλιον,
853 563 984 642 muira,
1005 564 1118 648 p-ssdo.
1142 563 1224 627 Con-

141 641 277 704 cludoer
298 643 443 704 hactenus
462 640 561 720 dictis,
582 645 729 726 tropicam
749 647 844 705 nostri
865 645 924 707 loci
945 646 1035 708 fusse
1053 648 1224 710 deambula·

141 745 250 803 crum,
270 729 442 809 porticum,
473 745 621 804 curvam,
637 725 805 870 pergulam
834 738 888 790 ent
904 728 1016 791 vitibus
1044 751 1151 792 revera
1168 733 1223 792 ob·
1299 737 1303 744 ’

141 809 313 870 umbratam
331 821 362 872 et
379 805 477 892 palliis
496 809 597 870 sericis
617 831 635 869 a
669 809 770 871 breve
788 821 907 893 tempus
919 832 1048 896 pompae
1057 835 1146 876 causa
1156 825 1226 875 tan·

140 901 208 954 tum
243 897 403 970 amictam3
436 902 491 952 aut
519 895 669 974 porticum
700 892 740 953 ad
770 894 839 956 talis
871 915 925 977 per
967 895 1162 974 laemodum
1180 897 1226 957 fa·
1333 915 1337 923 '

142 985 244 1049 marn,
274 997 338 1038 non
374 987 478 1038 tamea
519 975 633 1038 vitibus
664 975 858 1058 perplexam,
978 1001 1107 1060 pompae
1134 1001 1225 1041 causa

142 1055 354 1122 tantummodo
390 1057 539 1120 asseribus
568 1069 622 1119 aut
652 1060 775 1120 schidiis
802 1060 1001 1122 tumultuario
1028 1083 1047 1122 o
1070 1083 1120 1124 ere
1145 1083 1227 1122 oon-

142 1151 304 1220 structam,
341 1161 404 1226 qno
439 1143 555 1202 amiciri
589 1154 690 1224 posset
723 1141 821 1225 palliis
850 1147 978 1215 sericis,
1008 1085 1068 1207 sud
1096 1164 1227 1228 quorum

143 1223 210 1284 veto
232 1236 263 1288 et
291 1225 401 1286 umbra
431 1225 579 1287 consideri
601 1235 631 1286 et
652 1223 863 1304 deambulari,
884 1247 1019 1308 auraque
1041 1228 1136 1289 libere
1159 1249 1229 1312 per-

142 1307 259 1388 spiraus
278 1309 391 1391 captari
413 1317 522 1390 posset.
567 1307 677 1369 Differt
690 1309 781 1392 igitur
800 1303 837 1368 τὸ
859 1304 1105 1389 ἀναδενδράδων
1126 1333 1144 1371 a
1163 1323 1230 1372 tro-

143 1393 223 1472 pica.
267 1390 348 1454 Illud
375 1401 420 1452 est
447 1393 537 1454 series
559 1391 703 1452 arborum
723 1401 909 1464 erectarum,
930 1396 1075 1454 stantium
1100 1404 1131 1454 et
1150 1393 1228 1456 libe·

143 1493 214 1534 rum
243 1475 319 1537 coeli
347 1473 521 1556 adspectum
547 1477 808 1555 permittentium,
835 1487 919 1536 certo
938 1475 1055 1538 ordine.
1068 1476 1228 1558 disposita-

144 1575 226 1617 mm.
269 1557 305 1620 in
326 1555 384 1620 hac
412 1577 486 1618 vero
505 1557 582 1618 vites
602 1567 656 1618 aut
683 1557 761 1618 aliae
781 1557 904 1618 arbores
923 1556 1036 1619 flexiles
1057 1571 1178 1621 mactae
1196 1563 1230 1622 in

145 1640 280 1720 apsidem
301 1640 427 1702 demunt
452 1639 627 1721 adspectum
648 1639 736 1701 coeli.
781 1640 913 1720 Quando
937 1641 1029 1721 igitur
1049 1642 1141 1722 paulo
1162 1656 1231 1726 post

149 1721 223 1784 dicit
240 1721 362 1802 Noster,
391 1723 650 1784 anadendradinm
671 1721 720 1784 vel
738 1725 900 1805 topiarium
920 1725 1037 1784 iniectis
1057 1729 1164 1806 pannis
1181 1747 1232 1786 se·

146 1805 324 1869 rtet-tuisse
343 1806 382 1870 ad
403 1807 564 1888 imaginem
586 1807 720 1888 tropicae
751 1806 994 1885 conformatum,
1015 1807 1162 1888 significat
1181 1829 1228 1880 eo,

145 1889 236 1968 titisse
265 1892 395 1972 topiario
424 1889 670 1971 superimpositas
696 1909 832 1950 camaras
866 1911 884 1949 e
920 1888 999 1949 lattis
1038 1910 1092 1951 seu
1133 1890 1232 1973 longis

145 1971 268 2034 schidiis
301 1975 393 2036 factas
425 1990 482 2054 pro
512 1973 695 2036 sustinendis
732 1970 832 2054 palliis
863 1971 985 2050 sericis,
1006 1993 1086 2055 quae
1104 1975 1232 2035 insterni

143 2054 308 2118 debebant.
350 2056 458 2118 Fuisse
489 2077 605 2116 morem
620 2056 687 2118 aevi
707 2053 799 2116 medii
824 2053 939 2116 talibus
959 2055 1090 2137 pergulis
1111 2078 1129 2119 e
1150 2055 1232 2117 lattis

147 2141 365 2284 concipimaratis
385 2140 696 2286 pannosdsericpstoein
720 2139 1235 2284 ffinmfionemdinpiternendibppp

146 2241 200 2284 eos
251 2245 268 2284 e
305 2243 442 2284 armariis
475 2243 493 2283 a
562 2243 596 2283 ar
701 2243 718 2282 e
783 2242 807 2280 rs
838 2242 890 2282 sus
970 2243 1007 2284 en
1032 2245 1041 2282 ι
1123 2245 1157 2284 ro

146 2326 210 2366 non
230 2315 350 2367 tanturn
378 2304 437 2366 loci
465 2243 641 2384 auctdrum,
673 2326 751 2389 quos
779 2303 823 2364 ibi
843 2243 957 2381 citapcein,
978 2305 1032 2366 ubi
1052 2245 1235 2368 deptrium-

145 2387 286 2471 phalibus
313 2389 552 2472 processionibus
586 2392 652 2472 egi,
679 2389 732 2449 sed
760 2387 852 2448 etiam
884 2388 916 2448 hi
944 2388 1006 2449 duo
1036 2410 1054 2449 a
1079 2391 1131 2450 Du
1153 2389 1234 2450 Can·

147 2471 197 2553 gio
216 2493 247 2534 v.
266 2472 432 2535 Mutatoria
463 2472 563 2550 citati,
590 2492 670 2532 anus
695 2471 728 2531 S.
753 2467 919 2530 Bernardir
955 2471 1031 2569 quid
1065 2474 1171 2534 iuvant
1194 2481 1245 2535 τοτ’

147 2559 308 2618 mutatoria
324 2558 376 2618 vel
394 2567 517 2618 extenso
536 2556 569 2615 ι’νι
592 2557 717 2640 pertz'cis
742 2553 794 2614 oet
816 2553 984 2638 plicatam
1007 2558 1162 2630 matteis,
1189 2554 1236 2616 al·

145 2647 196 2700 ter
218 2639 319 2701 iacobi
341 2639 382 2700 de
401 2638 564 2700 Vitriaco:
609 2639 714 2698 mimus
731 2649 761 2697 et
774 2637 877 2696 &strio
896 2635 942 2698 ad
955 2657 1087 2697 mom
1115 2651 1236 2718 carew,

148 2723 243 2784 multa
270 2725 399 2784 vestium
427 2721 585 2784 mutatorio
617 2720 663 2782 ad
692 2719 912 2782 ostentationem
948 2722 1098 2780 omotau's'
1114 2723 1148 2780 in
1160 2742 1245 2803 pers»

147 2809 206 2867 rica
223 2806 438 2880 medunco,
460 2817 491 2866 et
508 2802 622 2866 Cbrr'sti
632 2824 780 2890 pauperes
783 2804 877 2883 same
887 2813 918 2864 et
927 2802 1053 2885 frigore
1066 2816 1233 2865 caecam.

188 2889 281 2954 eso.
294 2890 331 2950 Β.
361 2907 389 2949 r.
411 2884 588 2974 [571,1t.]
616 2887 680 2948 τῶν
702 2885 863 2950 innovor.
916 2883 1043 2947 Utinam
1073 2884 1238 2966 addidisset

148 2971 289 3052 Auctor,
310 2993 328 3034 a
349 2993 411 3054 quo
431 2992 501 3052 rege
522 2969 658 3054 Hispano
686 2979 717 3031 et
748 2969 835 3030 cuius
857 2967 1012 3051 Hispanici
1031 2971 1116 3053 regni
1136 2967 1237 3030 domi·

148 3075 202 3132 no,
224 3061 308 3132 (tunc
328 3058 410 3117 enim
432 3053 533 3116 adhuc
551 3053 693 3115 Saraceni
717 3053 897 3136 Hispaniam
915 3051 1095 3114 obtinebant
1122 3063 1154 3114 et
1178 3055 1238 3114 mi·

148 3149 224 3200 nuta
244 3159 336 3224 regna
356 3141 389 3198 in
409 3159 508 3199 unum
527 3157 636 3219 corpus
656 3135 793 3198 nondum
813 3137 971 3214 coierant,)
992 3145 1024 3197 et
1041 3136 1185 3218 wando,
1206 3146 1238 3196 et

148 3221 189 3282 ad
217 3243 309 3306 quem
337 3223 489 3284 Graecum
516 3221 734 3304 Imperatorem
766 3219 842 3282 haec
879 3218 989 3302 legatio
1016 3223 1105 3281 missa
1136 3218 1241 3279 fuerit.

150 3305 321 3367 Concludas
340 3305 403 3367 fere
433 3325 468 3367 ex
486 3323 548 3382 eo,
567 3303 652 3388 quod
671 3303 782 3365 horum
802 3299 881 3365 nihil
899 3325 955 3363 nos
973 3301 1078 3364 docuit
1099 3301 1237 3379 Auctor,

148 3397 181 3449 et
199 3389 282 3471 quod
314 3389 389 3450 haec
422 3385 532 3471 legatio
561 3388 594 3450 in
614 3387 705 3448 rebus
725 3395 912 3448 memoratur
940 3385 998 3446 sub
1017 3385 1236 3463 Constantino,

149 3469 244 3533 huius
270 3473 370 3555 operis
397 3482 540 3572 auctore,
561 3473 684 3615 gestis,
717 3468 801 3567 hand
831 3468 884 3529 diu
912 3478 983 3529 ante
1014 3470 1159 3566 scriptum
1182 3466 1240 3565 hoc

151 3553 568 3720 iiiiofiffiniiii'iiffe
587 3549 1240 3719 {tttfflt‘r‚tt⁸t‘⁰t²ttf‘gtttt

150 3721 183 3780 in
204 3725 319 3783 recenti
350 3719 500 3783 lectorum
519 3723 664 3785 memoria
685 3717 786 3789 adhuc
811 3716 975 3795 haerente,
997 3739 1131 3778 narrare.
1174 3717 1241 3799 Ego

154 3804 280 3886 quidem
300 3826 361 3866 non
387 3804 506 3879 dubito,
527 3823 696 3865 samonem
715 3800 766 3863 hic
786 3821 851 3862 esse
873 3799 910 3861 de
930 3800 989 3862 illis
1004 3798 1108 3884 legatis
1130 3800 1242 3882 Hispa·

150 3888 212 3966 nis,
240 3887 278 3950 de
310 3888 424 3971 quibus
448 3885 654 3968 Luitprandus
686 3885 766 3946 Hist.
797 3883 855 3950 Vl.
883 3903 914 3945 a.
944 3894 1109 3958 memorat,
1140 3881 1243 3944 dicens

153 3969 247 4052 paulo
277 3981 345 4054 post
374 3969 540 4032 adventum
571 3989 660 4031 sunm
690 3967 786 4029 GPlin
825 3963 932 4028 eodem
963 3989 1085 4050 quoque
1127 3967 1244 4026 venisse

154 4059 278 4116 nuntios
308 4053 470 4138 Hispanos.
511 4053 564 4115 Ait
599 4063 699 4114 autem
720 4053 783 4134 ipse
802 4049 890 4112 XIV.
913 4048 981 4111 Cal.
1007 4049 1149 4112 Octobris
1169 4046 1243 4109 illuc

157 4137 317 4220 appulisse.
370 4130 475 4217 Quum
495 4137 587 4220 igitur
612 4147 785 4218 temporum
805 4132 883 4196 ratio
903 4135 1046 4215 utrinque
1069 4127 1242 4206 concordet,

161 4241 224 4282 non
244 4219 352 4288 dubito
381 4220 560 4305 leffltionem
594 4229 624 4282 st
643 4217 827 4304 Lnitprandi
860 4227 891 4279 et
910 4216 1115 4300 Hispanorum
1136 4216 1169 4275 ia
1187 4234 1244 4274 an-
