2975 4892
169 325 230 390 nu
261 323 509 390 constans.
539 321 685 388 ronru.
715 326 771 386 uu
797 323 933 390 cunin.
960 329 1036 391 un.
1068 331 1094 391 r.
1133 299 1189 414 59

81 479 159 539 enhn
172 480 333 561 mysticam
350 487 422 537 erat
442 497 586 538 numerus
606 475 772 551 ternarius,
803 478 887 560 quod
902 490 1007 540 notum
1020 491 1084 560 est3
1119 482 1184 542 vld.

83 561 254 622 fimum.
285 562 330 620 ad
361 560 482 620 Athen.
512 561 538 619 1.
567 580 598 619 a.
622 561 660 620 ad
679 557 756 620 illud
779 561 847 642 τρίς
869 559 897 621 δ’
921 554 1188 642 ἀπομαξαμένοισι

84 641 152 705 &ci
172 639 336 704 διδόασιν
363 633 508 720 ἄμεινον.

156 727 196 786 Β.
206 725 268 786 ult.
281 725 339 808 [8,
352 724 408 808 m]
431 719 509 801 perd
520 722 583 784 teir
593 722 696 804 κηρῶν
704 719 954 806 προσκυνήσεως.
972 727 1187 810 Frequentissi·

86 829 132 870 m
145 810 266 870 Nostro
281 809 322 868 fit
335 810 458 868 mentio
475 827 631 867 cereorum
642 818 710 868 aute
722 821 824 868 sacras
837 811 981 890 imagines
997 831 1190 873 accensorum
1224 834 1229 853 ·

84 904 112 952 et
128 892 369 974 &pactorum
395 891 635 971 hequentissima
654 912 810 952 cereorum
829 902 860 951 et
876 891 1053 973 lampadum
1068 897 1101 954 in
1120 894 1191 956 alta·

85 977 187 1050 ribos,
224 985 259 1034 et
282 973 503 1056 polycandelis
522 993 578 1053 per
597 983 675 1034 totas
694 972 833 1034 ecclesias
851 975 1033 1036 ardentium.
1076 978 1190 1038 Imma·

85 1061 127 1116 uis
144 1060 236 1138 eopia
256 1077 435 1117 cereorum
462 1057 623 1138 quotannis
642 1058 828 1118 consumitur
846 1058 878 1116 in
900 1058 1020 1139 templis
1041 1059 1188 1138 Graecia,

85 1149 135 1214 nt,
153 1144 231 1221 quia
256 1142 431 1220 impensae
450 1141 482 1198 iu
503 1159 554 1198 cos
575 1149 645 1199 sunt
666 1139 812 1200 maximae
827 1143 982 1218 omnium,
1003 1163 1079 1224 quas
1098 1143 1190 1203 eccle·

89 1223 247 1299 sia'facit,
286 1225 455 1304 impensae
483 1223 515 1279 in
535 1219 688 1282 ecclesiam
712 1243 817 1283 omnes
843 1225 987 1282 cuiuseun
1028 1245 1047 1284 e
1070 1227 1189 1308 generis

91 1327 144 1364 nno
166 1309 307 1366 nomine
326 1303 398 1366 πᾶν
423 1301 469 1375 εἰς
515 1301 660 1380 occulte
679 1301 940 1383 δεδαπανημένων
1028 1309 1189 1370 duuium'o

87 1387 286 1470 ὢρεωηαιι
310 1389 455 1448 veniant.
525 1407 614 1446 orum
632 1388 782 1470 peculiare
802 1398 867 1448 erat
886 1388 962 1448 CPli
981 1384 1020 1450 ui
1034 1385 1189 1471 κηρούλια

89 1469 221 1548 tcum,
245 1475 286 1532 in
355 1491 378 1530 o
395 1470 607 1530 tantummodo
627 1473 704 1531 cerei
724 1470 878 1531 venibant.
919 1471 967 1532 Ex
987 1473 1105 1534 Ordine
1123 1475 1187 1536 llo·

90 1573 170 1614 nno
190 1577 227 1636 p.
254 1575 298 1614 21
329 1597 339 1615 .
366 1563 487 1614 constat
506 1552 622 1614 rotulos
640 1553 679 1614 de
702 1556 793 1614 ecmr's
814 1553 936 1614 Graecis
957 1553 1088 1616 celebres
1107 1577 1186 1618 aevo

90 1637 180 1697 mllio
213 1641 250 1698 in
262 1637 402 1717 Europa
422 1635 513 1696 firisse
524 1647 555 1696 et
565 1657 674 1718 magna
687 1639 775 1717 copia
787 1638 819 1695 iu
830 1636 1016 1698 occidentem
1032 1639 1185 1700 advectos.

91 1715 232 1780 Solmnes
261 1722 482 1800 processiones
501 1739 564 1778 non
625 1730 726 1780 terant
746 1719 860 1798 absque
880 1721 974 1778 cereis
992 1741 1075 1797 esse3
1109 1743 1188 1803 quo-

94 1805 165 1862 c'roe
191 1806 294 1863 eham
315 1796 492 1884 φωταψίαι
511 1823 587 1884 appe
610 1813 711 1862 annu.
755 1799 884 1861 Novella
902 1799 1004 1861 Basilii
1019 1802 1190 1884 Porphyre-

94 1887 181 1964 geoiti
206 1886 250 1946 de
281 1887 526 1967 praescriptione
545 1886 615 1945 XL.
637 1904 808 1945 aunormnc
850 1879 881 1942 el
904 1880 941 1942 dl
961 1877 1007 1954 εἴς
1032 1904 1103 1945 τινα
1128 1882 1191 1946 τῶν

98 1963 197 2026 ιότόν
217 1963 405 2049 εόκτηρίων
426 1965 574 2043 solinum
604 1966 753 2052 [solcum
773 1963 990 2050 pmcessrones]
1023 1961 1111 2048 παρὰ
1130 1968 1191 2044 βα-

95 2047 204 2121 σιλέως
233 2041 257 2132 ἢ
281 2047 459 2133 φωταψίαι
483 2048 650 2128 γίγνονται.
689 2051 814 2110 Russica
842 2048 965 2109 ecclesia
985 2069 1102 2111 morem
1119 2060 1189 2111 tan·

97 2141 159 2192 tan
178 2153 270 2194 cuae
293 2135 362 2194 vim
381 2131 527 2213 perdendi
548 2153 568 2192 a
587 2133 702 2194 Graeca
721 2134 884 2211 assumsit,
903 2142 938 2192 ut
960 2132 1077 2194 Graeca
1096 2156 1114 2195 e
1132 2154 1189 2215 pa·

100 2217 238 2360 tiit.
253 2213 764 2382 ulularunt·
793 2214 1099 2380 littidum
1113 2217 1191 2360 'tl

103 2377 237 2442 hudihus
257 2391 292 2444 et
311 2380 435 2464 gloria,
462 2379 520 2441 hoc
541 2391 586 2442 est
605 2401 675 2442 cum
695 2384 789 2443 cereis
807 2391 839 2442 et
855 2381 995 2442 crucibm
1014 2382 1080 2445 vid.
1101 2382 1188 2444 Ana·

102 2472 168 2522 m
188 2485 222 2544 r·
246 2461 302 2548 lo·
324 2465 410 2527 ΜΕ
431 2485 484 2560 90,-
506 2463 612 2546 ul*
676 2547 692 2562 „
886 2548 893 2562 ,

180 2547 218 2606 C.
241 2545 274 2607 5.
298 2545 349 2630 [8,
371 2545 420 2630 5.]
453 2565 734 2628 απευχαριστουσι.
784 2547 913 2628 Proprie
940 2550 1054 2628 gratias
1086 2559 1187 2627 agraet

102 2627 158 2688 sei
186 2631 281 2690 novis
301 2633 427 2692 Graecis
455 2632 487 2689 in
514 2631 690 2690 universum
717 2639 823 2704 notat,
850 2629 938 2688 ἅειιηι
965 2642 1072 2703 oront5
1098 2627 1192 2690 habet

106 2731 226 2794 quoque
245 2713 380 2774 vei-brun
396 2713 457 2774 hoc
474 2709 547 2772 alios
567 2713 771 2794 significatus,
791 2721 827 2770 ut
843 2711 1049 2792 gmwlanmr,
1073 2710 1122 2772 vel
1142 2731 1191 2772 so-

102 2795 269 2938 hdfflmgdut
288 2795 501 2940 ἒεὲἑιῑὲείώ.
527 2817 559 2877 p.
575 2795 608 2856 6.
632 2793 1189 2875 D.1o.,ubiestfesurngmod01t;

157 2919 167 2933 .
273 2923 280 2936 .
365 2921 374 2938 .
422 2900 478 2938 .2.

188 2961 225 3022 G.
246 2901 302 3022 lii.
327 2960 379 3044 [8,
406 2959 471 3045 rin]
502 2961 560 3022 rori
586 2956 808 3042 Αὕγουστέως.
847 2954 1052 3041 Αὕγουστεύς
1072 2971 1103 3022 ct
1122 2959 1190 3022 Ad-

99 3037 263 3124 yomeeiv
282 3055 329 3105 eat
347 3064 459 3105 nomen
481 3043 607 3126 palatii,
638 3043 834 3126 Augustanus
853 3045 1025 3126 Byzantinis
1049 3045 1188 3126 proprii,

100 3137 128 3187 et
146 3127 277 3211 quidun
296 3130 430 3210 gemini3
452 3129 542 3187 unius
561 3129 641 3188 intra
655 3125 787 3186 Chalceu
806 3148 902 3208 prope
916 3126 1190 3209 Chrysotrichuum

101 3211 170 3290 siti,
191 3209 281 3292 quod
303 3212 479 3292 Augusteon
501 3209 664 3292 Daphnes,
693 3209 743 3270 vel
762 3210 918 3291 augustale
937 3209 1105 3290 Daphnes,
1133 3229 1190 3290 np-

101 3294 295 3374 pellabatur;
327 3293 470 3370 alterius,
492 3293 575 3374 quod
595 3290 770 3373 simpliciter
789 3291 955 3373 Augustulo
975 3290 1138 3367 audiebat,
1159 3299 1192 3351 et

103 3389 185 3438 extra
206 3374 345 3436 Chaleeu
366 3379 446 3436 iutra
466 3377 545 3436 hanc
565 3385 595 3436 et
613 3376 646 3435 S.
660 3374 806 3456 Sophiam
825 3377 918 3434 situm
938 3383 1022 3449 erat,
1041 3372 1105 3433 vid.
1117 3394 1187 3456 pag.

101 3457 153 3538 45.
175 3461 229 3531 Β.,
253 3459 308 3518 ubi
329 3459 497 3541 Augustulo
516 3457 658 3539 Daphnes
678 3450 695 3516 ti
717 3455 817 3518 ἐκεῖσε
838 3446 1036 3535 αὕγουστεών
1055 3455 1189 3534 dicitur,

99 3553 132 3602 ut
151 3543 364 3623 distingrmtur
383 3542 422 3602 ab
442 3541 635 3624 Augustcone
653 3544 696 3602 sic
716 3541 840 3620 propria
862 3540 968 3617 dicto,
996 3549 1027 3600 et
1045 3561 1116 3622 pag.
1133 3539 1185 3624 75.

95 3625 139 3685 D.
160 3624 323 3686 EChalce
344 3635 444 3686 autem
465 3627 498 3686 in
518 3624 766 3706 Augusteonem,
790 3632 820 3682 et
838 3623 944 3684 exinde
963 3623 996 3682 in
1009 3623 1042 3682 S.
1057 3623 1190 3705 Sophiae

94 3707 296 3790 horologium
323 3729 379 3769 seu
408 3710 519 3769 atrium
544 3709 620 3768 itiuu
640 3709 753 3782 fuisse,
783 3717 908 3786 apparet
934 3727 969 3766 ex
989 3705 1047 3767 hoc
1068 3705 1136 3766 loco
1158 3717 1190 3767 et

95 3811 130 3852 ex
150 3813 185 3872 p.
201 3812 236 3873 9.
281 3791 333 3850 De
359 3791 574 3874 Augustanus,
608 3791 674 3852 loro
703 3788 877 3871 Augusteo,
905 3799 1004 3850 numa
1030 3791 1188 3850 lustiniani

275 3873 381 3950 dicta,
409 3885 440 3936 et
458 3875 636 3936 circumsitis
654 3871 752 3932 multa
771 3872 863 3933 habet
885 3873 936 3932 Du
957 3871 1060 3954 Gange
1079 3872 1118 3932 ad
1139 3872 1188 3931 si-

96 3957 273 4019 lentiarium
294 3979 327 4038 p.
342 3956 415 4036 540.
449 3967 480 4018 et
506 3959 539 4018 in
560 3957 635 4018 CPli
656 3955 730 4016 Chr.
761 3955 958 4037 Augustahus
986 3965 1088 4015 autem
1113 3976 1190 4036 pro-

100 4045 202 4120 prium
224 4039 258 4099 id
280 4040 453 4102 aedilicium
474 4039 585 4118 fuisse,
614 4061 647 4102 ex
669 4058 705 4100 eo
726 4037 854 4119 colligo,
884 4038 967 4120 quod
988 4036 1058 4098 illae
1078 4057 1190 4100 corona

98 4143 331 4289 ualle
350 4121 1191 4290 tusuidus:inlustria
