2975 4892
172 323 230 386 so
259 321 483 391 consum.
507 321 655 391 Poura.
684 327 739 390 ua
764 319 904 393 'cantu
937 327 1009 390 arn.
1041 332 1079 392 n.
1117 303 1196 416 767

118 475 287 560 Phrygium
305 497 442 538 marraor
462 475 568 539 album
594 475 733 558 perhibet
759 476 894 540 lulianus
914 479 995 562 Opp.
1026 501 1059 561 p.
1075 481 1147 560 541.
1162 483 1198 544 Β.

115 562 178 624 aad
199 561 295 622 multa
315 573 388 623 sunt
404 581 513 642 genera
539 565 699 624 marmoris
721 559 858 644 Phrygii.
907 563 1099 624 Dociminurn
1125 564 1200 625 dici·

115 655 170 705 tur
189 643 330 726 deinceps
351 642 577 724 ροδοιιούαλον.
641 644 677 704 ln
699 643 871 728 Synnadico
901 667 1050 707 marmore
1072 647 1201 710 candida

110 747 265 811 prsrpwes
288 725 480 807 donamur
499 747 571 788 asca
599 749 702 808 gyso3
733 729 798 786 vid.
826 726 953 788 Salmas.
978 731 1019 790 T.
1045 729 1086 790 ll.
1119 731 1196 794 litat.

115 810 261 953 Augaiop.
280 829 347 894 ¹²9·
368 821 400 870 et
420 809 472 870 Du
489 808 638 892 Congium
663 807 703 870 ad
723 809 824 875 Paulli
844 809 1008 874 Silentiarii
1029 811 1199 895 Ecphrasin

116 913 147 976 p·
199 973 241 1035 Α.
261 995 308 1034 rr.
331 971 419 1058 [644
435 969 485 1056 8.]
507 970 691 1052 Δοκιμινὸν.
732 976 790 1038 Est
809 979 900 1038 etiam
921 975 986 1038 Phr
1007 979 1046 1060 gii
1068 995 1199 1040 marmo-

114 1060 159 1118 ris
172 1059 293 1139 species,
308 1057 347 1118 dc
358 1057 434 1118 urbe
447 1055 632 1134 Decimium,
646 1057 797 1141 Pbrygiae
808 1060 966 1137 Salutaris,
983 999 1108 1122 lictum.
1124 1061 1196 1124 Vid.

115 1139 298 1222 wesseling.
320 1140 343 1199 Ι.
355 1161 383 1199 c.
407 1162 439 1222 p.
452 1137 526 1222 677.
548 1141 660 1201 etCas.
673 1151 766 1222 atque
781 1143 875 1203 Salm.
898 1144 937 1204 ad
957 1143 1022 1204 Scr.
1043 1144 1083 1204 ll.
1101 1142 1142 1206 A.
1159 1145 1200 1206 Τ.

115 1223 144 1283 Ι.
167 1244 199 1305 p.
219 1223 291 1305 369.
308 1214 535 1284 ‘l'oionolsslou
555 1222 634 1282 idem
649 1234 798 1306 astatque
816 1221 1092 1308 ἆληθινοπίπερον,
1160 1227 1200 1289 od

115 1316 266 1366 memorat
285 1305 487 1366 Contionatus·
506 1303 703 1386 Theophanis
724 1307 881 1369 Constant.
903 1329 936 1391 p.
953 1307 1005 1392 87.
1032 1309 1081 1387 Β.,
1104 1309 1113 1370 i
1155 1313 1200 1370 eit

114 1388 233 1450 taam
253 1386 386 1450 maculas
405 1389 524 1472 nigras,
547 1386 632 1448 velut
652 1409 744 1470 grana
765 1391 892 1472 piperis,
922 1392 952 1450 in
979 1391 1075 1454 fundo
1103 1391 1198 1454 rubro

113 1491 172 1532 seu
191 1471 292 1534 colore
310 1491 398 1532 roseo
417 1469 568 1554 punctulis
588 1468 677 1536 alieni
699 1473 811 1533 coloris
831 1495 980 1556 resperso.

199 1554 241 1616 A.
258 1553 316 1615 ult.
339 1553 425 1638 [644,
441 1551 488 1638 9.]
508 1551 732 1615 Ἰουστινιανοῦ
760 1555 820 1614 τοῦ
837 1554 989 1636 μεγάλου.
1033 1556 1197 1620 Iustiniana

113 1637 232 1720 Magno
259 1648 378 1720 praeter
405 1637 598 1698 Theodoram
626 1657 724 1719 neque
742 1637 901 1714 Endocia,
921 1659 1019 1720 neque
1047 1639 1109 1701 ulla
1139 1641 1197 1703 alia

113 1740 194 1780 uxor
213 1721 281 1781 suit.
323 1719 427 1803 Neque
447 1721 573 1802 cogitari
593 1719 643 1780 hic
663 1729 763 1801 poseat
781 1720 819 1781 de
841 1721 959 1782 lustina
982 1723 1098 1782 seniore
1117 1723 1199 1786 iuui-

113 1823 221 1863 oreve.
285 1802 334 1864 llli
362 1806 443 1866 enim
473 1822 551 1862 uxor
583 1812 649 1862 erat
680 1803 823 1888 Lupicia,
859 1803 1000 1884 deinceps
1029 1803 1199 1885 Euphemia

113 1885 218 1983 flictu,
239 1885 311 1946 hnic
331 1886 455 1986 §ophim
497 1885 586 1960 (Sunt
605 1897 707 1946 tamen
728 1887 781 1970 qui
801 1885 974 1986 posterioris
999 1885 1105 1982 lustiui
1125 1909 1199 1985 con·

111 1967 612 2127 lllimffla‘lii'lmaillilllil
643 1969 738 2113 lli}
760 1969 1199 2132 ttlttlltltltttt

113 2136 240 2214 reperit.
283 2134 357 2194 vid.
379 2135 443 2196 eius
467 2133 578 2194 Famil.
599 2133 725 2218 Byzant.
751 2156 780 2216 p.
808 2156 877 2197 ras.
929 2135 1031 2196 Etiam
1057 2134 1136 2196 infra
1164 2157 1197 2216 p.

114 2215 189 2295 458.
215 2216 249 2279 C.
263 2239 294 2300 7.
317 2211 537 2288 Ἰουστινιανὸς
566 2210 584 2276 si
609 2217 708 2296 μέγας
733 2238 790 2298 pro
818 2213 834 2278 ὁ
860 2211 974 2300 μικρὸς
1005 2213 1054 2277 vel
1084 2209 1101 2276 ὅ
1130 2217 1199 2289 νέος

112 2298 304 2380 appellatur,
325 2309 361 2360 ut
381 2300 422 2360 ibi
442 2301 558 2360 notavi.
601 2301 811 2371 coniecturam
842 2321 941 2362 meam
968 2299 1126 2360 confirmat
1152 2309 1198 2360 sei

111 2403 214 2463 quens
241 2386 274 2443 iu
301 2385 465 2444 continenti
496 2384 610 2443 mantio
641 2405 728 2444 arcae
750 2385 908 2444 iustiniani
939 2383 1075 2444 minoris.
1140 2381 1199 2442 llic

114 2463 178 2524 loci
198 2464 311 2526 bahem
341 2463 432 2530 oenbo
464 2465 590 2548 catalogi
611 2461 782 2526 'lavass'vov
812 2486 868 2548 pro
901 2465 1079 2526 iustiniano.
1131 2464 1198 2525 AB.

113 2547 276 2608 mulierem
305 2567 367 2608 non
398 2550 554 2619 nominet,
585 2547 687 2613 dicus
714 2557 836 2610 tantum
868 2540 1030 2610 ἀπόκειται
1068 2541 1090 2626 ἦ
1121 2542 1199 2628 γυνὴ

106 2626 305 2706 ’Ionatham
343 2631 411 2692 DC.
445 2639 547 2690 tamen
583 2632 614 2690 in
647 2631 770 2690 nomine
797 2629 953 2691 Eudociae
981 2629 1093 2689 Nostro
1127 2649 1200 2688 con-
1250 2627 1255 2636 ”

110 2713 219 2773 sentit.
557 2719 561 2726 ’
717 2709 719 2718 '

201 2793 237 2854 Β.
254 2813 286 2855 a.
308 2791 398 2875 [644.
428 2787 489 2875 ro.]
510 2787 771 2865 Ἰουστινιανόςῦ
803 2787 928 2876 μικρὸς.
976 2789 1063 2853 Alias
1086 2791 1201 2853 llhino-

111 2887 241 2938 tmetus.
281 2876 383 2938 Ambo
405 2874 533 2959 catalogi
554 2877 698 2938 Iusu'ruan
725 2877 873 2938 minorem
894 2877 1070 2956 nominant,
1109 2875 1202 2938 mari'·

111 2969 186 3021 tum
204 2959 348 3043 Sophiae,
370 2962 504 3040 proxime
523 2962 686 3041 sequentis.
962 2982 969 2997 ·

153 3124 161 3138 ι
201 3043 235 3103 Β.
255 3043 288 3104 6.
327 3041 401 3121 644,
418 3039 481 3123 ra]
506 3033 665 3120 ὄνυχίτου.
706 3040 776 3102 lilia
798 3040 910 3124 species
930 3043 1090 3104 marmoris
1108 3041 1201 3102 Doci-

111 3145 283 3268 ''¹¹¹'’nli
305 3145 487 3292 nillil?
499 3124 972 3287 lttltt.?.⁰'⁰tttff¹¹'ltl⁰t.
1003 3230 1035 3290 p.
1053 3207 1127 3287 aa..
1151 3205 1200 3278 a,

112 3287 174 3350 ubi
194 3311 263 3350 eum
283 3291 432 3350 accubare
449 3292 535 3348 uxori
556 3311 628 3351 suae
648 3291 823 3352 anastasiae
846 3293 877 3350 in
899 3291 973 3352 aede
993 3291 1049 3352 SS.
1071 3290 1202 3370 Aposto-

113 3374 220 3434 lorum
240 3374 292 3434 ait.
336 3375 493 3434 Anastasia
518 3372 570 3433 illa
591 3384 636 3435 est
654 3374 715 3434 alio
744 3375 867 3434 nomine
902 3373 1050 3434 celebrior
1071 3371 1203 3432 Martina
1275 3429 1276 3432 ,

111 3455 196 3532 (vid.
223 3473 313 3538 supra
345 3477 378 3538 p.
395 3455 467 3534 364.
484 3456 524 3515 A.
539 3454 608 3534 4.),
657 3457 754 3516 Fabia
788 3476 861 3516 vero
890 3455 941 3516 hic
961 3457 1127 3516 memorata
1158 3457 1203 3514 est

139 3539 205 3598 rior
224 3537 356 3600 Heraclii
378 3559 472 3603 uxor.
509 3538 605 3598 Fabia
624 3539 780 3612 Eudocia3
813 3537 876 3599 vid.
903 3538 955 3598 Du
981 3539 1083 3616 Gange
1111 3537 1200 3596 Fam.

113 3559 246 3765 gymnpnt.
280 3643 311 3705 p.
336 3621 404 3685 116.
456 3619 519 3682 Pro
539 3622 635 3684 Fabia
666 3620 805 3702 Φλαβία,
826 3621 952 3698 Flauia,
976 3621 1093 3682 liabent
1112 3617 1202 3679 ambo

115 3724 157 3765 0⁸
250 3753 257 3771 .

199 3722 425 3869 (ignia-[6443
443 3783 670 3870 17.]Φαῦστα.
712 3784 803 3867 Apud
825 3783 974 3867 Gangium
994 3784 1017 3845 Ι.
1032 3805 1060 3845 c.
1081 3805 1115 3866 p.
1137 3798 1203 3847 rao'.

116 3867 310 3929 Anastasiam
345 3872 462 3951 reperio
493 3868 637 3948 appellari
668 3889 789 3930 uxorem
821 3869 1009 3928 Constantini
1039 3867 1201 3948 Pogonati.

115 3951 215 4013 Forte
231 3951 263 4012 id
282 3952 338 4033 ipsi
360 3971 469 4012 nomen
494 3951 577 4028 suit,
597 3971 778 4031 praenomen
800 3961 902 4012 autem
921 3951 1044 4011 Fausta.
1088 3950 1204 4015 Ambo-

115 4033 179 4095 bus
211 4035 352 4117 catalogis
372 4034 496 4096 deerant
516 4045 648 4096 extrema
677 4032 770 4094 verba
805 4025 825 4113 ἦ
858 4027 938 4112 γυνὴ
964 4031 1203 4094 lissamam'vov

119 4114 338 4193 Πογωνάτου.
382 4118 558 4200 Suspicatus
578 4129 678 4177 tamen
698 4115 901 4176 luitBandur.
923 4115 962 4175 Τ.
989 4115 1031 4176 ll.
1077 4159 1085 4174 .
1108 4108 1203 4190 812„

112 4199 266 4280 Pogcnati
286 4221 411 4264 uxorem
428 4201 507 4264 hanc
520 4199 664 4264 Faustam
684 4192 786 4262 fisisse.
829 4199 923 4262 Forte
935 4209 1008 4260 nata
1029 4137 1080 4259 nl.
1095 4195 1203 4258 lacuna
