2975 4892
175 328 231 398 sn
261 331 515 400 Arruntem
548 335 625 398 uu.
654 336 680 398 r.
714 333 771 396 on
799 326 998 398 OEttlttott.
1059 301 1144 408 545

79 487 148 551 aliud
166 491 318 571 seusigni,
338 490 581 568 senornomcoti,
603 511 656 552 seu
674 488 788 551 tutelae
800 487 1077 550 terriculamentive
1090 489 1145 552 ad-

79 593 165 632 versus
185 575 301 634 ictuum
320 575 403 653 vim,
425 575 456 634 in
470 572 587 635 hostem
601 572 758 647 additum,
782 576 956 654 impositum
976 581 1053 633 esset
1068 618 1077 650 ,
1093 574 1147 636 sed

76 675 147 716 mera
164 665 194 715 et
214 655 296 715 nuda
315 656 410 738 galea.
450 657 523 716 Vid.
545 657 621 717 ibid.
643 678 675 738 p.
691 654 765 739 469.
782 668 884 738 antep.
929 657 974 716 lta
994 647 1148 738 λιτὸςᾶρ-

76 757 120 808 τος
129 737 205 820 apud
217 738 344 822 Diogen.
360 742 463 800 Lairt.
472 738 582 822 p.609.
591 741 622 802 5.
640 751 686 800 est
700 739 781 799 idem
802 747 892 820 atque
907 731 1017 819 ξηρὸς,
1030 739 1146 818 medus,

76 823 152 880 siccus
160 822 261 904 pand,
283 821 467 904 absqucullo
481 825 620 904 opsonio.
642 821 760 882 Adhoc
776 822 868 903 igitur
880 819 1049 902 exemplum
1065 817 1150 882 teris

78 902 175 984 ubique
197 915 276 964 verti
290 926 410 988 pimini.
430 905 510 966 Nam
540 916 653 966 vestem
670 925 781 988 puram
804 903 997 987 appellabant
1019 903 1145 982 Latini,
1256 927 1265 934 ·

77 990 349 1128 qoamosmeutis
370 999 496 1086 careret.
539 987 710 1050 Trcbellius
722 986 823 1048 Pollio
841 989 874 1048 in
895 985 1021 1046 Claudio
1035 1007 1066 1068 p.
1077 987 1147 1070 39⁰·
1233 985 1237 992 ’

76 1083 128 1292 ἐξ]
146 1069 1075 1297 sosprpldld'tdlaslffiialddhsuiiiilirllrdipigiillimplbbddlllrgllddl,
1084 1082 1146 1296 {dt

79 1255 148 1377 otii
160 1257 393 1378 Abridlailllllu.
421 1279 508 1401 ligia
528 1247 681 1404 iiicomlild
700 1246 1092 1400 hppptp.iploesppuorphm
1113 1257 1146 1380 act

77 1419 158 1476 auro,
177 1400 227 1462 vcl
248 1404 341 1462 etim
379 1402 478 1464 iuihus
498 1401 680 1484 aquilarum,
703 1403 900 1464 victoriarum
929 1411 959 1462 et
974 1404 1145 1485 principum

77 1492 161 1542 cruta.
183 1487 287 1544 Latini
305 1505 335 1544 m
375 1485 395 1545 ii
407 1487 473 1546 aevi
493 1487 639 1568 simplices
653 1497 684 1546 et
703 1485 781 1544 alias
801 1483 1014 1568 appellabunt,
1035 1505 1144 1568 nempe

76 1577 197 1646 inspectu
219 1565 325 1628 habito
343 1567 382 1628 ad
403 1580 501 1630 vestes
516 1582 661 1652 pamtas,
694 1569 726 1628 id
749 1578 793 1628 est
812 1579 947 1640 comus,
973 1567 1011 1627 ad
1032 1589 1144 1650 paran-

77 1646 161 1725 dum,
183 1646 227 1721 ὥς
246 1645 326 1731 πρὸς
346 1648 495 1725 lmlisi'gir
518 1647 575 1713 xci
593 1642 684 1730 ὄγκον
702 1651 819 1728 factas,
846 1671 922 1732 quas
947 1651 1046 1712 medio
1070 1671 1145 1712 aevo

75 1746 181 1792 cnutus
204 1752 326 1814 quoque
348 1731 551 1816 appellabant.
593 1733 669 1794 Nam
683 1733 764 1814 apud
784 1733 978 1794 Anastasium
1003 1745 1046 1794 cst
1066 1737 1143 1794 sari·

75 1834 106 1872 ca
121 1817 243 1898 pressim
262 1829 386 1892 circata,
407 1819 465 1877 nisi
487 1817 587 1897 potios
607 1831 713 1892 ornata
732 1835 789 1898 pro
802 1815 1043 1896 περιορνευμὲνη
1065 1818 1144 1876 ecci·

78 1896 143 1974 pias.
181 1897 298 1980 Regula
318 1897 353 1960 S.
375 1898 504 1960 Caesarii
525 1899 564 1960 nd
585 1901 725 1981 Virginea
756 1917 784 1960 e.
802 1919 878 1958 aaa
911 1899 1047 1957 lectualia
1073 1901 1144 1958 sim-

73 1978 154 2057 plicii
171 1983 242 2041 sciit.
288 1981 369 2042 Nam
399 1985 470 2042 satr's
493 1983 661 2044 indecorum
689 1995 754 2054 est,
796 1983 823 2040 ri
856 1983 888 2040 in
913 1981 986 2040 lecto
1007 1983 1145 2062 iclr'gt'oso

77 2063 194 2144 stmgrda
211 2065 376 2126 soecrilanir
405 2077 457 2125 usit
475 2067 586 2149 tapetiis
604 2068 687 2149 picta
711 2064 928 2148 resplendeant.
973 2061 1146 2124 Chronicou

75 2141 236 2208 Cassinensc
252 2145 305 2206 lll.
319 2146 371 2230 74.
393 2147 572 2208 Maroneus
586 2161 723 2232 paratas,
746 2157 867 2208 ornatas
888 2145 926 2206 de
938 2143 1101 2208 collaribus
1116 2157 1147 2210 ct

74 2230 186 2290 manicis
206 2239 240 2289 et
259 2228 381 2310 tabulis,
402 2239 559 2306 memorat,
579 2243 608 2290 ct
627 2231 725 2306 airus,
755 2230 786 2290 id
806 2241 851 2290 est
870 2229 981 2290 diversi
1003 2233 1144 2312 generis,

73 2305 170 2385 λιτὰς,
192 2333 257 2372 non
277 2325 413 2394 paratas,
433 2315 718 2388 cmdecim5t1micas
731 2325 857 2394 paratas
893 2315 1018 2397 uiaque,
1038 2326 1069 2373 et
1086 2315 1146 2374 att-

74 2413 103 2448 ιω
121 2394 217 2455 decem
244 2409 273 2455 et
295 2416 412 2457 nossem.
456 2393 652 2479 [scholiastes
671 2395 859 2478 Thucydidis
872 2333 919 2454 il.
943 2415 995 2478 97.
1019 2417 1049 2478 p.
1076 2397 1145 2458 162.

74 2471 119 2534 33.
147 2479 298 2558 explicans
323 2478 407 2540 illam
435 2477 536 2539 thesin
565 2473 693 2560 ὑφαντὰ
720 2475 777 2538 καί
802 2479 889 2556 λεῖα,
920 2489 1003 2538 textu
1030 2492 1057 2540 et
1084 2481 1145 2540 lae·

71 2557 135 2632 via,
157 2563 200 2622 sic
221 2562 283 2622 aits
309 2563 377 2622 tera
397 2555 436 2623 coi
457 2556 554 2634 titt,
591 2557 670 2642 πρὸς
698 2553 939 2658 α’ντιδιαστολῇν
957 2559 1018 2620 τῶν
1041 2557 1147 2642 dpov-
1220 2597 1224 2604 -

72 2638 129 2697 τῶν
147 2643 202 2704 καί
221 2642 476 2720 πεποικιλμένων.
518 2643 596 2705 Sunt
624 2663 695 2724 ergo
716 2641 760 2701 illi
787 2635 826 2701 ui
846 2643 919 2701 λιτα
941 2651 1038 2702 vestes
1057 2647 1148 2705 unius

69 2719 108 2780 fili
135 2737 228 2808 atque
255 2725 389 2802 coloris,
419 2747 515 2809 eoque
543 2727 653 2795 diversi
676 2747 696 2784 s
720 2723 854 2784 vestibus
879 2721 1148 2804 multicoloribus,

70 2822 140 2883 quae
158 2809 334 2891 Thucydidi
369 2805 408 2870 td
429 2803 555 2892 ὑφαντὰ
576 2823 631 2890 per
652 2807 857 2870 excellentiam
880 2806 1041 2886 dicuntur3
1075 2829 1147 2868 uam

71 2893 201 2967 quamvis
222 2895 315 2954 unius
334 2893 376 2954 lili
396 2903 487 2975 atque
507 2891 616 2953 coloris
636 2901 734 2951 vestes
755 2911 818 2951 uon
838 2889 939 2950 minus
958 2890 1018 2950 sint
1037 2901 1147 2968 textae,
1269 2891 1272 2900 '

69 2991 154 3048 quam
180 2975 343 3037 multilices
370 2987 400 3036 et
427 2973 650 3051 multicolores,
670 2985 773 3034 tamen
796 2971 853 3032 hae
873 2975 905 3032 in
925 2973 1023 3054 specio
1036 2993 1148 3034 nomen

70 3049 331 3200 ipodc‘iemcrentur,
359 3061 519 3142 quiscum
540 3069 606 3118 arte
625 3068 655 3118 et
674 3055 831 3148 diligentia
854 3065 951 3118 textae
971 3067 1052 3117 suut.
1091 3057 1149 3118 Ex

143 3139 232 3286 (1.51.
251 3205 397 3308 [d70,5.]
426 3203 489 3284 cinti
511 3221 696 3302 dtdlam'cov
727 3209 835 3286 dccciv.
876 3222 1004 3286 Reddidi
1025 3227 1151 3308 qreorimi

64 3311 280 3382 praestantiora
303 3308 420 3392 parilem
433 3321 544 3368 assutas
565 3308 671 3366 bahem
691 3307 807 3390 aqriilas
822 3307 977 3368 ditonum
986 3349 999 3378 ,
1020 3305 1072 3366 sed
1095 3304 1149 3364 de·

70 3383 189 3460 buernm
212 3412 340 3475 quomm
361 3393 579 3474 praestantiora
599 3390 717 3474 qrrrklcm
731 3391 825 3468 sacta
850 3403 916 3450 sum
943 3409 984 3448 ex
1009 3389 1150 3446 diblattco

70 3465 127 3549 [sco
148 3472 197 3535 bis
217 3471 331 3556 tincto]
352 3475 408 3534 illo
514 3473 668 3554 igcnere,
702 3472 784 3554 quod
811 3473 850 3530 cb
879 3472 1000 3532 intextis
1042 3470 1152 3553 aquilis
1227 3537 1230 3545 Ι

69 3571 167 3644 tossen
187 3557 289 3617 habet.
332 3485 620 3638 Credefflnempe
640 3567 718 3626 tum,
738 3554 878 3634 aquilas,
904 3551 1021 3632 imperii
1043 3551 1151 3611 Gracci

70 3641 209 3720 msignc,
241 3645 354 3700 assutas
374 3638 529 3700 tibialibus
551 3659 601 3700 seu
623 3637 740 3698 braccis
761 3637 861 3702 luisse.
903 3631 1049 3694 Nondum
1070 3633 1151 3694 scili-

69 3730 111 3796 ςεῑ
137 3733 214 3783 tnnc
247 3723 382 3785 videram
412 3722 549 3784 Caesaris
581 3719 697 3782 CPtani
725 3719 887 3800 imaginem
917 3715 1024 3788 illurn,
1061 3737 1155 3799 quam

69 3799 274 3868 Rhamnusius
303 3805 429 3867 laudato
458 3805 548 3888 paulo
578 3815 648 3865 onte
677 3801 756 3864 libro
777 3823 831 3862 auo
853 3801 890 3861 de
903 3799 986 3860 Bello
1009 3800 1151 3876 Veneto,

69 3881 129 3946 loco
149 3893 297 3966 tertiam,
320 3891 485 3969 proposuit,
505 3899 601 3948 totam
619 3907 786 3967 respersam
812 3886 931 3946 intextis
952 3883 1069 3964 aquilae
1090 3885 1155 3943 sin·'
1236 3878 1248 3896 ⁶

68 3967 176 4046 gulam
196 4019 207 4047 ‚
231 3993 295 4034 non
317 3972 471 4054 bicipitis,
493 3971 606 4052 liguris.
648 3970 700 4030 Ab
727 3969 775 4029 his
797 3967 904 4050 aquilis
936 3965 1069 4048 figuratis
1099 3965 1152 4035 ad-

66 4046 158 4120 haesit
176 4076 285 4138 pauno
307 4077 428 4116 nomeu.
469 4055 583 4114 Retulit
602 4053 681 4113 hane
706 4055 803 4132 ipsam
827 4053 987 4131 imaginem
1010 4069 1080 4108 curn
1104 4069 1152 4108 re·

67 4131 152 4214 liquis
172 4139 297 4200 duabus
317 4161 335 4199 a
358 4138 545 4200 Rhamnusio
574 4137 661 4197 editis
689 4135 870 4215 imaginibus
904 4133 1095 4213 imperatoris
1124 4139 1154 4189 et

66 4213 271 4300 lmpcmtricis
280 4221 472 4284 CPtauorum
486 4221 537 4280 Du
552 4219 651 4303 Caogc
664 4218 770 4281 tabula
785 4219 841 4278 Vl.
865 4215 986 4278 illarum
998 4213 1154 4290 undecimi

97 4335 304 4390 condaminas
320 4335 455 4408 Porphyr.
484 4334 543 4390 Vol.
560 4335 596 4388 ll.
922 4329 957 4382 ts
