2975 4892
336 284 419 377 850
574 310 631 377 ro.
653 309 733 377 mc.
760 309 907 374 ausin
931 304 1222 379 conmarrsmr

335 472 405 531 niae
424 466 560 529 inferiori
583 476 614 527 ct
642 462 743 545 Belgio
764 472 909 543 irsurpata
936 482 994 544 pro
1016 459 1155 523 femorali
1187 462 1423 545 pmefimfio,
1480 431 1481 498 Ϊ

337 564 372 615 ut
393 550 542 633 intelligas
563 548 740 609 erramina
761 547 930 621 Perizonii,
961 546 1044 629 quod
1064 544 1174 627 aliquis
1196 545 1241 605 de
1269 548 1422 605 maioralm

337 634 525 699 celeberrimi
547 626 727 693 professoris
749 628 921 701 Leidensis‚
945 627 1045 688 iacobi
1067 628 1244 704 Perizooii,
1279 650 1364 689 more
1381 631 1421 688 sni

338 716 450 781 saeculi
486 716 673 793 assumebat,
707 711 824 772 abiecto
856 714 951 771 reteri
975 710 1080 793 gentili
1099 712 1228 771 nomine
1251 711 1424 792 Vortmgge.

338 802 478 863 Gestasse
499 800 649 861 Romanos
670 794 863 857 saeculiVIl.
883 794 958 855 tales
983 794 1083 870 hasar,
1103 793 1201 876 liquet
1223 815 1262 854 ex
1283 795 1424 877 Ciampini

338 885 404 947 tab.
425 884 476 944 32.
499 885 571 945 tomi
592 880 713 941 secundi
736 880 927 937 Monument.
949 887 1010 937 vet.
1029 922 1040 954 ,
1061 876 1116 936 ubi
1142 876 1315 937 exhibetur
1340 882 1425 959 imago
1480 951 1481 960 ἵ

341 966 558 1029 &sebasteni
582 964 755 1023 exmusivo
774 960 915 1020 ecclcsiae
932 961 965 1020 S.
999 960 1083 1021 Petri
1100 959 1139 1019 ad
1159 959 1300 1020 Vincula
1325 964 1424 1035 Urbs,
1480 1005 1482 1066 ,

341 1070 422 1111 atino
443 1046 519 1109 Chr.
540 1046 612 1107 682.
638 1054 828 1116 exstructae,
849 1065 911 1124 qua
932 1046 964 1103 io
986 1040 1116 1125 imagine
1137 1053 1267 1125 praeter
1284 1043 1352 1105 alia
1372 1045 1427 1105 rol
1480 1093 1481 1096 ,

340 1126 805 1293 tttsstitltttmhlff?
824 1124 1428 1291 ἴρῖῗῗὲῗξέᾟὲῗέωῗέἶᾍᾚ

340 1296 519 1374 distinctae,
541 1305 576 1356 ut
600 1293 828 1375 auriphrygium
850 1294 882 1352 in
901 1293 1022 1374 regione
1041 1314 1121 1375 genu
1141 1294 1282 1374 positum
1297 1295 1429 1355 videaur

339 1376 496 1440 femoralia
524 1398 544 1438 a
580 1376 752 1437 cruralibus
793 1375 936 1435 dirimere
968 1374 1057 1435 velle.
1101 1375 1277 1458 Procopius
1309 1398 1365 1439 eas
1396 1382 1430 1439 εἰ

338 1480 373 1545 p.
388 1462 438 1523 δα.
453 1460 604 1523 Aueedot.
648 1460 780 1519 Graecos
807 1460 913 1519 aetatis
933 1478 1005 1519 suae
1026 1468 1157 1541 gestasse
1176 1458 1218 1520 ab
1243 1461 1429 1522 Hunnisac·

339 1554 466 1626 ceptasr
488 1540 523 1605 ai
543 1540 699 1639 iomuldeg
713 1538 770 1601 καὶ
788 1536 975 1637 α’ναξυρζδες
994 1538 1050 1601 καὶ
1065 1538 1129 1602 τῶν
1147 1538 1376 1623 ὑποδημάτων
1397 1541 1429 1605 ri

339 1628 474 1689 πλεῖστα
499 1624 534 1698 ἐς
552 1624 616 1687 τῶν
648 1623 778 1686 Ovrrmr
798 1619 882 1696 ress
900 1644 1010 1721 ,ampo
1033 1622 1090 1721 καί
1106 1619 1162 1685 rds
1183 1622 1305 1705 τρόπον
1327 1619 1433 1687 ἀκαί-

342 1728 446 1853 :trs
469 1708 706 1873 etsta:
729 1706 1433 1875 ,rra

340 1876 476 1937 nomina.
515 1874 660 1957 Designat
679 1874 861 1933 arorelausia
882 1883 913 1932 et
931 1874 1016 1933 horos
1035 1884 1066 1932 et
1084 1887 1220 1953 acragas.
1267 1874 1314 1935 Et
1334 1877 1430 1959 paneri

341 1956 437 2019 dubio
458 1956 632 2019 lluooicum
649 1966 744 2053 atquc
763 1955 926 2017 Gothicum
940 1966 1097 2052 ,gestamur
1116 1968 1191 2055 sunt
1210 1956 1333 2036 hosac3
1346 1982 1431 2056 squa-

341 2052 466 2187 opp
485 2041 737 2205 tiplttttt
750 2039 1003 2203 attath
1024 2037 1431 2207 {mmm

340 2144 542 2267 Eudamum.
587 2208 715 2266 Gestant
733 2202 824 2265 hosas
847 2204 917 2268 satis
937 2202 1019 2265 laxas
1045 2199 1229 2283 κρασσοτὰς
1259 2220 1320 2268 ant
1337 2210 1433 2269 dmm·
1480 2205 1482 2288 l

341 2297 406 2365 tas,
438 2288 537 2349 idest
564 2290 693 2366 excisas,
724 2298 754 2347 et
774 2286 815 2347 ab
842 2286 878 2348 iis
907 2288 1036 2347 Romani
1067 2289 1207 2369 protinus
1227 2294 1433 2353 assumebant.
1480 2291 1481 2340 ἐ

339 2368 457 2431 Consul
478 2370 509 2431 in
530 2370 676 2453 diptycho
696 2370 748 2430 Du
758 2370 863 2453 Caogii
884 2370 994 2449 (tabl.
1017 2371 1134 2430 dissert.
1152 2369 1193 2431 de
1208 2380 1354 2436 nummis
1376 2380 1434 2435 aevi

340 2453 525 2536 posterioris)
554 2454 643 2515 hosas
674 2454 859 2535 conspicitur
886 2474 992 2535 gerens
1012 2474 1105 2535 paene
1124 2452 1251 2515 talares.
1300 2458 1363 2519 Sed
1381 2462 1434 2517 iam
1480 2487 1481 2490 ¹

340 2534 458 2597 dudum
479 2548 549 2597 onte
568 2535 723 2597 meculum
742 2536 785 2595 V.
815 2538 967 2597 Romanos
985 2546 1113 2619 gestasse
1138 2536 1253 2616 hosas,
1290 2542 1361 2622 ipso
1380 2545 1433 2601 ian
1480 2567 1481 2576 ¹

340 2619 461 2681 saeculo
483 2620 573 2680 lll.a
595 2618 717 2679 Christo
733 2630 826 2690 nato,
848 2618 956 2701 colligo
979 2641 1013 2679 cx
1029 2620 1095 2680 loco
1113 2620 1290 2682 llemdiani
1315 2626 1374 2685 Ν.
1391 2626 1433 2684 13.
1480 2615 1481 2684 l

341 2700 369 2783 S.
389 2723 459 2776 rr.,
481 2702 534 2763 ubi
550 2701 721 2763 describens
739 2702 863 2762 caedem
878 2702 1026 2762 Antonini
1048 2702 1223 2763 Caracallae
1246 2726 1269 2765 a
1303 2707 1434 2768 Martiali
1480 2701 1481 2754 l

276 2942 280 2951 ,
339 2785 852 2929 lttltfflttttthtstiist
886 2786 1063 2929 iiiiii
1078 2786 1434 2952 ttffis‘tti

340 2948 381 3011 ab
409 2970 445 3010 eo
477 2962 640 3027 vocatum,
670 2954 855 3028 accurrisse,
884 2962 914 3011 et
941 2973 1012 3012 eum
1039 2972 1057 3010 a
1088 2954 1201 3032 postica
1236 2956 1432 3028 confodisse,
1480 3013 1481 3022 ,

340 3032 414 3093 dum
434 3034 467 3093 io
483 3054 519 3094 eo
542 3043 619 3093 essct
632 3031 806 3107 Caracalla,
832 3044 867 3093 ut
881 3046 976 3095 restes
992 3035 1138 3094 semorum
1155 3036 1213 3095 sibi
1234 3036 1433 3115 denudem

338 3110 468 3187 ἐπιστὰς
488 3114 576 3198 αὐτῷ
596 3110 654 3186 τὰς
675 3114 813 3195 ἐσθῆτας
832 3115 895 3176 τῶν
910 3116 1021 3196 μηρῶν
1039 3116 1222 3177 audalaum
1243 3112 1433 3200 ἆπεπραμ·

337 3196 421 3281 μένῳ
442 3194 530 3259 παίει
549 3196 687 3282 ξιφιδίῳ.
731 3200 793 3276 Qui
813 3200 911 3280 potuit
926 3198 1080 3260 Caracalla
1092 3210 1189 3259 vestes
1208 3200 1434 3265 defemoribus
1480 3257 1481 3264 ,

338 3279 517 3358 detrahere,
539 3280 680 3341 deorsum
700 3280 895 3364 destringere,
917 3284 942 3343 si
962 3283 1052 3343 hosas
1072 3302 1134 3341 noo
1156 3288 1278 3364 gessit?
1324 3288 1432 3348 Graeci

338 3372 370 3422 et
397 3363 527 3425 Romani
554 3375 693 3425 ventrem
723 3362 863 3425 laxat-uri
878 3386 938 3425 non
972 3364 1189 3444 detrahebant,
1220 3366 1276 3427 sed
1299 3370 1434 3431 attrahe

339 3442 437 3523 bant,
459 3444 676 3525 revolvebant,
697 3447 873 3529 regerebant
893 3450 924 3508 io
936 3451 1074 3529 superius
1086 3460 1200 3523 vestes,
1222 3460 1260 3509 ut
1280 3452 1433 3513 foeminae

338 3538 470 3593 nostrae.
513 3530 591 3590 Hinc
620 3529 709 3591 hosas
734 3533 826 3591 etiam
853 3526 1045 3611 ἀναξυρίδας
1073 3530 1294 3612 appellabant,
1328 3537 1362 3596 id
1391 3547 1435 3597 est

336 3604 535 3689 α’νασὺρταυς
561 3610 698 3692 ἐσθῆτας
705 3656 715 3688 ,
761 3614 936 3695 adoptantes
965 3612 1194 3696 appellationem
1232 3616 1314 3677 mori
1352 3641 1432 3690 suo,

337 3706 400 3751 non
423 3698 558 3774 gentium
579 3698 676 3766 mori,
699 3696 737 3755 de
757 3698 868 3778 quibus
887 3696 1100 3779 loquebantur.
1133 3698 1234 3757 Hosae
1253 3703 1340 3760 enirn
1362 3724 1433 3784 prn-

336 3774 404 3853 prie
424 3786 496 3837 sont
518 3775 743 3858 καταξυρίδες,
759 3780 963 3857 destrictam,
986 3800 1050 3840 non
1075 3775 1278 3861 ἀναξυρίδες,
1302 3802 1433 3865 regesto-

336 3855 396 3915 ria.
436 3856 552 3918 Verum
573 3862 598 3920 si
619 3861 708 3921 hosas
728 3860 941 3944 ucro'gvpriloe
962 3861 1181 3943 appellassent,
1202 3863 1319 3946 vulgus
1334 3870 1433 3929 Grae·

336 3956 408 3997 cum
436 3959 497 3998 non
528 3941 738 4023 intellexisset,
768 3964 864 4027 quum
892 3944 1047 4007 femoralia
1069 3946 1252 4028 destringere
1270 3970 1341 4011 non
1360 3973 1433 4035 pos·

337 4030 424 4094 sent,
446 4022 497 4082 sed
518 4044 635 4106 semper
655 4039 838 4109 regerereot.
888 4028 991 4098 Hosae
1012 4032 1105 4112 igitur
1135 4030 1211 4109 hae,
1242 4052 1431 4117 quocunque

335 4101 459 4164 demum
481 4116 618 4187 tempore
642 4112 778 4172 invectae
797 4113 830 4173 in
851 4132 942 4173 usum
955 4112 1162 4173 Romanorum
1176 4124 1207 4174 et
1220 4116 1425 4187 Graecorum.

335 4184 466 4270 duplicis
488 4200 574 4250 erant
593 4194 724 4275 gebarim
746 4209 861 4277 cosme,
882 4194 989 4278 quales
1008 4208 1165 4259 naumeet
1178 4198 1313 4264 Helvetii
1328 4204 1431 4263 adhoc
