2975 4892
830 12 878 74 ἱ.

381 365 461 467 ι34
578 393 635 456 ιο.
665 389 746 454 ue.
777 389 924 458 nnunu
959 383 1244 500 commeari

374 547 432 606 Gr.
461 544 496 605 h.
523 565 556 606 v.
583 541 687 612 stlat.
712 561 746 606 v.
780 538 933 600 Advocati
960 538 1158 598 ecclesium.
1201 535 1315 597 Munus
1346 551 1450 596 comm

374 637 440 691 erat
462 629 621 710 praecipue
648 626 717 685 iura
740 622 952 702 ecclesiam,
983 631 1014 681 et
1039 642 1107 701 eos,
1137 619 1191 703 qui
1218 617 1292 680 illno
1312 617 1451 701 coninge-

374 721 463 786 rent,
484 709 656 769 defendere.

457 790 625 934 114493,
646 787 712 872 rm]
734 787 960 869 μητροπολῖται
979 783 1229 868 α’ρχιεπίσκοιιω.
1270 785 1317 847 Μ.
1334 802 1453 867 μητρο-

374 878 498 946 notem
518 895 571 938 και
615 870 842 955 ρχιεπὼκοποι.

456 1027 493 1086 Β.
513 1015 645 1108 rr.[29,
665 1023 729 1106 16,]
759 1017 940 1099 ψάλλονται.
981 1022 1017 1081 ln
1043 1021 1089 1085 M.
1112 1031 1158 1082 est
1181 964 1320 1098 uitta,
1347 1017 1381 1079 id
1407 1031 1454 1080 est

374 1106 563 1188 ψάλλοντες,
584 1119 619 1169 ut
632 1129 663 1189 p.
687 1129 734 1188 19.
754 1106 786 1167 6.
829 1107 979 1187 Persaepe
1000 1104 1032 1165 in
1048 1102 1142 1165 libms
1161 1114 1279 1164 nostros
1300 1105 1378 1184 typis
1401 1125 1454 1162 ex·

259 1229 263 1242 ·
374 1213 461 1252 cusos
480 1193 662 1273 irrepserant
684 1191 759 1253 vitia
791 1212 826 1250 ex
848 1210 905 1265 eo,
924 1188 1007 1270 quud
1029 1185 1158 1248 editores
1183 1190 1454 1268 manuscriptorum

375 1273 515 1338 codicum
529 1273 709 1358 compendia
719 1295 782 1341 non
797 1269 1105 1409 assequerentur.&E.
1123 1291 1153 1332 o.
1173 1269 1256 1352 apud
1271 1269 1456 1351 Procopium

375 1425 495 1494 Anecd.
520 1447 552 1508 p.
574 1425 626 1504 48.
653 1449 724 1508 pen.
752 1427 887 1488 lecerunt
907 1447 943 1486 ex
966 1444 1071 1524 rapopp
1084 1471 1095 1504 ,
1123 1420 1206 1504 quod
1229 1420 1334 1504 procul
1359 1421 1456 1483 dnbio

374 1513 407 1569 ln
429 1510 532 1570 codice
551 1511 638 1571 MSto
657 1522 740 1587 erat,
769 1510 889 1589 (idest
911 1507 1102 1589 ταραχθεις)
1131 1501 1280 1585 τάραχος.
1321 1504 1357 1566 ln
1378 1507 1454 1566 edit.

374 1589 536 1652 Hoeschel.
560 1593 662 1654 Photii
687 1593 832 1654 Biblioth.
854 1593 983 1673 passim,
1011 1601 1047 1650 ut
1059 1611 1092 1670 p.
1109 1594 1163 1670 45.
1184 1585 1236 1665 44.
1257 1586 1308 1664 45.
1335 1600 1365 1648 et
1380 1590 1457 1654 alibi

375 1685 420 1734 est
432 1675 489 1734 καί
506 1695 562 1754 pro
582 1673 767 1757 καταλήγει,
789 1689 820 1738 et
837 1679 909 1738 talia
928 1677 1039 1758 absque
1062 1693 1189 1738 numeru
1204 1674 1236 1730 in
1253 1669 1339 1734 libris
1350 1693 1457 1741 occur

372 1769 467 1834 runt,
488 1767 518 1818 et
532 1770 691 1830 occrrrrent
705 1761 794 1822 nobis
817 1764 850 1821 in
873 1761 932 1822 hoc
953 1763 1020 1842 ipso
1040 1771 1143 1829 nostro
1161 1774 1264 1835 opere·

404 1903 405 1908 ,
455 1842 490 1901 Β.
506 1842 622 1921 penult.
640 1843 708 1926 [n9‚
728 1845 794 1929 ¹7·]
817 1839 1125 1925 παρακρατούμενος.
1166 1840 1409 1918 Comprehensus
1428 1853 1459 1902 et

373 1927 556 2002 interceptus
577 1947 595 1984 a
610 1925 790 2006 comitibus,
812 1933 945 1991 subiecto
969 1928 1094 1990 brachio
1110 1947 1165 1986 suo
1182 1943 1252 1984 eum
1269 1923 1458 1986 sublevanti-

372 2006 442 2068 bus.
485 2007 532 2066 De
552 2006 667 2069 honore
684 2010 766 2090 hoc,
787 2034 878 2094 quem
896 2012 1071 2073 humiliores
1090 2006 1357 2088 honoratioribus,
1379 2031 1461 2090 quos

373 2089 549 2165 deducunt,
571 2091 735 2170 exhibent,
758 2099 804 2171 egi
824 2097 861 2156 ad
880 2119 913 2180 p.
937 2096 1010 2157 326.
1033 2095 1069 2154 C.
1094 2091 1125 2153 ὅ.

398 2255 403 2268 ¹
456 2173 492 2231 Β.
509 2169 564 2234 ult.
583 2172 652 2258 [n9,
673 2176 737 2261 18.]
759 2173 813 2239 ὅτε
831 2177 898 2259 τῆς.
937 2179 1061 2240 Plenior
1081 2175 1205 2257 quidem
1233 2175 1379 2254 impresso
1404 2196 1463 2235 co-

373 2251 441 2314 dice
458 2261 520 2318 non
540 2267 585 2316 est
609 2259 724 2321 calamo
740 2275 896 2343 exaratus,
924 2260 1021 2323 nihilo
1038 2271 1140 2327 tamen
1159 2259 1261 2321 minus
1280 2277 1343 2317 non
1363 2257 1461 2318 dubi-

372 2345 425 2418 to,
446 2339 576 2420 πλησιάν
594 2341 643 2403 hio
659 2343 812 2407 excidisse.

244 2419 372 2498 Elia-43
464 2421 501 2492 C,
529 2425 561 2500 4.
588 2422 655 2508 499,
680 2425 750 2510 on]
787 2427 951 2501 ζωοποιοῦ.
1000 2420 1200 2568 *praenotari
1234 2421 1328 2484 habet
1361 2425 1462 2485 Gom.

374 2503 413 2566 de
444 2506 553 2566 Loaisa
580 2507 612 2567 in
644 2511 724 2572 notis
760 2511 799 2582 ad
833 2510 976 2572 Chmnlc.
1028 2508 1122 2568 sideri
1154 2507 1228 2566 edit.
1257 2507 1391 2566 Taurini
1417 2507 1463 2575 A,

378 2586 481 2673 1595„
516 2588 571 2649 ubi
593 2611 625 2673 p,
640 2591 692 2652 62.
715 2595 774 2654 aits
800 2592 970 2655 Alexander
991 2589 1155 2657 monachus
1180 2587 1284 2650 libello
1301 2585 1345 2660 εἷς
1367 2580 1464 2672 ⁸30⁶-

374 2692 427 2732 σιν
445 2671 506 2732 τοῦ
522 2673 681 2736 σωοποιοῦ
700 2677 862 2758 σταυροῦ,
893 2680 947 2759 qui
964 2676 998 2735 in
1018 2672 1201 2736 bibliotheoa
1219 2693 1289 2741 mea
1308 2680 1354 2733 est
1379 2692 1464 2734 non«

374 2753 449 2816 dum
473 2755 580 2816 editus.
605 2755 622 2794 *
963 2791 966 2796 -

457 2838 494 2897 C.
507 2837 564 2897 ult.
583 2754 652 2920 ³30,
668 2839 716 2922 7.]
742 2833 859 2920 ἐκτενῆ.
897 2841 1017 2902 Dicitur
1046 2831 1151 2917 ἔκτενῆ
1181 2847 1212 2898 et
1235 2830 1363 2918 ἔκτενῆς
1383 2859 1464 2920 pro-

373 2918 486 2978 miscue
505 2933 647 2997 extensa,
670 2933 753 2982 certa
771 2944 895 3003 precum
914 2927 1005 2985 series
1025 2921 1165 3003 longior,
1196 2919 1362 3002 prolixior,
1398 2921 1464 2982 fer.

372 3000 494 3077 vidior,
516 3001 598 3062 unde
614 3004 669 3082 ipsi
686 3004 823 3064 nornen.'
850 3008 896 3067 lta
916 3000 1039 3087 ἐκτενῆς
1058 3001 1198 3066 λιτανεία
1217 3002 1372 3085 processio
1392 3025 1464 3086 sup.

373 3079 442 3162 plex
460 3081 550 3164 longa
571 3095 601 3144 et
618 3085 743 3147 lbrvidis
761 3088 900 3168 precibus
919 3091 1019 3150 Deum
1034 3108 1181 3162 exorans,
1202 3085 1284 3168 apud
1303 3085 1464 3165 Scylitzeu

374 3184 407 3246 p.
425 3165 497 3234 816.
519 3167 554 3226 Β.
573 3165 603 3227 8.
647 3168 841 3230 Recitabatur
858 3163 879 3253 ἦ
899 3166 1003 3252 ἐκτενῆ
1024 3183 1093 3253 post
1111 3169 1269 3252 Evangelii
1281 3168 1464 3231 lectionem.

374 3259 410 3308 ut
429 3270 446 3308 e
468 3260 609 3330 sequente
629 3253 738 3332 pagina
758 3265 859 3334 patet,
882 3265 913 3315 et
930 3257 962 3314 in
982 3275 1017 3315 ea
1036 3275 1093 3334 pro
1112 3255 1328 3312 circumstante
1341 3254 1464 3334 popul<

373 3341 403 3390 et
416 3341 480 3392 tota
493 3337 724 3411 communione,
748 3349 904 3416 praesente
917 3383 927 3415 ,
948 3336 1092 3413 absente,
1114 3357 1170 3418 pro
1183 3335 1395 3416 principibus,
1420 3359 1464 3398 sa

371 3413 563 3492 cerdotibus,
584 3419 827 3500 magistratibus,
859 3420 1099 3485 benefactoribus
1121 3417 1335 3494 eeclesiarum,
1369 3418 1451 3479 aliis

305 3515 310 3529 *
371 3498 470 3572 vivis,
498 3501 640 3577 mortuis,
674 3522 779 3583 preces
801 3503 925 3564 flebant.
966 3504 1023 3563 Est
1045 3523 1119 3584 ergo
1143 3501 1200 3561 des
1222 3501 1464 3581 Kioelrengeheti

374 3601 406 3650 et
441 3595 766 3660 Muhammedanorum
799 3586 896 3669 zahi>
914 3603 1077 3671 clodulei,
1112 3621 1208 3660 unum
1234 3599 1273 3660 de
1303 3599 1464 3676 regatthu

371 3693 559 3738 summorum
579 3683 768 3762 principum,
796 3683 835 3744 de
855 3707 917 3766 quo
935 3705 967 3745 v.
992 3686 1034 3743 D.
1058 3682 1205 3744 Herbelot
1226 3681 1305 3747 Bibl.
1330 3683 1464 3745 Oriemt

370 3775 403 3835 p.
424 3778 496 3840 999.
524 3761 594 3820 fine.
637 3764 790 3827 liebertus
810 3769 842 3827 in
863 3766 1031 3832 pontificali
1057 3790 1090 3849 p.
1107 3766 1158 3828 26.
1182 3767 1303 3846 exponit
1328 3761 1460 3844 ἐκτενῆ

367 3859 487 3920 precum
500 3845 803 3924 quorsumnam,
832 3854 882 3910 cai
897 3851 1088 3935 resporuietur
1098 3849 1195 3927 Kyn'e
1208 3849 1330 3908 eleison.
1351 3847 1464 3912 Potes

372 3941 493 4018 quoque
521 3925 701 4009 etymologia
736 3927 797 3990 α’πὸ
826 3931 882 4011 τῆς
915 3927 1071 4004 ἐκτάσεως
1097 3931 1160 3994 τῶν
1188 3930 1307 4011 χειρῶν
1334 3936 1456 4009 repeti

370 4025 442 4083 quia
467 4005 578 4068 scilicet
601 4013 738 4072 sacerdos
762 4036 812 4074 eas
835 4037 939 4096 preces
964 4017 1105 4076 manibus
1123 4035 1215 4094 super
1233 4035 1274 4094 po
1294 4011 1388 4077 ulum
1411 4035 1464 4076 ex

370 4089 472 4226 pansis
493 4093 735 4171 pronunciabat,
757 4097 806 4156 vel
829 4101 901 4178 quia
919 4092 1053 4192 introiisse
1069 4098 1169 4194 stabat
1190 4117 1246 4177 per
1268 4035 1338 4156 itas
1359 4116 1464 4176 popu

372 4175 1107 4343 urrunnunsteinkel·
1121 4179 1339 4335 strnue
1353 4177 1464 4342 ass
