2975 4892
118 312 193 384 aa
219 312 446 405 canuam.
467 313 710 383 romnus
739 314 877 385 cnam
910 318 985 383 ns.
1014 318 1040 383 1.
1082 319 1160 409 ¹97

53 474 174 558 Gange
193 472 297 535 Gloss.
315 471 416 533 Latin.
438 492 472 532 v.
493 472 669 557 bapn'smus,
691 471 747 533 ubi
766 472 805 535 de
826 472 953 535 diversis
973 474 1160 557 temporibus

54 561 145 641 agit,
189 558 304 639 quibus
322 557 410 637 pueri
430 554 569 616 solebant
585 556 617 617 in
635 556 762 617 diversis
779 556 910 619 ecclesiis
929 558 1085 639 baptizari.
1108 561 1160 623 Ab

54 642 111 702 illa
145 639 375 702 consuetudine
400 640 493 699 totius
517 637 644 699 alicuius
669 642 889 701 communionis
913 662 1025 723 pueros
1053 642 1161 707 ritibus

55 726 161 786 sacris
180 722 351 784 initiandos
370 744 434 782 uno
455 722 504 782 die
525 722 721 803 baptizandi,
740 724 876 785 manavit
889 724 993 787 similis
1006 746 1072 789 mos
1086 728 1160 789 Tun·

54 830 174 868 mrum
196 817 228 866 et
255 804 581 866 Mubammedanorum
605 808 685 866 circa
703 827 827 868 suorum
845 828 1008 889 puerorum
1030 810 1160 871 circum·

57 894 248 966 cisionem,
272 890 312 949 de
327 911 391 971 qno
409 888 448 949 ad
468 888 652 950 Abulfedam
671 887 744 949 dixi.
787 890 893 951 Posses
910 891 961 953 hic
977 912 1160 955 commemo·

58 986 130 1034 rata
161 972 354 1055 photismata
380 974 570 1055 interpretari
595 992 753 1034 conversos
773 973 937 1036 Saracenos
959 986 1013 1034 aut
1033 976 1161 1039 Iudaeos

59 1056 285 1139 baptizandos.
326 1056 451 1117 Talium
476 1074 691 1117 conversorum
711 1057 847 1137 patrinos
867 1057 1046 1141 plerumque
1069 1059 1160 1123 fuisse

64 1162 159 1223 regas
181 1151 215 1201 et
232 1150 388 1221 magnates
405 1139 494 1199 docet
515 1140 567 1199 Dn
580 1139 681 1222 Gange
693 1137 744 1200 Gl.
758 1141 826 1201 Lat.
845 1161 879 1201 v.
898 1142 1070 1204 Conversis.
1099 1144 1159 1210 Sed

60 1242 129 1284 non
160 1244 268 1304 opus,
295 1243 396 1304 neque
418 1222 581 1301 credibile,
610 1234 731 1283 tantum
758 1244 875 1307 semper
896 1223 987 1286 fuisse
1007 1224 1079 1286 CPli
1101 1246 1159 1288 nu·

62 1328 199 1367 mer-nm
215 1326 436 1368 conversorum
449 1350 459 1385 ,
480 1316 515 1366 ut
535 1308 696 1388 quotannis
712 1327 819 1367 eorum
839 1328 889 1369 ser
901 1309 1053 1389 potuerint
1064 1309 1160 1391 bapti

63 1393 146 1450 sari.
197 1388 263 1449 Hos
279 1391 306 1449 si
324 1388 467 1451 voluisset
484 1400 608 1467 auctor,
640 1389 803 1451 addidisset
816 1390 922 1473 procul
942 1390 1035 1452 dubio
1055 1392 1160 1475 Σαρα·

64 1464 202 1552 ψικά.
243 1471 328 1556 ¹'[I)e
347 1481 433 1533 sacro
449 1472 600 1555 baptismo
616 1474 697 1533 inter
713 1474 866 1554 paschalia
886 1496 970 1536 sacra
988 1476 1098 1558 suscipi
1109 1497 1159 1537 so·

66 1554 148 1634 lito,
183 1556 257 1617 item
272 1555 311 1616 de
332 1556 447 1637 templo
466 1576 483 1615 e
499 1556 658 1616 frondibus
678 1562 838 1638 propterea
855 1568 992 1619 contexto
1010 1557 1094 1619 locus
1111 1560 1159 1620 in·

67 1641 170 1721 signis
193 1649 240 1699 est
256 1638 336 1720 apud
360 1640 520 1699 Herricum
543 1639 582 1699 de
603 1639 637 1699 S.
660 1640 804 1701 Germani
824 1639 1077 1703 Antisiodorensis
1097 1642 1161 1706 vita

68 1744 104 1805 p.
121 1721 184 1801 40.
203 1723 279 1783 edit.
304 1723 379 1783 Sim.
397 1723 532 1783 Colinaei
552 1722 652 1783 Paris.
681 1721 811 1805 1545.]*

158 1804 206 1867 A.
223 1804 254 1867 5.
269 1805 335 1889 [90‚
349 1804 402 1889 6.].
417 1803 637 1888 παρακρατῶν.
676 1805 821 1881 Stribligo
835 1806 886 1869 hic
906 1806 1007 1869 subest
1021 1804 1093 1867 huic
1105 1826 1160 1869 an·

69 1888 331 1949 ctori·oonsucta.
372 1890 529 1952 Assentior
553 1888 594 1949 cl.
621 1889 746 1949 Leicbio
770 1880 1034 1973 nuncupamine
1058 1910 1161 1951 emen·

70 1971 174 2031 danti.
218 1972 310 2032 Redit
328 1974 410 2031 enim
438 1971 476 2031 ad
499 1970 802 2056 orphanotrophum,
835 1993 899 2035 non
926 1972 966 2034 ad
991 1973 1177 2039 ostiarium

71 2054 151 2116 Post
174 2047 327 2136 ptissana
345 2054 468 2115 videtur
482 2052 520 2116 ἓν
536 2055 688 2118 excidisse.

160 2152 206 2213 A.
218 2151 251 2214 6.
267 2154 334 2238 [90,
348 2153 397 2239 7.]
419 2147 624 2233 ἐκμάσσονσι.
663 2158 711 2217 Μ.
733 2149 944 2234 ἕκμᾶσσωσιν.

159 2252 249 2336 A.7.
267 2253 398 2339 [9o,8.]
421 2249 438 2317 ὅ
458 2252 493 2317 δὲ
513 2276 645 2336 πρυ.
684 2258 730 2339 Μ.
755 2247 816 2335 ips
839 2276 961 2337 ripn.

160 2353 428 2440 A.pen.[9o,13.]
449 2354 671 2435 στοιχηθέντος
687 2354 747 2418 τοῦ
769 2354 953 2439 simonica.
992 2354 1060 2418 Mos
1075 2361 1161 2437 erat,

75 2450 112 2499 nt
131 2440 167 2499 in
181 2438 323 2500 Cramate
343 2462 396 2501 seu
414 2442 653 2514 deiciunatione,
675 2439 713 2500 dc
727 2462 788 2522 qua
811 2438 884 2499 alias
903 2440 984 2517 diri,
1006 2438 1162 2513 ordinat*

76 2538 127 2583 tur
142 2523 317 2583 conuiuiwn
338 2524 412 2601 (hoc
434 2534 479 2584 est
493 2527 629 2603 στοιχεῖν
648 2517 684 2584 τὸ
707 2514 899 2603 κλητώριον)
922 2541 975 2582 seu
991 2521 1162 2583 denomina-

78 2617 188 2666 rentur
209 2614 242 2665 et
268 2608 448 2675 nominatim
470 2608 671 2667 clanmrentur
704 2607 757 2685 (ut
783 2624 858 2665 aevo
880 2603 979 2665 medio
1005 2604 1162 2683 dicebant)

79 2710 133 2749 seu
148 2690 354 2749 invitarentur
372 2689 412 2749 ad
428 2688 638 2772 prandendum
655 2709 725 2748 cnm
749 2686 908 2769 Augusto,
935 2707 1011 2767 quos
1027 2688 1090 2768 ipse
1103 2685 1164 2748 vel·

79 2770 133 2832 let.
177 2770 404 2851 similimum,
439 2784 475 2832 ut
491 2772 585 2832 tradit
599 2770 687 2831 Ordo
702 2772 876 2845 Romanus,
903 2780 1061 2852 postquam
1079 2770 1163 2833 Pon·

77 2856 150 2915 tifex
173 2854 355 2917 celebrasset
381 2856 503 2917 missam
529 2865 559 2915 et
580 2854 703 2916 dixisset
727 2874 821 2936 agnen
844 2853 924 2930 Dei,
957 2852 1164 2914 nomenclator

79 2950 173 3021 etque
189 2960 264 2997 cum
289 2960 325 2999 eo
356 2940 527 3001 sacellarius
553 2947 584 2997 et
602 2940 739 2999 notarius
765 2936 945 2997 vicedomini
971 2936 1167 2997 ascendebant

79 3022 123 3081 ad
137 3024 241 3081 altam
254 3035 323 3082 atate
331 3021 449 3102 sacrem
465 3021 636 3106 penufius,
660 3034 693 3081 ut
715 3032 856 3081 minueret
875 3022 916 3079 eis
934 3021 1058 3079 scribere
1072 3022 1163 3080 nomi·

80 3126 120 3165 sm
138 3126 261 3179 eonon,
291 3108 343 3190 qui
366 3106 518 3166 ἰηυίταηάί
536 3118 622 3163 emat
639 3106 702 3164 sive
723 3104 768 3165 ad
788 3098 921 3163 numani
937 3102 1091 3189 Pontficis
1106 3122 1166 3185 pet·

79 3188 347 3263 tumtenclntotem,
382 3191 445 3249 sive
476 3189 521 3249 ad
549 3186 585 3247 V
580 3188 755 3263 laedamini,
794 3208 853 3269 per
879 3189 1026 3247 nomrnm
1059 3186 1160 3268 ipsius.

83 3273 220 3353 Quonam
238 3274 359 3332 nomina
380 3286 413 3332 ut
428 3274 648 3355 mipleucram
665 3265 867 3353 [ἐπλήρωσαν
876 3312 886 3344 ,
914 3268 1016 3328 omnia
1036 3266 1164 3349 perscri-

79 3364 207 3435 pserant
217 3353 243 3437 ,]
263 3355 530 3449 &soendebentnd
546 3354 752 3433 invitwtdum,
776 3364 807 3413 et
820 3351 957 3413 redibant
972 3350 1017 3412 ad
1031 3348 1142 3412 sedem.

164 3452 205 3515 B.
222 3474 252 3513 a.
269 3453 418 3538 [90‚15.]
437 3448 577 3540 κελεύσῃ.
617 3456 662 3515 Μ.
681 3450 808 3537 καλέσῃ.
1242 3440 1246 3449 ’

164 3553 420 3638 n.2.[91,13.]
441 3549 522 3633 μετὰ
543 3550 610 3635 τὴν.
650 3554 756 3615 Posset
782 3549 879 3614 videri
908 3542 987 3613 uasti
1018 3543 1075 3631 τήν
1101 3546 1162 3634 leg.

82 3659 146 3699 esse
164 3648 204 3697 nt
230 3660 263 3719 p.
282 3637 333 3700 55.
358 3639 395 3699 C.
422 3638 474 3716 3.,
504 3640 557 3699 sed
578 3631 658 3717 μετὰ
681 3658 751 3697 cnm
775 3632 945 3696 accusativo
971 3654 1058 3717 saepe
1076 3637 1164 3699 novit

82 3723 209 3817 limesia
226 3722 435 3798 construitur,
460 3721 513 3781 ubi
537 3722 666 3782 debebat
684 3742 754 3781 cum
773 3720 906 3802 genitivo
930 3718 1073 3800 construi.
1113 3718 1165 3791 vlta

83 3805 161 3864 mii-a
181 3828 215 3887 p.
238 3803 306 3883 ria.
326 3805 367 3865 A.
390 3826 440 3865 rr.
460 3801 539 3882 μετὰ
560 3800 596 3865 τὸ
618 3802 817 3864 absimiliter
836 3804 927 3864 estin
943 3804 989 3863 M.
1001 3790 1022 3880 ‚⁶
1033 3822 1099 3863 cum
1117 3820 1164 3863 cu·
1297 3829 1303 3847 .

83 3886 210 3968 dt'ct'llm
236 3910 268 3970 p.
289 3886 358 3949 162.
381 3890 422 3949 D.
442 3888 499 3949 ult.
533 3880 614 3965 μετὰ
632 3885 764 3969 paritis,
784 3908 849 3945 cnm
860 3886 1007 3966 sanilam
1038 3906 1069 3966 p.
1094 3904 1162 3968 ¹7¹·

84 3970 124 4029 A.
141 3970 175 4051 4.
206 3965 381 4049 perarate
400 3972 464 4033 τῶν
488 3972 592 4052 μερῶν
611 3958 823 4051 προῦχοντας,
845 3990 911 4031 nem
927 3970 1084 4054 praesectis
1093 3987 1165 4052 pan

84 4055 164 4115 ῑίεωι.
205 4055 284 4117 Pari
320 4054 413 4116 modo
444 4054 545 4115 Latini
572 4076 693 4137 quoqne
725 4072 796 4113 cum
823 4054 994 4115 accusativo
1020 4054 1161 4134 iungunt.

85 4136 298 4201 crassam
319 4141 417 4198 estin
440 4158 511 4199 saxo
532 4137 613 4219 apud
626 4136 805 4198 Fabrettum
818 4156 888 4217 pag.
908 4137 946 4198 32
972 4145 1029 4196 .et
1043 4134 1163 4197 Corsin.

83 4218 221 4305 Appmd.
245 4222 288 4285 ad
315 4222 411 4285 Notas
429 4222 614 4284 Graecorum
633 4242 664 4303 p.
683 4219 760 4303 34„
791 4218 845 4280 ubi
865 4239 922 4303 pro
1016 4214 1159 4301 insulae·
1292 4228 1313 4251 ¹·
