2975 4892
89 338 126 399 tu
146 336 481 406 consum.
519 348 677 411 Postu.
706 348 762 409 DE
790 346 929 412 mlta.
957 352 1032 415 uu.
1064 356 1090 415 Ι.
1132 352 1186 439 19

38 495 182 557 maruan
224 495 460 561 inclinato
501 522 638 583 corpore
663 500 836 563 adorarent.
879 504 952 580 Quo
972 504 1050 565 facto
1070 504 1185 576 Cauros

37 578 174 639 ahmam
212 602 437 643 reversans
483 585 694 667 expectalrat,
728 586 826 647 donec
846 586 1025 649 Patriarcha
1045 610 1185 671 proceres

34 674 147 741 mantes
163 674 201 725 et
226 664 467 747 populum
493 668 594 727 tlrnre
612 688 699 728 sacro
718 670 876 729 initiasset.
920 670 996 731 Post
1016 673 1186 737 narrans

33 745 76 805 riu
94 752 301 811 montaniae
349 750 613 830 procedebant
644 750 760 832 aliquot
787 751 957 813 sacerdotes
985 774 1054 813 curn
1083 756 1186 819 codas

34 850 86 889 saro
100 832 285 893 admodum
317 832 542 914 splendide
562 846 738 916 compacto,
760 834 912 897 bexamito
932 836 1028 897 nrbro
1049 836 1187 903 nvotnro

32 934 73 973 arn
94 915 231 977 maculis
262 919 421 977 aureis
448 928 491 976 et
514 918 644 998 gemmis
665 920 793 999 ingentis
814 920 915 1001 pretii.
956 918 1003 979 Ex
1025 940 1062 979 eo
1083 920 1189 984 codice

32 999 140 1059 uitabat
164 1000 423 1062 patriarcha
447 1011 601 1077 textum,
634 1000 771 1061 adstante
791 1002 905 1063 interea
926 1002 1116 1085 Imperatore
1136 1026 1188 1067 aa·

34 1084 172 1161 menum,
214 1086 434 1146 Lectione
459 1084 558 1143 {inita
577 1084 737 1145 accedebat
757 1084 935 1147 Patriarcha
956 1086 993 1145 ad
1017 1086 1189 1169 Imperato-

35 1183 76 1223 un
91 1188 156 1227 urm
185 1169 325 1229 codice
339 1214 355 1243 ,
408 1168 522 1248 eique
549 1166 637 1229 illurn
666 1167 865 1229 anundum
884 1168 1041 1229 offerebat.
1085 1172 1187 1247 Quem

33 1246 177 1330 lupa-ator
199 1272 364 1333 unaque
385 1250 613 1311 Patriarcbae
631 1270 756 1311 manum
769 1252 974 1313 osculabatur.
1017 1253 1088 1329 Quo
1104 1254 1184 1315 lacto

36 1334 106 1393 mbo
132 1336 178 1395 ad
196 1334 394 1395 thronum
441 1334 581 1415 quisque
606 1354 695 1393 sunm
715 1334 867 1397 redibant.
912 1334 988 1395 lnde
1016 1336 1187 1399 memdotes

39 1416 88 1476 iao
110 1419 260 1479 codicem
296 1438 464 1479 sacrum
500 1437 604 1476 rurnrs
635 1418 823 1479 auferebant.
866 1418 1036 1499 imperator
1064 1428 1095 1479 ct
1122 1418 1185 1481 Pa·

44 1502 163 1562 uncta
182 1502 467 1563 deoemdebant
489 1498 529 1559 de
554 1500 668 1561 throno
738 1504 745 1515 '
806 1522 823 1561 e
854 1522 909 1561 suo
929 1512 960 1561 ot
979 1502 1187 1583 procedebant

50 1602 148 1644 rusus
173 1608 304 1668 aquarn
338 1593 521 1666 aper-tarn.
563 1580 742 1644 Patriarca
784 1584 962 1645 ascendebat
988 1584 1026 1645 ad
1048 1586 1113 1647 eius
1132 1606 1186 1647 su·

55 1668 194 1743 putem
225 1692 291 1751 per
332 1666 475 1751 gradus
503 1665 618 1741 factos,
653 1666 841 1747 imperatore
874 1668 994 1727 interim
1023 1688 1085 1727 uon
1105 1678 1187 1731 tecto

61 1770 153 1811 m
170 1751 329 1813 cancelbs
353 1752 536 1825 adstante,
568 1748 716 1829 quamdiu
736 1752 970 1809 consecrationis
990 1760 1075 1811 actus
1095 1752 1188 1813 dun-

66 1844 121 1903 ret,
139 1856 220 1916 nme
239 1834 372 1895 multas
396 1842 479 1915 post
499 1834 685 1893 ceremonias
704 1852 765 1914 ope
785 1832 884 1893 crucis
904 1852 1035 1907 aur-eac,
1070 1835 1120 1891 cui
1139 1836 1188 1893 in-

72 1926 140 1975 arata
157 1930 226 1977 ent
244 1930 367 2001 patera
391 1925 564 1997 argentea,
597 1914 700 1976 fiebat.
741 1916 791 1977 Ea
821 1924 943 1997 peracta
964 1934 1070 1975 narsus
1090 1916 1190 1997 impo-

75 1998 155 2059 ndns
176 2002 295 2062 Caurus
327 2021 393 2062 suo
417 2000 517 2079 capiti
535 2020 701 2075 coronam,
735 2010 766 2059 et
787 1996 965 2059 Patriamlra
986 1996 1044 2059 sibi
1065 2000 1190 2061 mitram

77 2083 301 2163 mistqnlfln,
324 2095 359 2145 et
383 2082 429 2143 ad
452 2082 598 2141 thronum
618 2085 746 2163 quisque
766 2102 855 2141 suum
876 2080 1028 2141 redibant.
1070 2082 1190 2145 Deinde

79 2166 266 2229 utemur
285 2168 330 2229 ad
350 2164 574 2227 Patriarcbarn
594 2176 784 2225 consecratae
803 2184 900 2245 aquae
922 2162 1002 2247 [τοῦ
1026 2156 1189 2243 ἇγιὸσμω-

73 2246 148 2329 τῡς]
179 2249 328 2310 nonnihil
356 2250 394 2309 iu
424 2259 533 2329 patera
560 2259 720 2329 argentea,
754 2250 828 2307 item
848 2268 921 2307 crux
941 2268 1052 2323 aurea,
1087 2258 1117 2307 et
1138 2249 1188 2309 ad·

72 2331 284 2411 spegillum,
319 2332 448 2415 singula
476 2334 509 2390 in
528 2331 653 2413 siugulis
680 2330 805 2391 scutulis
826 2332 986 2413 argenteis.
1029 2332 1107 2389 Cum
1128 2329 1187 2393 hoa

73 2426 235 2492 φρει-ιω
254 2416 364 2475 adibat
384 2436 494 2475 mrsus
521 2414 698 2475 Patriarcba
719 2414 870 2495 Czarum,
949 2416 1069 2495 'caput
1089 2414 1187 2475 uuda-

71 2493 148 2572 hat,
188 2519 321 2559 craoem
338 2518 469 2559 auream
488 2518 509 2559 a
527 2496 717 2579 patriarchae
742 2498 847 2559 dextra
875 2496 916 2557 ob
927 2508 1009 2557 atam
1028 2494 1189 2557 osculaba-

73 2588 148 2654 διν,
171 2591 216 2641 et
237 2583 282 2642 sic
302 2582 426 2641 tandem
447 2602 526 2662 aqua
545 2592 718 2641 consecrata
731 2580 983 2661 respergebatrrr3
1004 2579 1088 2659 quod
1108 2578 1191 2637 idern

68 2682 225 2723 mansae
243 2664 397 2744 imperiali
417 2674 450 2723 et
468 2662 585 2723 verillrs
605 2664 815 2744 praesentibus
836 2662 940 2721 fiebat.
982 2662 1031 2721 Eo
1052 2660 1131 2719 lacto
1152 2660 1192 2721 ad

68 2744 240 2807 thronum
267 2750 399 2829 quisque
426 2768 517 2807 suum
544 2746 676 2807 redibat.
718 2744 891 2805 Veniebant
911 2742 1020 2803 deiude
1040 2740 1190 2825 archiepi-

68 2832 165 2909 scopi
191 2841 231 2890 et
249 2851 394 2911 proceres
412 2830 453 2891 ad
473 2828 688 2906 sanandam,
711 2846 803 2911 quarn
825 2826 930 2887 dextra
950 2826 1190 2887 suaPatriarcba

67 2912 232 2990 terebat,
251 2934 378 2973 arnum
396 2934 531 2991 crucan,
551 2913 722 2973 sacerdotes
742 2911 900 2973 inferiores
920 2908 1112 2991 respergebat
1127 2908 1190 2971 Ar·

63 2992 308 3077 chiepismpus
335 2994 447 3077 aliquis
473 2996 556 3077 apud
574 2994 784 3057 Patr-iambum
805 3004 898 3055 suns.
941 2992 1117 3053 Sacerdotes
1137 2992 1191 3053 alii

65 3099 88 3137 e
109 3078 260 3139 scutulis
280 3100 363 3161 aqua
382 3090 554 3140 consecrata
584 3078 681 3161 plenis
753 3076 860 3159 pulum
888 3076 1103 3158 respergebant
1129 3078 1191 3135 cio·

65 3174 313 3223 constantem
354 3160 566 3244 Under-imque
592 3162 693 3224 conssu
749 3172 764 3223 t
798 3160 890 3221 turba
922 3160 962 3220 ad
991 3156 1192 3255 hauriendam

66 3239 1194 3409 fflffiffiltssnltttlttffihfflssltt

68 3410 220 3473 Claram
240 3424 273 3472 et
296 3432 454 3493 proceres,
475 3425 506 3473 et
525 3413 616 3472 tertio
635 3410 779 3493 plebem3
813 3430 875 3492 quo
897 3407 976 3467 sacto
995 3404 1104 3467 ultimo
1124 3414 1192 3465 tan·

68 3494 151 3555 dem
193 3506 390 3578 protectores
419 3516 522 3555 rursus
553 3494 698 3571 abibant,
730 3507 762 3557 et
781 3504 846 3553 tota
866 3490 1018 3572 processio
1037 3487 1194 3569 repetebat

68 3578 355 3723 sentiarrmreodem
374 3576 498 3659 ordine,
517 3597 581 3661 quo
600 3589 749 3659 venerat,
771 3587 802 3638 et
821 3576 885 3637 dics
906 3572 957 3635 ille
975 3572 1112 3635 hilariter
1125 3592 1193 3635 cou-

68 3682 168 3723 ssime

166 3746 335 3807 Hactenus
370 3738 489 3828 Auglus
516 3744 569 3806 ille
597 3741 763 3805 Moubach.
808 3743 872 3803 lam
894 3739 1028 3803 redimus
1048 3739 1087 3801 ad
1107 3738 1194 3801 filum

72 3842 229 3891 nostr-uro
265 3840 300 3888 et
331 3826 496 3888 verbulum
524 3829 563 3889 de
583 3826 824 3909 processionibus
857 3824 998 3885 civilibus
1030 3823 1193 3900 addimus,

73 3934 159 3993 arne
183 3913 237 3975 rel
260 3910 482 3994 quotidianae,
503 3910 552 3971 vel
572 3910 738 3987 solemnes,
760 3908 809 3971 vel
823 3908 973 3989 peraticae
993 3916 1091 3967 eraut.
1113 3906 1196 3981 Quo·

75 3998 200 4059 adnm
222 3996 388 4079 processio
408 4006 475 4055 erat
494 3994 694 4069 Senatorum,
722 4012 775 4052 seu
797 4010 957 4073 procerum
978 3990 1011 4049 in
1032 3989 1133 4049 aulam
1154 3984 1195 4049 ad

78 4080 290 4143 modum
311 4079 491 4159 Principem
511 4078 599 4139 etad
620 4078 805 4137 functionem
817 4076 865 4135 sui
885 4074 1018 4135 muneris
1037 4090 1195 4153 assequen-

80 4162 151 4225 dam
181 4164 463 4227 convenientium.
506 4162 587 4223 Haec
616 4170 694 4221 stata
722 4170 804 4237 erat,
841 4168 871 4219 et
891 4178 952 4217 uon
984 4154 1194 4233 indicebatur,

79 4245 242 4333 fflqne
265 4244 842 4329 bapedemmaneervapae,
864 4238 1194 4323 seapostrnesidiem.
