2975 4892
345 328 396 413 16
569 353 625 417 ro.
653 351 740 417 uer
755 352 905 457 ausus
933 352 1215 419 commnrsmr

341 526 441 569 nemo.
500 505 636 588 Apparet
665 507 806 567 Latinum
836 504 1026 588 praesulem,
1057 518 1086 567 et
1114 506 1228 568 ordinis
1258 510 1305 568 sui
1335 510 1416 591 apud

341 592 465 651 Latinos
499 593 694 665 auctoritate,
732 589 907 671 dominique
938 592 984 651 sui
1021 590 1141 651 Ottonis
1173 591 1197 653 1.
1225 590 1416 673 imperatoris

340 674 477 733 Saronici
503 672 606 733 favore
632 673 783 733 tumidum
813 672 940 733 multam
966 673 1111 733 invidiam
1135 674 1279 749 Graecis,
1307 676 1415 755 etNi·

341 755 472 837 cepbono
492 754 613 817 Phocae
634 757 780 832 maxime,
802 756 1002 837 adspersisse,
1024 776 1041 815 a
1064 777 1125 838 quo
1145 776 1206 815 non
1228 766 1347 816 tantum
1366 778 1416 818 re-

241 881 249 887 -
340 838 460 920 pulsam
488 836 620 914 tulerat,
641 838 694 898 sed
715 840 807 898 etiam
837 838 939 899 multis
968 838 1066 899 modis
1089 837 1236 899 offensum
1264 860 1297 899 se
1325 840 1417 901 luisse

341 920 491 983 credebat.
531 921 590 981 Sed
611 919 669 980 hoc
692 920 732 980 ad
757 940 822 981 rem
844 940 906 981 non
928 920 1007 983 iacit.
1047 920 1111 982 Nos
1133 942 1189 1001 pro
1264 940 1351 981 arnur
1375 924 1417 983 in·

340 1007 487 1066 stitutum.
527 1002 632 1063 Pridie
651 1005 745 1085 igitur
763 1014 922 1085 antequam
946 1002 1015 1063 talis
1032 1006 1182 1085 processio
1249 1004 1416 1083 ebraretur,

339 1086 530 1147 indicebatur
552 1088 708 1167 praeconis
729 1106 822 1165 voce,
849 1097 884 1146 ut
903 1106 1012 1168 nempe
1024 1086 1140 1168 plateae
1161 1098 1192 1147 et
1221 1089 1416 1170 angiportus,

340 1179 676 1311 ananau
695 1170 1343 1334 muneremunere

341 1354 395 1394 rea
427 1344 458 1395 et
486 1345 646 1415 argentea,
674 1336 896 1415 pretiosamque
930 1354 1052 1395 omnem
1084 1356 1173 1407 suam
1201 1333 1415 1416 supellectilem

340 1415 576 1499 suspenderent,
597 1416 771 1477 arbusculas
794 1418 934 1479 edoma
957 1428 987 1477 et
1007 1417 1149 1499 adspectu
1174 1428 1273 1499 gratas
1297 1416 1414 1499 planta-

341 1510 429 1577 rent,
449 1519 551 1576 rosas,
573 1501 793 1579 rosmarinum,
813 1499 871 1560 alia
899 1521 953 1581 per
973 1498 1070 1562 solum
1097 1511 1278 1583 spargerent.
1321 1500 1414 1560 Prae-

341 1585 425 1642 conis
446 1602 522 1642 voce
539 1580 666 1642 indictas
686 1581 775 1643 titisse
793 1582 869 1643 tales
887 1584 1090 1663 processiones
1111 1602 1165 1663 per
1187 1603 1218 1641 se
1237 1581 1326 1643 valde
1343 1604 1415 1664 pro·

339 1656 441 1724 babile
463 1675 525 1741 est,
546 1666 590 1725 rei
609 1674 719 1725 natura
734 1665 767 1726 id
785 1667 935 1746 exigente,
957 1675 1008 1741 et,
1030 1667 1167 1744 quamvis
1187 1662 1415 1726 alibinotatum

340 1767 403 1807 non
425 1749 592 1829 reperiam,
612 1748 718 1807 videor
736 1747 811 1808 mihi
842 1750 994 1844 tamenin
1018 1745 1066 1845 hi?
1090 1746 1341 1846 §edrcm'verbis
1363 1770 1413 1809 re-

339 1850 448 1993 itt
467 1828 999 1993 litiiitibilaii‘iipii'ai
1021 1828 1417 1997 tttt‘tt‘tttt‘tt

338 2026 357 2041 -
375 2028 394 2041 -
414 1990 829 2093 duritiae-immmundiora
847 1988 929 2069 μετὰ
948 1991 1005 2072 τῆς
1024 1988 1217 2073 συγκλήτου,
1232 1986 1340 2073 ’πάσης
1359 1996 1417 2074 τῆς

338 2067 461 2144 πόλεως
481 2070 703 2154 &persistens
723 2072 769 2145 εἰς
787 2068 844 2155 τὴν
862 2072 963 2151 esav,
988 2068 1084 2154 σκεύη
1102 2070 1226 2157 χρυσέα
1244 2072 1301 2135 καί
1319 2072 1417 2157 ἄργυ-

339 2156 399 2237 οέα
426 2155 489 2217 τῶν
517 2150 576 2259 sip
601 2151 761 2237 λεωφόρον
788 2151 1013 2218 κατοικούντων
1041 2147 1341 2233 οἷποκρυμκννύντοον
1359 2152 1416 2217 καὶ

337 2237 477 2307 πέπλους
496 2258 551 2298 και
570 2226 652 2297 ἄλλα
671 2234 849 2322 ὑφάσματα
867 2236 1054 2321 χρυσοϋφῆ,
1074 2235 1133 2300 xciv
1152 2244 1223 2310 ταῖς
1243 2229 1417 2321 εὐφημίαις

339 2318 628 2401 προτεθυμημένωκ
645 2321 702 2383 κου’
714 2312 816 2393 αὐτὰς
826 2368 837 2397 ,
857 2304 888 2380 al
906 2312 973 2382 οἶόν
992 2341 1046 2397 τε,
1073 2317 1131 2391 τὰς
1157 2314 1267 2399 ψυχὰς
1286 2320 1417 2382 ἐκκενοῦ-

339 2422 407 2465 σαι.
445 2403 501 2463 Aa
527 2401 628 2478 diem,
657 2406 713 2485 qui
742 2422 766 2463 a
788 2404 943 2485 paschate
964 2402 1133 2487 proximus
1153 2415 1200 2463 est
1220 2401 1417 2479 domnum,

336 2486 456 2567 populo
475 2484 637 2569 publicum
654 2504 836 2570 processum
862 2486 898 2545 in
920 2484 1032 2545 aedem
1066 2482 1099 2545 S.
1128 2483 1161 2551 S.
1191 2484 1418 2566 Apostolorum

294 2634 299 2644 ,
335 2569 564 2651 praeconiam,
596 2601 612 2614 -
633 2602 648 2614 -
670 2566 766 2636 Venit
792 2586 866 2646 ergo
897 2579 1068 2629 coronatus
1086 2586 1156 2627 cum
1170 2577 1294 2644 senatu,
1316 2567 1417 2627 omni-

339 2650 397 2711 bus
411 2650 544 2712 urbanis
566 2647 617 2709 ad
637 2670 653 2709 s
675 2650 850 2710 cctaculum
878 2648 1113 2710 accurrentibus
1137 2662 1166 2727 et
1193 2650 1234 2709 tis
1243 2692 1257 2720 ,
1290 2650 1344 2731 qui
1370 2646 1421 2709 ad

338 2733 427 2792 eiam
455 2734 577 2813 regiam
602 2672 811 2805 haditabant,
854 2751 989 2793 auream
1017 2742 1047 2793 st
1074 2743 1258 2811 argenteam
1283 2730 1417 2811 supelle-

339 2813 445 2875 ctilem
462 2835 506 2875 ear
529 2812 666 2875 aedibus
679 2812 944 2896 dependentibus,
962 2824 993 2873 et
1009 2813 1120 2895 peplos
1143 2812 1281 2896 [serioeos
1295 2810 1417 2893 nempe]
1456 2836 1457 2845 ¹

340 2907 370 2955 et
393 2916 475 2957 auro
495 2898 640 2955 intextas
657 2907 784 2967 uestes,
815 2909 845 2955 et
865 2897 899 2955 in
913 2890 1037 2976 faustis
1059 2894 1342 2957 acclamationibus
1364 2894 1420 2955 vel

338 2979 442 3061 ipsum
471 2998 560 3037 suum
589 2996 651 3059 pra
680 2997 717 3037 eo
743 2978 928 3057 sanguinem
948 2974 1089 3059 fitndere
1114 2990 1238 3060 ppomte
1264 2976 1419 3062 sponden-

340 3060 433 3125 tibus.
476 3058 595 3120 Morem
618 3058 700 3119 hunc
723 3058 829 3121 domos
850 3070 880 3120 et
904 3062 969 3119 vias
993 3060 1121 3121 ornandi
1146 3070 1351 3141 acceperunt,
1382 3071 1419 3120 ut

338 3140 398 3205 alia
417 3140 533 3219 multa,
555 3140 803 3202 Muhammedani
819 3163 837 3202 a
852 3143 983 3204 Graccis.
1012 3142 1059 3203 lta
1073 3146 1191 3223 saepius
1211 3146 1243 3202 in
1265 3139 1418 3203 Abulleda

336 3223 477 3309 legitur,
513 3226 640 3285 Missam
677 3223 728 3285 vel
759 3222 788 3284 al
826 3224 969 3285 Cabirum
999 3222 1090 3287 fuisse
1120 3234 1272 3286 ornatam
1306 3240 1418 3329 wag,

337 3327 364 3386 si
385 3346 411 3388 e.
436 3326 612 3386 enuncias
639 3325 785 3390 victoriae
814 3324 854 3383 ab
879 3326 1008 3385 exercitu
1037 3334 1206 3407 reportatae
1230 3322 1418 3405 appelleret,
1456 3316 1457 3323 '

338 3404 388 3467 vel
414 3409 477 3490 ipse
501 3406 663 3467 Solthanus
686 3409 720 3466 in
744 3406 853 3467 urbem
878 3409 976 3467 victor
996 3407 1129 3485 rediret,
1165 3417 1218 3466 aut
1242 3404 1300 3465 alia
1323 3426 1419 3488 quae—

337 3488 408 3550 dam
431 3487 570 3571 publicae
594 3488 724 3551 laetitiae
747 3506 837 3550 causa
859 3492 1073 3573 contingerent.
1121 3489 1157 3548 In
1177 3488 1420 3570 processionibus

336 3570 390 3631 ille
410 3569 569 3632 tenebatur
593 3570 745 3651 ordoflrt
758 3570 868 3633 milites
888 3572 1118 3655 praecederent,
1140 3580 1337 3655 sequerentur
1350 3591 1419 3652 pro-

332 3673 441 3732 ceres,
463 3654 681 3734 lmperatorem
703 3653 877 3717 clauderent
897 3666 927 3716 ct
950 3664 1146 3737 sequerentur
1174 3652 1326 3715 eunuchi:
1356 3672 1420 3735 qua

338 3735 377 3796 de
401 3758 435 3796 re
456 3738 518 3797 suis
539 3734 613 3807 locis
633 3736 752 3799 clarius.
794 3738 851 3798 Pia
871 3750 966 3815 vota,
986 3758 1099 3820 quaen
1121 3735 1300 3799 factionibus
1322 3746 1419 3796 trans

337 3822 422 3879 eunti
445 3814 625 3899 Imperatori
652 3818 913 3899 acclamabantur,
940 3818 1169 3902 appellabantur
1189 3814 1365 3901 εὐφημίαι,
1387 3830 1421 3877 et

316 3912 424 3963 acta.
462 3902 506 3961 Et
518 3900 557 3962 de
570 3902 640 3978 his,
668 3904 714 3962 uti
734 3902 773 3963 de
807 3903 1004 3982 factionibus,
1031 3924 1101 3965 mox
1119 3902 1186 3966 toas
1207 3921 1262 3963 suo
1283 3920 1420 3960 commo-

337 3982 407 4044 dius
425 3983 532 4045 dicam.
559 3982 647 4046 Conf.
665 4005 696 4067 p.
718 3983 788 4065 287.
806 3986 845 4049 D.
871 3986 1028 4068 Attingam
1049 3986 1098 4047 hic
1118 3982 1347 4058 tantummodo,
1369 3980 1420 4043 di·

337 4067 433 4126 versis
454 4066 561 4127 diebus
581 4066 663 4128 sestis
686 4070 719 4127 in
740 4068 874 4131 diversas
896 4090 994 4129 sacras
1010 4068 1100 4129 aedes
1119 4088 1293 4151 processum
1314 4064 1420 4143 lirisse,

235 4222 239 4227 ⁷
337 4158 375 4207 ut
398 4148 472 4208 sesto
501 4149 672 4211 Natiuitatis
699 4160 729 4210 et
753 4148 908 4212 Paschatis
929 4151 967 4212 ad
985 4172 1126 4235 magnam
1146 4150 1333 4224 Ecclesiam,
1365 4168 1420 4207 seu

338 4228 371 4294 S.
393 4229 558 4313 Sopbiam,
590 4232 640 4293 die
664 4232 816 4296 dominica
840 4246 909 4316 post
939 4234 1057 4296 Pascha
1090 4234 1129 4296 ad
1156 4232 1210 4295 SS.
1235 4228 1420 4315 Apostolos,
