2975 4892
335 311 418 397 272
534 307 591 373 ιο.
623 309 704 376 uc
732 260 879 380 ausui
909 309 1188 388 couuaursau

332 479 466 552 eomipta
493 467 649 547 reserentes
679 468 764 530 itum
790 483 934 532 uocarunt
961 471 1081 553 Bigotli.
1126 469 1209 532 Unda
1237 468 1388 534 Namusa

332 552 428 612 adlato
442 551 564 630 Bigotlil
577 561 730 611 vocaumr.

399 634 467 709 uio.
485 635 523 693 A.
541 630 754 715 11.[239,i.]
786 625 964 714 ἕμπρατος,
1002 635 1053 696 vel
1084 625 1268 715 ἔμπραπος,
1302 656 1386 698 norae

334 717 478 777 Graeciae
498 735 581 776 more
601 737 656 797 pro
675 711 873 797 ἔμπρακτος;
892 730 1045 780 utcontra
1068 707 1220 795 ἅπραττος
1232 739 1283 800 pro
1301 709 1389 800 ‹iupo-

334 819 416 873 κτος.
436 788 650 878 Ἐμπρακτοι,
671 800 809 885 quissent
830 803 862 860 in
885 805 1009 862 actione.
1036 800 1334 882 AppellabantLatini
1351 823 1390 862 se·

334 886 454 965 quiores
473 883 634 955 actionem,
657 882 739 964 quod
760 903 816 942 nos
824 884 1023 962 swzctioaem.
1047 886 1074 944 V
1077 883 1119 944 id.
1132 885 1181 944 Du
1196 884 1291 966 Gange
1304 884 1389 944 Gloss.

334 966 372 1025 L.
385 987 417 1025 v.
439 968 516 1026 actio
535 974 566 1024 et
582 977 673 1026 acuis.
715 963 862 1046 Dignitas,
882 989 957 1052 quae
976 969 1040 1051 ipso
1058 981 1139 1048 gestu
1150 969 1323 1052 praefulget,
1342 960 1390 1040 ἔμ-

333 1067 488 1129 apertur,
513 1058 543 1108 et
557 1069 635 1129 quac
650 1049 812 1109 honoraria
832 1064 874 1110 est
890 1095 899 1124 ,
918 1041 1096 1131 ἅπραττος,
1111 1071 1130 1110 o
1151 1061 1317 1130 ponuntur3
1335 1048 1388 1108 vid.

334 1131 462 1190 Guther.
484 1129 547 1192 Off.
574 1132 615 1190 D.
637 1130 676 1197 A.
696 1153 729 1213 p.
751 1129 802 1210 54.
826 1073 1391 1214 et431.,ubitripliexhonoratorum

334 1213 494 1274 discrimen
515 1217 637 1274 statuit:
659 1217 763 1312 quiin
781 1227 951 1290 amassint,
980 1213 1138 1289 secantes,
1166 1237 1218 1276 seu
1240 1211 1390 1276 allectiva]

333 1295 467 1377 afficti,
485 1308 515 1356 et
529 1299 691 1359 honorarii.
731 1297 828 1358 Primi
858 1309 928 1360 sunt
956 1291 1152 1379 iungentes,
1176 1299 1293 1362 secundi
1311 1287 1392 1375 ptui-

334 1399 478 1458 πρακτοι,
499 1381 580 1440 tertii
604 1368 767 1460 ἅπρακτόι.
812 1380 975 1464 Capitolia.
998 1385 1030 1443 in
1047 1381 1214 1442 Pertinace.
1231 1383 1266 1446 T.
1280 1382 1302 1440 l.
1324 1381 1390 1439 llist.

335 1461 416 1543 Aug.
437 1483 469 1542 p.
493 1461 592 1540 dida
623 1464 706 1523 iussit
721 1483 788 1539 eos,
820 1467 874 1548 qui
892 1477 1049 1548 praeturas
1075 1487 1138 1526 non
1170 1466 1325 1546 gessissem,
1351 1459 1394 1520 sed

334 1545 489 1611 allectione
501 1546 696 1628 accepissem,
709 1560 779 1630 post
795 1569 843 1606 eos
856 1569 935 1621 esse,
956 1550 1010 1632 qui
1025 1567 1096 1607 vere
1113 1561 1262 1633 praetores
1269 1547 1391 1626 ficisset.

334 1627 452 1708 Vegetii
475 1627 558 1688 locus
582 1629 624 1688 ll.
647 1648 724 1706 aa,
748 1649 839 1712 quem
860 1630 1013 1706 Gutherus
1033 1630 1129 1708 citat,
1157 1629 1321 1714 praeclarus
1339 1636 1392 1686 est:

335 1710 489 1771 His'enim
504 1713 739 1795 multiplicantur
751 1735 904 1787 annonae,
935 1717 989 1798 qui
1007 1714 1039 1772 iu
1058 1727 1126 1773 actii
1146 1726 1228 1788 surm
1256 1733 1325 1797 qaue
1345 1710 1395 1768 illis

282 1868 283 1871 Ἴ
335 1795 424 1853 etium
437 1786 611 1855 vacantibus
627 1795 810 1870 uitiantur,
836 1819 910 1880 qitas
921 1798 1076 1857 liorwrarii
1091 1798 1189 1857 niellus
1206 1795 1314 1856 liabent.
1333 1790 1392 1850 Vid-

335 1876 388 1937 Du
408 1876 508 1959 Gange
529 1877 629 1938 Gloss.
652 1879 708 1936 Gr.
725 1877 757 1936 h.
780 1900 811 1938 v.
836 1889 866 1938 ct
885 1878 988 1940 Vales.
1009 1878 1048 1938 ad
1069 1878 1175 1940 Amm-
1197 1881 1287 1943 Μαῖα
1309 1899 1336 1960 p·
1352 1871 1393 1956 73·

337 1959 400 2034 Α.,
422 1960 475 2020 ubi
491 1971 521 2020 et
536 1962 702 2044 praecincti
718 1962 828 2020 horrore
841 1963 954 2044 cinguli
967 1963 1054 2023 otiosi
1075 1962 1236 2039 dicuntur,
1254 1972 1282 2021 et
1294 1957 1396 2020 Seldcn.

336 2041 400 2102 Tit.
423 2042 540 2102 Honor.
562 2043 600 2103 P.
624 2043 667 2103 11.
688 2063 721 2124 p.
736 2044 787 2103 32.
811 2045 883 2122 553
908 2065 969 2104 non
992 2056 1095 2106 mmen
1116 2042 1312 2106 confundendi
1338 2059 1396 2102 cum

286 2138 293 2152 ·
337 2125 529 2205 adscriptitiis
550 2124 809 2204 relvacantibus,
828 2129 881 2208 qui
902 2138 989 2188 erant
1008 2127 1120 2190 milites
1143 2123 1394 2210 supcruumerau'i,

308 2285 315 2289 .
336 2208 484 2288 stipendia
505 2209 702 2290 percipientes
722 2207 836 2290 absque
856 2209 980 2272 militiae
992 2210 1158 2272 functione.
1201 2211 1270 2272 Vid.
1288 2203 1398 2269 Casauh·

339 2290 420 2350 Hist.
443 2289 524 2372 Aug.
546 2291 586 2350 T.
610 2292 635 2350 l.
654 2302 774 2374 p.·9oa.
822 2293 981 2354 Harduino
1004 2295 1042 2354 ad
1065 2295 1265 2356 'l'hemistium
1292 2314 1321 2372 p.
1338 2285 1395 2369 4ηὸ-

227 2389 239 2405 ⁸
338 2375 371 2434 iu
388 2387 456 2434 actu
473 2376 622 2435 comtituti
640 2386 711 2435 sunt
731 2373 834 2436 Praei.
858 2377 1020 2457 praetorio,
1045 2377 1219 2439 Praefectus
1239 2375 1314 2436 Urbi
1326 2416 1334 2449 ‚
1346 2389 1398 2430 ma-

314 2496 317 2501 ·
338 2458 425 2538 gistri
445 2457 599 2518 militum:
628 2457 741 2518 diversi
765 2470 866 2520 autem
887 2462 1003 2540 generis
1023 2459 1170 2542 (adeoque
1182 2449 1337 2540 lapsura)
1357 2471 1399 2514 co·

339 2560 403 2600 mes
423 2561 579 2600 sacrarum
600 2540 817 2624 largitionum,
848 2563 948 2602 comes
968 2543 1011 2602 rei
1034 2545 1190 2623 privatae,
1217 2541 1347 2622 magister
1362 2533 1399 2594 os·

339 2622 495 2698 liciorum,
524 2636 676 2705 quaestor.
717 2625 778 2686 sed
804 2623 866 2686 falli
898 2647 968 2686 eum
996 2625 1098 2706 palam
1119 2639 1173 2687 cst.
1216 2625 1291 2686 Nam
1309 2631 1336 2682 et
1354 2617 1400 2692 hi,

339 2707 364 2766 si
386 2707 437 2788 qui
461 2706 512 2767 alii
533 2729 688 2789 unquam,
710 2721 796 2792 crant
817 2702 997 2787 ἕμπρακτοι.
1042 2709 1157 2770 Verum
1178 2719 1243 2769 toto
1271 2703 1346 2766 coelo
1363 2700 1400 2794 di:

188 2798 238 2853 Ed
246 2798 322 2857 1..οὸ
339 2807 425 2850 versa
445 2789 538 2852 tradit
559 2790 598 2851 ab
619 2791 667 2852 his
687 2790 992 2873 auctorCletorologii
1012 2813 1044 2873 p.
1056 2791 1131 2866 461.
1144 2793 1181 2854 C.
1204 2813 1244 2866 t.,
1264 2788 1312 2871 qui
1326 2787 1400 2868 primi

341 2873 458 2932 ordinis
489 2893 648 2954 proceres,
669 2885 704 2934 ut
723 2877 863 2956 patricios
885 2885 1048 2956 strategos,
1071 2875 1112 2934 ad
1135 2867 1210 2947 τούς
1230 2867 1402 2950 tutulatos

340 2955 453 3033 refert;
487 2954 578 3015 medii
608 2954 742 3035 ordinis,
775 2969 810 3018 ut
835 2959 977 3037 patricios
995 2955 1159 3035 officiales,
1189 2978 1241 3018 scu
1260 2958 1288 3015 in
1309 2948 1400 3012 muniis

340 3036 465 3111 aulicis,
492 3059 555 3098 non
575 3038 779 3114 militaribus,
814 3039 867 3100 sed
887 3039 1045 3113 civilibus,
1079 3043 1272 3112 constitutos,
1294 3033 1401 3112 ἐμπολι·

339 3115 447 3193 τικούς
462 3127 476 3194 ,“
503 3113 767 3200 ῥεσοπράκτους;
796 3122 919 3184 tandem
940 3122 1089 3184 inferioris
1110 3123 1244 3199 ordinis,
1265 3131 1297 3182 ut
1314 3123 1400 3199 prow-

293 3255 297 3260 .
330 3203 509 3291 ¹spatharios
532 3215 605 3280 etc.,
628 3196 806 3285 ἀπράκτους
826 3207 986 3280 nominat,
1019 3209 1159 3288 quamvis
1177 3206 1211 3268 hi
1240 3224 1301 3266 non
1318 3199 1401 3262 minut

339 3299 431 3370 atque
451 3287 495 3348 illi
517 3289 684 3369 superiores
703 3289 736 3348 in
756 3287 912 3348 {iunctione
931 3299 1041 3350 essent.

406 3369 573 3454 140.C.9.
590 3370 686 3455 [259,
708 3369 777 3453 am]
814 3363 831 3432 ὁ
851 3365 1075 3452 νουμερὰριος.
1119 3368 1186 3431 Aut
1206 3361 1401 3454 νουμεράρηξ,

340 3464 376 3513 ut
388 3453 439 3515 hic
455 3465 486 3514 ct
505 3453 646 3536 deinceps
666 3464 712 3514 est
732 3456 764 3514 in
777 3454 822 3514 M.
851 3451 913 3530 Qui
935 3453 1033 3534 qualis
1053 3453 1155 3530 fuerit,
1174 3473 1235 3514 nou
1249 3453 1321 3511 bene
1332 3463 1400 3516 novi,

339 3536 418 3596 sitne
439 3538 536 3614 idem,
556 3539 610 3620 qui
634 3540 844 3612 numerarius,
867 3536 905 3596 de
935 3558 997 3618 quo
1026 3558 1058 3598 v.
1082 3537 1211 3596 Guther.
1237 3531 1298 3596 Off.
1316 3531 1353 3590 D.
1366 3525 1399 3584 A·

340 3639 371 3700 p.
385 3617 471 3702 389„
485 3619 587 3681 Vales.
612 3621 652 3680 ad
672 3619 778 3682 Amm.
801 3617 937 3682 Marcell.
960 3641 992 3700 p.
1007 3621 1060 3704 93.
1079 3620 1115 3678 B'.
1141 3630 1172 3680 et
1194 3618 1265 3682 553.
1289 3616 1342 3684 B..
1361 3609 1402 3702 DF

341 3701 443 3782 Cange
470 3700 569 3762 Gloss.
591 3705 659 3762 Lat.
688 3702 722 3762 h.
745 3725 778 3763 v.
805 3714 835 3764 et
856 3713 994 3764 auctores
1025 3702 1064 3762 ab
1093 3722 1129 3761 eo
1150 3699 1299 3767 numerosi
1326 3695 1402 3752 eilan-

338 3783 438 3844 Erant
458 3794 559 3844 autem
578 3785 626 3846 illi
645 3789 844 3867 computistae
883 3785 934 3846 vel
967 3783 1182 3858 calculatores,
1213 3784 1343 3860 deinceps
1363 3783 1403 3832 1³·

339 3865 451 3936 bularii
471 3867 559 3942 dicti,
582 3869 636 3954 qiu
655 3868 811 3950 publicum
834 3889 994 3930 nummum
1014 3869 1130 3930 aerario
1151 3867 1332 3932 inferebant.
1358 3873 1402 3914 ⁵⁶¹¹

343 3952 397 4032 qui
426 3951 586 4032 pecuniam
613 3953 727 4033 regiam
758 3975 792 4014 ex
813 3953 956 4030 tributis,
994 3953 1135 4034 portoriis
1168 3962 1198 4010 et
1229 3937 1403 4026 vectigalibus

341 4044 460 4116 partam
481 4035 513 4093 in
542 4035 657 4095 aeraria
678 4034 858 4096 inferebant.
879 4083 881 4088 .
902 4035 976 4095 Fuit
1003 4053 1122 4116 quoque
1143 4033 1321 4093 ntmzemniis
1340 4021 1401 4113 illes

340 4117 393 4200 qui
414 4115 593 4197 gladiatores
613 4128 644 4178 et
663 4120 782 4202 aurigas
802 4128 976 4180 numeraret
998 4123 1028 4178 et
1051 4119 1080 4178 in
1101 4117 1234 4176 libellrms
1258 4123 1405 4173 tutmerffl·

341 4222 390 4263 um
411 4199 573 4283 referebat,
595 4200 634 4262 de
658 4220 719 4286 qno
739 4201 803 4266 vid.
827 4191 954 4264 Salmai.
978 4201 1017 4262 ad
1039 4201 1105 4263 Ser.
1130 4199 1212 4262 Hist.
1230 4197 1307 4277 Aug.
1325 4183 1405 4252 T.11·
1437 4215 1438 4222 ¹
