2975 4892
129 394 133 408 ι
163 311 222 376 sn
257 307 482 376 norsum.
508 309 657 376 ronrn.
688 312 743 374 nr
772 309 909 376 ceam
939 313 1012 377 un
1032 317 1073 378 11.
1101 287 1181 372 θοι

100 467 176 528 novi
194 467 302 529 Graeci
322 469 433 530 λαοιοἸε
452 469 558 530 κοῖλον
577 465 729 551 appellant
770 477 800 529 et
835 480 1031 551 augmentum
1057 472 1183 553 perfecti

143 550 252 632 rticipii
271 553 436 630 omittunt3
463 551 528 612 vid.
543 551 638 612 (ἴσον.
659 551 698 611 ad
727 549 837 612 Codin.
853 569 921 694 paq.
937 552 989 635 98.
1012 575 1045 613 n.
1065 553 1097 614 8.
1140 555 1183 616 Et

126 637 177 694 inc
197 633 270 694 dicti
291 634 413 695 funum
431 626 462 694 oi
480 628 541 708 ἔξω
559 631 738 694 κατάκοιλοι
749 679 759 710 ,
781 632 819 694 de
839 635 889 716 qui
914 657 950 696 us
971 633 1099 696 multum
1120 637 1183 698 dis-

100 727 249 800 putatur3
270 715 333 777 vid.
354 717 406 777 Du
426 715 527 798 Gange
547 716 580 777 h.
603 737 635 776 v.
678 716 728 777 Sic
748 737 856 798 nempe
874 717 1052 778 dicebantur
1072 712 1101 778 oi
1122 713 1183 794 ἔξω

99 799 160 878 τῆς
182 793 368 880 ἅναβοίθρας
387 793 469 860 κατὰ
489 793 527 860 τοὶ
548 800 638 859 κοῖλα
658 790 850 878 καθήμενοι,
883 802 936 883 9σί
963 811 1045 860 extra
1075 821 1109 860 su
1130 823 1182 882 qe-

99 892 184 942 stum
209 881 397 964 patriarchae
417 880 533 962 aliquot
552 881 662 962 gradus
690 881 785 942 altum
814 884 847 943 in
866 881 1079 945 humilioribus
1104 823 1183 946 desi-

101 964 229 1026 debant.
270 965 380 1048 Liquet
399 986 435 1026 ex
456 963 582 1026 Haberti
603 965 774 1026 Pontificali
794 986 827 1047 p.
843 986 896 1048 27.
911 967 945 1027 B.
960 985 992 1048 7.
1034 965 1075 1026 Et
1096 966 1180 1028 illino

101 1069 228 1130 quoque
246 1049 445 1109 cwdriralsicm
474 1046 581 1108 titulus
608 1048 787 1128 repetendus
809 1058 866 1110 est.
906 1047 1081 1110 cardinales
1101 1053 1182 1111 enim

100 1151 167 1192 non
187 1130 256 1192 ideo
274 1133 318 1191 sic
337 1131 428 1204 dicti,
450 1129 534 1212 quod
562 1130 762 1191 cardinalium
786 1131 937 1193 titulorum
965 1131 1014 1192 vel
1045 1131 1183 1194 ecclesia-

99 1211 1017 1378 &offillffiffllfflltlutdnffl.¹.¹¹.
1030 1215 1181 1372 iili:

100 1390 157 1441 aut
178 1382 287 1453 etiam,
307 1379 390 1462 quod
409 1382 441 1439 in
462 1378 602 1451 cardine,
631 1379 716 1440 aditu
740 1378 898 1455 tribunae,
927 1391 1011 1442 extra
1036 1378 1124 1441 mma
1150 1383 1182 1442 in

100 1459 186 1522 solea
217 1460 318 1522 locum
339 1462 496 1523 haberent.
538 1461 630 1544 Apud
650 1461 846 1525 Eustathium
866 1463 898 1525 in
918 1465 980 1524 vita
993 1463 1024 1524 S.
1038 1463 1182 1547 Eutychii
1314 1495 1319 1506 ’

99 1543 436 1628 contradistiuguuntru
456 1538 486 1604 οῖ
506 1543 564 1606 τοῦ
583 1540 726 1623 βήματος
746 1545 805 1606 illis
826 1537 977 1607 donastis
998 1538 1106 1624 κάτω,
1128 1547 1181 1628 qui

99 1627 182 1688 infra
202 1627 290 1688 bema
310 1628 424 1690 sedent.
469 1625 741 1784 Ηοοιδρξοτοραλψ
768 1621 841 1700 τούς
866 1621 930 1724 ἔξω
957 1623 1021 1724 τοῦ.
1042 1625 1183 1707 βήματος

98 1707 500 1856 ῗῇιξᾙῖοἷᾙ
514 1709 1183 1875 ἶὲἔ..ἴῗ.”ἓῖἵ.ἱῖἱ“ἕῐςὲῗο.’ὲῖἶῖ”ἱ.ἱίᾞὲ

97 1878 222 1949 κοῖλος,
251 1877 388 1949 transilii,
425 1876 738 1959 praeterquamquod
759 1885 884 1936 naturae
905 1875 1086 1956 respondete
1110 1897 1182 1938 nam

97 1958 245 2020 deorsum
260 1980 356 2040 versa,
377 1980 451 2021 cava
472 1959 574 2020 omnia
592 1970 663 2020 sunt
676 1958 823 2020 humilia:
846 1959 937 2019 etiam
950 1960 1073 2018 vetustis
1086 1959 1184 2020 Grae-

95 2046 144 2102 cis
163 2063 226 2102 non
246 2044 349 2124 ignota
368 2042 435 2104 fuit.
478 2041 559 2103 Loca
580 2041 719 2122 depressa
738 2043 829 2100 κοῖλα
851 2041 1015 2118 dicebantq
1049 2037 1067 2120 'l
1093 2041 1181 2122 κονλρ

97 2121 321 2200 Ameana»
341 2135 385 2188 est
406 2127 438 2187 in
450 2124 635 2206 Anthologia
655 2146 687 2206 p.
704 2123 772 2186 118.
787 2121 870 2206 (598.
890 2125 955 2201 3.),
975 2123 1181 2186 Laoedaenson

95 2211 135 2267 ι’νι
163 2209 270 2269 ΙιαναιἸὶ
290 2210 358 2268 nia.
399 2207 493 2287 Quod
514 2211 547 2270 iu
567 2205 753 2289 Anthologia
773 2207 886 2267 inedita
914 2205 1015 2268 Carm.
1040 2203 1114 2289 469.
1136 2219 1183 2270 est

95 2289 192 2368 κονλη
212 2278 371 2370 ἄτρωτος,
399 2301 445 2352 est
463 2311 556 2352 carm.
576 2287 648 2373 470.
669 2287 819 2362 κατοντὲς
840 2279 973 2372 ἄντρον,
1004 2303 1124 2351 artuum
1147 2292 1181 2352 ris

91 2373 252 2457 pruswrdo
270 2375 368 2434 οἰονα.

186 2454 225 2515 A.
243 2477 290 2518 ro.
308 2454 477 2542 [5da‚1n.]
499 2449 714 2536 ααρανατιών.
741 2453 778 2514 ld
799 2465 844 2516 est
863 2449 1111 2536 πορσαατιόντος
1127 2455 1179 2517 vel

95 2535 357 2616 παρανοτιόντα,
377 2541 529 2626 σίἰραααοο
547 2541 664 2600 alenus
680 2557 836 2621 progresso
850 2539 903 2598 illo
922 2551 975 2599 aut
1007 2559 1182 2620 rogressumf

94 2619 203 2702 quoad
223 2641 344 2682 sensum
364 2616 548 2703 ταραττέτω,
573 2622 725 2706 αἱμροαανο
743 2620 868 2698 itfiniis
888 2620 937 2681 vel
957 2643 976 2680 α
988 2623 1096 2698 terim
1117 2621 1183 2681 vid.

93 2703 141 2764 ad
162 2723 196 2800 p.
215 2704 287 2765 552.
303 2704 345 2763 D.
358 2727 444 2788 pen„
465 2704 519 2765 ubi
540 2696 719 2764 ὑαοκατιών
738 2722 796 2782 pro
816 2698 974 2763 ὑποκάτω.
1003 2703 1038 2762 ln
1059 2701 1181 2764 Graecis

94 2787 278 2868 Latinisque
293 2786 488 2868 scriptoribus
508 2789 640 2868 antiquis
659 2796 691 2868 et
711 2786 800 2845 novis
812 2785 982 2867 frequentin
994 2784 1084 2846 huius
1096 2785 1181 2846 enal-

92 2868 182 2952 lages
212 2881 376 2931 occurrunt
398 2871 545 2952 exempla,
567 2881 598 2931 et
616 2889 707 2930 nemo
729 2867 760 2927 in
783 2889 819 2928 eo
839 2888 948 2951 genere
961 2866 1182 2946 νατακορέστο-

90 2972 153 3031 ρος
172 2952 280 3012 Nostro
300 2962 330 3013 et
349 2952 542 3016 Philostrato.
599 2950 654 3014 Vel
676 2970 773 3012 unum
793 2949 892 3011 saltim
912 2948 1013 3012 locum
1033 2949 1182 3011 adducam

92 3056 133 3096 ex
158 3034 280 3096 Alberti
302 3035 529 3118 Argentinensis
552 3034 706 3096 Chronico
726 3033 765 3094 sd
785 3036 826 3095 A.
850 3034 885 3100 C.
911 3033 1019 3095 1356.=
1046 3034 1182 3094 electores

91 3131 125 3178 et
147 3115 290 3198 officiales
314 3121 434 3204 imperii
452 3119 610 3180 uem'ebusu
638 3139 726 3202 σοφεν·
749 3139 823 3203 equo
851 3137 939 3201 tuque
964 3115 1008 3178 ad
1030 3137 1181 3191 mensam

89 3201 303 3262 descendentes
336 3224 407 3264 nem
434 3200 482 3285 [id
510 3214 555 3264 est
585 3211 620 3261 ut
661 3210 763 3261 sutem
785 3200 1000 3261 descenderant
1023 3221 1057 3260 ex
1080 3197 1181 3282 equis]

91 3285 445 3353 1οτότνιοαί6ινορνααναίο
464 3283 703 3368 ἅσῦσεονερινιο.
743 3283 793 3344 sic
814 3267 896 3365 apud
916 3281 1060 3345 Nostrum
1089 3282 1184 3362 paulo

90 3376 167 3448 post
195 3365 276 3426 hunc
298 3362 405 3428 heum
423 3367 481 3428 hae
509 3369 573 3450 ipsa
593 3370 703 3466 pagina
723 3366 759 3425 C.
787 3387 818 3449 7.
840 3359 917 3436 στὰς
943 3364 1042 3426 ἐκεῖσε
1062 3375 1107 3425 est
1126 3383 1183 3444 pro

90 3443 227 3520 στάντος
247 3460 277 3510 et
297 3449 334 3509 G.
355 3449 412 3510 ult.
434 3453 696 3531 αερνβαλλομενος
715 3469 771 3530 pro
791 3445 1056 3527 ντεριβαλλομὲνοο
1087 3457 1116 3506 et
1138 3447 1180 3507 D.

91 3533 127 3594 5.
151 3526 267 3602 νεύσας
287 3552 343 3613 pru
360 3529 548 3610 ντόσαντοςς
570 3553 639 3614 pag.
663 3531 735 3607 διά.
757 3530 793 3591 Β.
818 3551 849 3590 ο.
877 3523 1095 3600 ἀσπασάμενοι
1145 3549 1180 3590 ro

91 3611 335 3689 ἀσπασαμένων
364 3626 447 3696 etp.
477 3612 547 3675 556.
571 3616 607 3676 B.
636 3634 684 3674 ιο.
707 3611 751 3696 τῷ
776 3613 906 3690 βασιλεῖ
921 3609 1033 3690 τεχθὲν
1054 3631 1110 3670 παι
1131 3609 1181 3671 νὀν

93 3686 203 3777 ἄρρεν
222 3718 278 3778 pro
301 3695 466 3775 τεχθέντος
484 3694 613 3758 παιδίον
646 3686 789 3778 ἄρ’ῥενος.
832 3693 960 3754 Possent
979 3693 1114 3775 exempla
1133 3685 1182 3754 in·

167 3781 174 3793 '
219 3779 335 3839 acervis
367 3778 501 3840 effundi:
538 3801 633 3840 unum
665 3791 769 3840 tamen
794 3775 894 3836 adhuc
924 3776 1035 3838 addam
1066 3797 1184 3838 memo-

92 3790 194 3922 ἴῖνῖλῖ
224 3863 388 3944 exGeorgii
399 3863 568 3923 Hamartoli
581 3863 731 3923 Chronico
756 3870 834 3920 msto
849 3861 939 3942 (apud
965 3861 1017 3920 Du
1033 3858 1180 3942 Cangium

92 3966 128 4005 v.
152 3939 294 4024 Κόρτη),
323 3946 375 4006 ubi
399 3945 437 4006 de
457 3944 656 4007 Constantino
677 3946 722 4004 M.
755 3943 885 4004 diciturs
915 3939 1021 4014 κτίσας
1052 3935 1181 4006 ἱππικόν

93 4022 154 4086 κατ’
184 4023 336 4086 uastae»
363 4027 419 4089 καί
435 4023 508 4100 τούς
529 4022 685 4106 μεγάλους
704 4019 860 4102 ἐμβόλους
903 4019 958 4086 κατ’
985 4016 1179 4104 stirpique,

93 4111 130 4167 ἐν
159 4094 186 4192 ᾧ
212 4102 301 4194 τὸαρν
329 4103 456 4191 ἔστησεν
488 4107 507 4190 ἦ
530 4106 623 4190 κόρτη
644 4105 741 4170 αὐτοῦ
761 4104 944 4170 ἐπανελθών
964 4097 1026 4168 ἀπὸ
1043 4102 1177 4185 Ῥώμης.

93 4191 168 4252 Ιλνο
188 4191 245 4254 hoc
264 4194 296 4254 in
318 4189 386 4254 looo
406 4205 477 4256 sunt
497 4191 713 4273 memoranda,
732 4211 829 4253 unum
863 4185 993 4272 ἔστρσον
1011 4209 1067 4271 pro
1086 4183 1178 4266 ἔστη,
