2975 4892
152 333 210 402 Αυ
241 329 479 403 constant:
494 332 643 401 nomn.
675 333 730 399 ns
759 330 896 402 canna
927 339 1000 402 nn.
1028 344 1054 402 ι.
1089 324 1177 427 οιρ

92 470 154 557 noo
176 494 217 555 Τ.
232 494 273 553 ΙΙ.
286 514 320 577 p.
339 492 392 577 57:
430 492 475 555 Et-
491 490 598 565 Russi,
620 493 646 554 si
666 492 744 553 bene
764 495 908 574 memini,
928 499 1096 579 superiores
1106 519 1177 561 suos

91 578 155 639 hoc
187 576 279 637 modo
306 576 458 655 adorant,
490 598 509 636 a
537 577 658 637 Graecis
676 574 770 637 docti.
814 579 916 640 Latini
936 582 1087 661 sequiores
1107 602 1177 642 enm

91 663 316 721 inclinationem
342 675 410 721 ante
428 673 459 721 et
479 674 557 719 retro
574 657 736 741 appellant.
780 662 879 722 Minae
898 662 1106 744 appellationis
1125 664 1268 726 rer-EM.
1281 664 1329 721 1³2

90 748 208 803 tionem
222 745 355 825 suggerit
369 741 533 803 Udalricus
544 744 581 800 L.
599 742 655 803 111.
670 744 812 805 Consuet.
828 744 964 807 Cluniae.
979 768 1008 807 c.
1021 769 1075 809 οη
1100 749 1176 829 Qni-

91 828 166 887 nter
178 828 307 887 nmina
325 840 366 885 est
384 826 588 899 intuendus,
610 838 641 886 nt
656 828 833 906 regulariter
849 831 923 888 scint
940 844 1029 913 οσραι
1047 832 1176 891 declina·

92 930 152 983 re,
177 910 287 971 scilicet
305 930 365 971 non
381 910 470 969 dorso
491 921 611 969 araneo
627 943 644 958 ·-
659 944 674 955 -
692 910 747 971 sed
760 911 819 985 ιἰα,
850 925 883 971 nt
900 912 1019 973 dorswn
1034 915 1075 975 sit
1097 937 1176 974 smn-

93 994 220 1063 misn'ns‚
244 1014 333 1076 qnam
355 992 469 1069 liniti,
485 1004 514 1050 et
527 1004 615 1074 capnt
627 993 815 1066 summissim,
830 1015 919 1077 qtmm
932 996 1070 1071 domm,
1085 1020 1178 1080 qnam

91 1076 316 1137 inclinationem
338 1096 390 1134 nor
407 1096 466 1157 per
487 1094 568 1135 rnnm
587 1088 655 1135 ante
670 1089 698 1133 et
716 1088 794 1135 retro
808 1078 1019 1160 appellamus,
1036 1083 1108 1165 qnia
1129 1083 1177 1142 in·

94 1160 171 1242 cipit
187 1172 288 1218 contra
303 1160 445 1217 orientem
466 1170 495 1216 ct
502 1156 580 1241 finit
595 1170 696 1219 cnntrn
708 1157 895 1221 occidentem.
934 1160 983 1221 Dc
1002 1160 1178 1225 adoratione

93 1257 195 1321 prono
213 1252 318 1301 ventre
348 1251 468 1321 peracta
485 1238 609 1321 insignis
629 1250 673 1301 est
693 1238 777 1301 locus
801 1241 881 1325 apud
901 1243 1083 1326 Procopium
1166 1290 1175 1307 .

97 1325 170 1383 133.
183 1324 241 1384 fine
272 1324 385 1385 Histor.
405 1322 596 1385 Ancedotoc:
617 1315 705 1403 παρὰ
732 1319 1006 1406 Ἰουστινιανόνρτο
1020 1328 1077 1389 καὶ
1098 1268 1177 1389 ffi-

95 1402 208 1487 δώρου
230 1398 289 1478 τὰς
311 1400 453 1479 εἰσόδους
473 1398 651 1483 ποιούμενοι
672 1402 705 1465 οῗ
722 1424 755 1465 τι
768 1394 859 1467 ἄλλοι
873 1399 1009 1481 ἅπαντες
1027 1408 1084 1472 nni
1107 1403 1177 1473 tan

92 1480 132 1547 τδ
155 1482 315 1567 πατρύιιον
334 1476 456 1567 ἀξίωμα
476 1478 580 1565 εἶχον,
612 1480 743 1547 ἔπιπτον
761 1485 821 1565 μὲν
839 1487 884 1561 εἷς
904 1484 941 1551 τὸ
961 1485 1106 1573 ἔδαφος,
1123 1485 1177 1553 εὖ·

92 1565 162 1643 dile
180 1568 235 1633 ent
265 1564 389 1648 στόμα,
416 1568 535 1665 χειροῖν
565 1566 621 1629 καί
638 1565 743 1630 ποδῶν
759 1570 808 1643 ,εἰς
825 1558 905 1651 ἄγαν
923 1575 1178 1652 τετανυσμένων,

94 1648 154 1713 καὶ
170 1651 273 1731 gena
293 1646 389 1724 ποδὸς
416 1651 564 1732 εκατὲρου
596 1647 757 1729 ἁψάμενοι
772 1650 983 1726 novenam.
1025 1656 1090 1717 Ubi
1111 1672 1177 1720 mo-

77 1730 160 1797 'rem
180 1736 269 1797 illum
289 1758 307 1795 a
328 1736 496 1797 Iustiniana
515 1744 546 1795 et
565 1734 728 1795 Theodora
749 1754 853 1798 recens
876 1737 1050 1814 invectum,
1071 1741 1178 1821 procul

96 1818 192 1879 dubio
213 1840 249 1879 ex
275 1820 443 1881 imitatione
461 1838 566 1901 regum
587 1816 769 1893 Persarum,
798 1828 835 1879 ut
864 1818 1061 1891 intolerabilis
1081 1833 1111 1881 et
1130 1823 1178 1881 ia-

94 1902 221 1963 humani
244 1902 335 1963 fastus
355 1910 566 1963 ornamentum
586 1899 717 1981 graviter
736 1901 949 1983 reprehendit3
970 1925 1001 1964 v.
1013 1904 1052 1963 ad
1063 1926 1094 1985 p.
1104 1906 1176 1989 278.

96 1984 132 2043 C.
164 1968 235 2045 ιο.ι
256 1987 359 2066 Imago
389 1950 438 2047 ἔπ’
469 1974 609 2064 ἐδάφους
629 1984 876 2068 προσκυνοῦντος
894 1986 1077 2067 conspicitur
1097 1986 1179 2069 apud

93 2066 149 2127 Du
169 2066 271 2151 Congo
288 2067 391 2129 tabula
412 2068 452 2133 11.
471 2066 702 2151 praemissarum
722 2066 841 2129 dissert.
867 2067 905 2128 de
923 2070 1179 2151 nummisByzan-

96 2152 170 2211 tinis
188 2172 267 2233 pone
288 2150 420 2213 Glossar.
443 2150 512 2209 Lat.
556 2150 604 2208 De
634 2148 808 2213 adoratione
837 2150 941 2213 miultis
967 2155 1028 2235 egit
1058 2152 1181 2215 Selden.

94 2232 195 2295 Titul.
216 2236 334 2295 Honor.
359 2257 390 2317 p.
404 2232 456 2311 54.
471 2254 539 2315 sqq.
582 2230 674 2311 Quod
695 2240 798 2294 autem
817 2233 857 2294 ad
870 2256 1007 2315 morem,
1027 2235 1068 2297 ob
1087 2258 1180 2318 rprem

86 2316 173 2377 baec
198 2317 342 2401 digressio
372 2318 507 2377 instituta
537 2314 615 2393 luit,
646 2314 773 2389 attinet,
804 2314 892 2377 illum
912 2339 1044 2401 nempe,
1072 2319 1179 2381 diebus

96 2398 256 2464 dominicis
277 2420 327 2461 eos
348 2420 408 2460 non
436 2398 603 2475 adorandi,
637 2418 713 2479 quos
745 2398 818 2460 alios
841 2412 1010 2483 oporteret,
1038 2405 1179 2484 antiquus

97 2483 150 2545 ille
170 2495 265 2546 estet
285 2482 473 2543 Tertulliano
494 2485 554 2541 iam
575 2490 776 2555 memoratus,
797 2480 878 2544 libro
899 2483 938 2543 de
958 2485 1079 2547 Corona
1098 2485 1179 2546 mili-

101 2576 193 2626 tum:
213 2566 265 2626 die
282 2566 431 2627 donrt'rn'co
460 2566 600 2627 ninnnm
628 2564 712 2641 nefas
733 2565 866 2627 ἀυιὺιιιιο
896 2566 949 2625 nel
981 2566 1020 2625 de
1044 2570 1179 2648 gern’cnlo

96 2649 235 2724 odorare,
251 2652 411 2733 eademqne
422 2650 604 2711 ιἰιιοιιυιίιιιιο
618 2668 637 2705 ιι
649 2646 699 2707 dte
709 2646 843 2708 Paschae
856 2650 888 2707 in
897 2644 1082 2710 Pentecosten
1092 2673 1180 2733 nsque

116 2730 269 2793 audemus.
293 2732 379 2793 Alios
400 2729 481 2793 locos
503 2731 607 2791 citavit
634 2730 736 2790 losuas
762 2728 850 2791 Arnd
871 2733 905 2790 in
926 2732 1034 2791 Lexico
1049 2732 1179 2812 Antiqu.

94 2754 273 2883 beclesisst.
294 2816 358 2875 Tit.
380 2812 456 2874 Dies
473 2814 667 2898 domim'cnp.
683 2812 753 2894 307.
790 2810 910 2890 Quibus
929 2812 1009 2873 addo
1022 2812 1108 2874 illum
1120 2816 1181 2877 Nili

98 2896 246 2961 Monachi
266 2898 369 2979 Epist.
384 2898 442 2957 Ill.
461 2916 510 2957 αι.
528 2894 596 2977 :anfi
616 2893 753 2977 κυριακῇ
772 2892 875 2979 qnippe
895 2887 1029 2969 ἑστῶτος
1048 2892 1182 2975 eigins-

99 2981 161 3057 θα,
195 2974 231 3041 cd
254 2980 313 3041 τοῦ
332 2980 494 3054 μέλλοντος
516 2974 629 3049 alcinon
658 2970 809 3055 στάσιμον
828 2978 1045 3049 ἐκτυποῦντος.
1089 2979 1124 3041 ἐν
1145 2980 1182 3043 dl

33 3132 36 3137 ,
96 3068 168 3135 ταῖς
186 3052 299 3137 ἄλλοις
320 3060 455 3143 ἡμέραις
475 3056 515 3122 τὰ
534 3056 648 3138 γόνατα
669 3060 823 3139 κλίνομεν,
845 3056 907 3139 τὴν
925 3056 979 3122 dni
999 3061 1056 3142 τῆς
1075 3055 1180 3146 ἆμαρ-

97 3144 169 3216 clarc
189 3146 309 3209 πτῶσιν
329 3144 490 3227 δηλοῦντες
510 3142 570 3203 τοῦ
589 3138 789 3225 ἀνθρωπείου
818 3143 937 3222 γένους.
982 3144 1182 3229 Quandoqui-

98 3228 169 3289 dem
189 3219 409 3289 autem‘saera
436 3228 484 3288 die
510 3226 660 3287 dominico
689 3248 708 3285 a
736 3226 954 3308 geniculatione
974 3227 1006 3287 in
1027 3228 1112 3290 cultu
1132 3230 1183 3291 dei

97 3310 314 3389 absolvebant,
333 3310 429 3372 multo
460 3312 559 3371 minus
587 3318 706 3391 poterat
733 3308 825 3370 homo
850 3308 999 3371 honorem
1026 3310 1181 3393 flagitare,

99 3394 187 3457 cuius
218 3398 337 3457 veniam
368 3393 443 3455 deus
472 3393 639 3455 cultoribus
672 3392 733 3453 suis
756 3393 875 3454 faceret.
916 3394 996 3454 Cum
1017 3392 1077 3453 hoc
1099 3409 1183 3455 more

100 3481 244 3540 convenit
265 3478 317 3538 ille
339 3478 544 3552 monasticus,
566 3498 646 3559 quo,
675 3478 727 3557 qui
759 3472 826 3537 leve
846 3475 920 3557 quid
947 3486 1096 3556 peccasset
1115 3498 1183 3537 mo·

100 3560 235 3634 nachus,
259 3560 364 3623 diebus
385 3558 466 3621 festis
489 3570 609 3621 tantum
636 3558 776 3619 manibus
805 3558 844 3618 ad
864 3569 977 3619 terram
997 3557 1131 3621 demissis
1150 3578 1183 3621 se

99 3644 262 3707 inclinaret
282 3644 367 3705 velut
385 3643 575 3726 quadrupes,
597 3662 692 3724 eoque
706 3639 813 3703 insitu
828 3642 938 3705 laceret
950 3644 1182 3723 poenitentiam

100 3725 226 3809 reliquis
258 3738 358 3789 autom
386 3726 425 3789 de
454 3726 615 3809 geniculo,
647 3735 682 3785 ut
711 3722 932 3807 loquebantur,
964 3724 1015 3787 vel
1034 3727 1183 3809 ingenua

101 3811 283 3891 provolutus
357 3830 430 3871 enne
461 3820 589 3871 statutae
621 3808 812 3871 satisfaceret.
867 3806 954 3869 Ordo
980 3807 1183 3876 cisterciensis

99 3894 112 3968 l
123 3894 202 3975 opud
225 3896 277 3955 Du
326 3915 402 3977 ange
421 3912 452 3954 v.
473 3892 662 3970 Articnlrn):
679 3892 806 3973 fiction
833 3889 951 3976 quadem
971 3892 1072 3953 drebtn
1096 3916 1185 3979 saper·

98 3978 258 4051 uniendos,
278 3972 412 4062 privatis
432 3986 504 4037 vern
523 3998 611 4061 sinter-
632 3996 726 4057 genna
743 3976 1022 4057 prosternantnrnd
1031 3974 1140 4042 sederi.
1222 4017 1228 4030 .

165 4052 235 4140 ndo.
252 4062 290 4122 C.
310 4062 359 4121 13.
377 4049 523 4142 [4148]
546 4062 698 4137 καμπαῖα.
719 4056 855 4121 Bobium
876 4080 936 4119 non
958 4071 1002 4120 est
1019 4056 1184 4140 καμποίχια

101 4150 160 4201 aut
177 4138 343 4221 repastina
364 4142 522 4223 legendam
544 4164 618 4205 esse.
664 4143 811 4219 Quamvis
831 4143 910 4203 enirn
929 4144 1026 4206 torma
1038 4144 1183 4220 καμπαῖσι

100 4224 203 4307 quoad
231 4229 459 4311 grammaticam
495 4226 574 4289 bono
604 4234 696 4310 queat
725 4246 811 4309 esse,
846 4228 871 4289 si
891 4244 998 4311 nempe
1020 4225 1162 4307 ondnnq
1172 4265 1184 4303 ,
