2975 4892
300 287 385 402 698
515 316 571 380 10.
602 311 1173 381 rac.s1‹:rsrncosututrtnu

363 467 438 548 542.
453 467 488 530 Β.
505 466 537 530 8.
561 465 650 551 [59²²
664 467 710 552 9.]
738 465 872 544 δέσμιοι.
924 467 1045 548 Captivi
1064 465 1204 528 Seraemi
1221 462 1363 526 mahan-

302 563 354 610 tur
374 553 448 614 oiim
468 553 501 612 in
531 555 704 635 praetorio,
735 561 771 610 ut
790 550 881 612 hodie
899 553 932 610 in
952 562 1069 632 septem
1087 554 1129 610 sic
1147 545 1365 609 dictistum'bn

301 633 395 710 CPli,
417 646 470 695 aut
490 645 525 694 ut
546 637 579 694 in
597 635 719 694 urbium
741 633 862 694 Africae
892 633 1010 695 balneis
1029 633 1122 694 hodie
1142 631 1295 692 Christiani
1311 649 1364 689 ser·

306 729 418 777 vantur
438 729 468 778 et
483 719 513 777 in
534 715 651 778 balneis
671 717 795 776 Genuae
815 717 1041 797 atqueLivnrni
1060 717 1182 776 Tuscae
1200 736 1232 775 ea
1266 710 1366 772 ‘atul-

302 810 336 860 to
359 799 522 862 humanius
543 799 588 860 iiii
621 800 731 880 captivi
759 799 901 859 Saraceni
929 821 948 860 a
966 800 1090 860 Graecis
1116 800 1216 878 impp.
1254 794 1366 856 abebsn·

306 895 386 960 tur,
408 905 500 966 quam
521 883 630 965 captivi
654 881 817 942 Christiani
838 882 929 942 hodie
950 881 1102 942 habentur
1121 903 1140 942 a
1157 881 1275 941 Tuscis.
1311 877 1367 937 Non

306 975 425 1026 tantum
446 969 526 1028 enim
546 965 669 1048 singulis
690 965 796 1026 diebus
817 965 975 1026 dominicis
993 963 1202 1045 liberabantur
1211 959 1329 1022 vincula
1345 970 1370 1019 et

306 1052 430 1132 operis,
454 1071 486 1112 v.
508 1051 558 1110 Du
580 1049 679 1130 Gange
700 1069 732 1108 v.
755 1047 961 1126 Humanitas,
981 1049 1035 1108 sed
1055 1051 1147 1108 etiam
1165 1058 1230 1107 tota
1247 1043 1371 1126 septima·

306 1129 797 1276 suarattaratae·
813 1129 1371 1296 itant-..sauma

305 1319 338 1380 p.
355 1299 435 1382 359„
456 1308 487 1358 et
506 1296 659 1358 interdum
681 1295 903 1357 adhibebantur
922 1298 1012 1357 sacris
1032 1297 1129 1378 epulis
1149 1308 1181 1356 et
1201 1294 1372 1355 refectiones

306 1385 338 1440 in
359 1380 491 1442 nummis
519 1391 549 1441 et
577 1379 710 1440 vestibus
738 1383 800 1440 acci
822 1381 949 1453 iebant,
982 1390 1018 1440 ut
1044 1402 1061 1440 e
1083 1379 1178 1441 variis
1207 1378 1279 1438 iocis
1293 1374 1371 1436 nostri

304 1461 414 1524 codicis
434 1473 570 1541 constan
592 1483 623 1524 v.
643 1462 682 1522 ad
702 1484 733 1544 p.
747 1463 787 1526 35
810 1463 872 1524 .ss
895 1461 924 1523 8.
944 1462 1084 1524 dicenda.

320 1556 323 1562 '
389 1546 425 1607 C.
439 1543 471 1607 8.
493 1545 582 1628 [593‚
600 1543 643 1628 1.]
663 1545 828 1626 Δελεμίκη.
880 1545 981 1606 idest
1008 1542 1207 1623 Δελεμικίου.
1249 1543 1295 1604 Sic
1314 1543 1372 1600 nori

306 1626 412 1688 Graeci
432 1627 472 1688 ad
490 1630 667 1690 Latinorum
680 1628 849 1710 exemplum
889 1630 1035 1688 enititum
1055 1627 1199 1688 formant.
1216 1627 1281 1688 Ubi
1290 1625 1372 1684 Latini

305 1707 350 1769 II
366 1711 499 1793 duplex,
521 1711 573 1772 sed
593 1711 727 1772 solutum
749 1711 814 1772 lota
834 1710 855 1772 h
897 1721 973 1789 ent,
994 1710 1077 1792 quod
1101 1713 1133 1771 iu
1153 1731 1252 1771 unum
1272 1719 1372 1770 contra·

306 1805 390 1854 ctum
412 1796 527 1856 maiore
546 1793 645 1854 littera
666 1792 774 1854 solent
797 1795 978 1877 exprimere,
1000 1793 1043 1853 ibi
1064 1793 1174 1854 Graeci
1194 1803 1310 1876 ponunt
1326 1791 1370 1849 dn·

307 1873 374 1960 plex
396 1877 477 1956 iota,
500 1877 552 1938 sed
572 1879 604 1937 in
625 1877 724 1938 medio
746 1888 917 1938 transuersa
935 1876 1023 1937 trabe
1040 1876 1217 1956 copulatum
1236 1875 1280 1935 Η.
1296 1875 1373 1940 Δελε-

305 1957 385 2040 μίκη
413 1971 460 2020 est
479 1981 549 2042 ergo
576 1960 655 2020 idem
684 1971 775 2041 atque
797 1959 956 2020 DelemicI
978 1981 1032 2019 seu
1061 1958 1232 2019 Delemicii.
1275 1961 1320 2017 Sic
1336 1961 1371 2016 in

306 2039 354 2104 fra
371 2063 404 2124 p.
421 2043 492 2126 379.
510 2045 545 2104 C.
557 2041 588 2104 6.
610 2053 655 2104 est
674 2039 868 2122 Συμβατύιη,
889 2041 1077 2120 Symbatr’el‚
1093 2052 1122 2102 et
1133 2064 1162 2123 p.
1178 2043 1251 2126 579
1264 2043 1302 2102 D.
1317 2060 1372 2121 pen-

308 2123 366 2185 ult.
398 2119 416 2184 ὅ
438 2123 496 2186 τοῦ
511 2121 698 2206 Παγκράτη,
721 2125 891 2186 Theodorus
909 2125 949 2185 dc
967 2125 1226 2208 geatePancratI.
1268 2126 1303 2184 P.
1316 2122 1371 2185 385.

307 2207 345 2268 Β.
362 2207 419 2268 ult.
442 2217 508 2267 est:
532 2204 552 2287 ἦ
575 2203 716 2288 παραλία
739 2208 797 2268 τοῦ
814 2204 980 2290 Θρακὴση,
1000 2209 1217 2268 ommatitima
1230 2205 1369 2279 ssimeesl,

307 2311 366 2373 pro
381 2287 570 2374 Θρᾳκησὼυ,
587 2310 695 2374 nempe
702 2289 850 2366 θέματος.
867 2268 969 2352 itan
989 2312 1019 2372 p.
1033 2291 1106 2374 371.
1127 2291 1164 2349 C.
1176 2290 1237 2352 ult.
1260 2287 1373 2350 dicenda.

310 2371 469 2433 Cedrenus
486 2393 516 2454 p.
531 2391 601 2456 702.
626 2371 662 2434 B.
679 2395 707 2456 7.
736 2371 947 2455 Χρυσοβὲργη
966 2373 1070 2452 habet,
1094 2373 1317 2454 OuysooergI,
1329 2389 1374 2453 pro

310 2454 563 2536 Χρυαοβεργώυ,
586 2453 650 2519 Leo
658 2456 881 2517 Grammaticus
899 2477 932 2538 p.
945 2453 1062 2535 458.C.
1084 2453 1221 2536 Ἀρμένη
1255 2477 1307 2537 pro
1315 2453 1374 2530 Ἀρ·

307 2535 431 2618 μενίου.
471 2537 562 2598 Anna
582 2538 731 2600 Comnen.
754 2542 786 2600 in
806 2537 946 2599 Alexiad.
974 2561 1005 2621 p.
1020 2540 1091 2599 230.
1108 2538 1141 2598 B.
1162 2533 1374 2599 hebetudini

308 2612 382 2681 τινὰ
400 2617 591 2698 καλούμενον
608 2621 667 2681 τοῦ
687 2615 858 2701 Amasim,
879 2643 969 2704 quem
990 2643 1022 2704 p.
1039 2620 1161 2681 atas.
1176 2619 1210 2682 8.
1242 2621 1297 2682 τοῦ
1322 2617 1375 2682 Λε-

309 2699 439 2784 donacio
463 2713 562 2764 vocat.
603 2703 724 2764 Nicetes
754 2704 874 2787 p.'125.
896 2707 937 2764 D.
959 2705 1007 2766 ed.
1031 2705 1113 2764 Ven.
1154 2699 1191 2764 τὰ
1226 2705 1283 2764 τοῦ
1301 2703 1375 2764 flar-

309 2787 409 2866 τεχνῆ
431 2782 598 2867 Θεοδώρου
630 2787 812 2868 περικαλλὲς
845 2783 960 2868 οὔεημα
988 2779 1130 2867 ἐπάρχου
1158 2775 1248 2858 ὄντος
1265 2788 1315 2865 τῆς
1332 2775 1376 2842 ui·

309 2871 390 2941 λεως
410 2881 574 2946 memorat,
598 2869 629 2929 id
648 2879 693 2930 est
713 2870 933 2947 Παντεχνίου,
966 2869 1050 2953 quod
1070 2869 1113 2937 ibi
1133 2890 1246 2930 nomen
1265 2867 1377 2929 sanitae

312 2961 368 3026 eat.
417 2952 498 3014 Hinc
527 2951 711 3034 intelligatur
739 2963 769 3012 et
803 2952 978 3012 emendetur
1007 2973 1157 3026 marmor,
1190 2953 1272 3034 quod
1298 2951 1376 3012 Ann-

311 3033 401 3118 ghius
420 3035 460 3097 T.
474 3035 500 3096 I.
530 3035 568 3096 L.
591 3035 647 3094 111.
665 3057 692 3095 c.
709 3055 786 3110 22.,
818 3046 849 3095 et
869 3035 1025 3096 Cossinius
1053 3033 1196 3118 Append.
1230 3036 1270 3097 ad
1297 3034 1375 3094 Nom

311 3119 499 3179 Graecorum
519 3139 552 3200 p.
574 3118 624 3203 59.
656 3116 791 3180 babent:
825 3115 919 3199 Bo'pq
939 3117 1058 3198 βαλὲρη
1080 3130 1126 3180 est
1147 3118 1235 3178 Vari
1264 3113 1375 3186 Volerlt

310 3221 375 3261 non
394 3212 476 3263 recte
496 3203 595 3284 prima
614 3222 672 3264 vox
691 3203 783 3282 gravi
799 3201 947 3262 redditur.
996 3202 1113 3262 Ibidem
1148 3201 1207 3285 leg.
1231 3195 1374 3271 ’strenua

311 3283 345 3344 id
365 3295 409 3344 est
425 3281 602 3363 Ἀντωνὼιι,
627 3294 657 3344 et
676 3284 791 3344 τέκνων
810 3284 927 3364 μηῐῆρι
941 3285 1005 3366 (pro
1024 3283 1142 3366 μητρί),
1162 3308 1179 3345 e
1209 3305 1268 3369 qua
1287 3282 1376 3341 hieros

311 3369 446 3451 suscepit.
491 3367 588 3428 Φιλία
614 3388 676 3427 non
700 3378 744 3426 est
763 3386 821 3427 vot
843 3367 956 3427 Graeca
988 3370 1155 3427 amicitiam
1188 3379 1308 3438 notans,
1333 3357 1376 3420 sed

1444 2082 1446 2135 t

1444 2873 1446 2932 t

1444 2994 1445 3039 i

1444 3154 1445 3199 i

313 3449 421 3510 Latina
444 3471 502 3512 vox
555 3451 610 3526 tia,
634 3450 758 3511 Graecis
780 3449 886 3509 litteris
907 3453 1029 3531 scripta.
1071 3451 1233 3511 Praeterea
1252 3449 1307 3531 leg.
1319 3439 1375 3522 βίον
1444 3476 1445 3479 ¹

313 3529 430 3613 α’λυπῆ.
474 3535 494 3594 S
553 3533 614 3595 hnc
632 3533 665 3592 in
685 3535 826 3593 transitu.
877 3532 943 3603 Noa
962 3532 1071 3593 dubito
1091 3533 1170 3594 bene
1200 3537 1335 3594 Graecam
1352 3534 1376 3582 et
1444 3528 1445 3579 ἶ

314 3619 441 3677 vetustis
462 3638 583 3699 quoque
604 3616 728 3676 Graecis
749 3617 890 3676 usitatam
905 3618 1028 3698 genitivi
1051 3619 1289 3676 terminationem
1308 3609 1376 3670 ittam

315 3697 428 3777 fuisse,
459 3700 641 3784 Latinosque
677 3697 761 3759 illam
794 3700 956 3760 aGraecis
986 3700 1145 3780 accepisse.
1193 3700 1257 3759 Non
1287 3694 1375 3790 dubito

314 3781 446 3841 Graecos
465 3784 507 3841 sic
527 3782 601 3843 olim
623 3783 785 3843 formasse:
805 3781 944 3862 Ἔρέτρης
966 3803 993 3843 e.
1005 3804 1033 3842 c.
1057 3803 1114 3863 pro
1130 3779 1288 3862 Ἐρέτριυς,
1303 3769 1375 3850 ’dot‘

311 3883 368 3942 τρη
384 3883 440 3942 pro
459 3855 626 3945 Ἐρετρὼυ,
645 3862 855 3947 'Epe'rpqrpro
874 3863 1037 3943 Ἐρέτριαν.
1080 3865 1159 3924 Sane
1179 3863 1291 3940 ταῦρον
1305 3852 1374 3934 Ἐρέ-

312 3933 388 4024 τρήν
408 3955 502 4006 exstat
518 3948 599 4029 apud
620 3949 751 4029 Diogen.
768 3950 870 4009 taen.
891 3969 920 4030 p.
937 3948 1018 4026 153.,
1036 3945 1093 4016 ,ubi
1107 3958 1236 4006 metrum
1246 3941 1375 4019 Ἐρέτριθῑ

293 4045 376 4088 'non
398 4027 541 4089 admittit.
587 4031 846 4092 Termiuationem
872 4050 910 4110 ης
943 4031 975 4090 in
993 4031 1181 4091 nominativo
1211 4025 1286 4089 aliud
1313 4017 1376 4080 nihil

314 4131 405 4190 quam
426 4131 472 4182 ιος
504 4123 694 4174 contractum
728 4135 818 4193 esse,
841 4111 913 4173 alibi
934 4113 1122 4174 demonstro.
1167 4111 1235 4173 Pari
1254 4103 1333 4168 mod⁰
1346 4119 1377 4177 η’

312 4203 466 4256 contracte
499 4206 555 4278 pro
576 4214 626 4259 ιον
660 4197 804 4260 dicebant
838 4196 1015 4279 interdum,
1049 4205 1185 4278 exigente
1202 4190 1374 4266 necessitate,
