2975 4892
4 330 18 393 ι
145 325 202 395 ιο
233 324 459 393 consetur.
494 321 644 391 rosen.
673 323 728 387 un
753 320 891 389 cmm.
916 324 991 388 un
1020 326 1061 388 u.
1094 292 1182 408 879

167 482 207 549 D.
229 480 260 542 5.
279 476 368 567 [548,
384 500 415 539 n.
456 471 487 538 oi
513 476 676 578 πένητες.ι
702 476 847 539 Solebant
872 479 958 539 statis
979 477 1086 539 diebus
1104 499 1182 561 pau·

12 627 17 719 ἶ
85 564 359 709 lt‘tstitl't
372 558 1181 728 llmtttlitlffidtqtttllblsstlt't

5 800 6 803 Ἴ
86 732 229 791 CPtanos
243 738 344 789 autem
358 726 540 811 pauperibus
552 728 643 809 pedes
657 726 785 806 lavisse,
809 748 961 810 nusquam
983 724 1053 811 legi.
1096 730 1180 788 Pon-

5 884 7 889 ,
85 815 181 875 tilices
208 832 329 895 qnoque
356 812 484 872 Romani
514 810 587 872 olim
615 812 734 892 saepius
763 832 911 893 pauperes
932 810 1028 892 epulis
1052 812 1179 894 excipie-

85 896 173 957 bant.
222 894 352 956 Photius
380 896 413 953 in
440 894 596 974 Excerptis
623 894 702 955 vitae
729 896 867 977 Gregorii
899 896 945 954 Μ.
978 914 1009 976 p.
1034 894 1105 978 760.
1128 893 1178 959 ed.

85 976 247 1042 Hoescbel.
266 977 306 1038 de
328 976 477 1038 Pontifice
497 979 555 1037 isto
576 977 649 1038 haee
670 976 831 1059 perhibet:
866 969 921 1039 τόν
952 968 993 1056 sip
995 974 1180 1056 gregorialis

84 1057 194 1161 λαχών
219 1054 342 1121 ἰθύνειν
360 1052 477 1157 θρόνρν
498 1054 618 1120 δώδεκά
640 1080 730 1132 τινας
751 1060 813 1157 epis
834 1057 997 1157 uesq'toov,
1031 1056 1074 1162 oie
1105 1054 1180 1133 ἔθος

5 1302 7 1311 ,
84 1142 1180 1307 ltilittt‘t'ttttitt-s“titttttttl‘itljttssltsstt‘t

84 1304 272 1391 πρόσταγμα
302 1308 388 1381 τέλος
419 1300 515 1385 ἔλαβε
553 1308 609 1369 κατ’
645 1301 703 1388 τὴν
734 1304 894 1387 τράπεζαν
932 1304 962 1370 oi
993 1306 1180 1385 δαιτύμονες

84 1387 288 1473 ἐπλήρωσαν,
324 1390 504 1473 σονεωρᾶτο
533 1386 569 1451 δὲ
597 1389 641 1475 τῷ
670 1380 821 1470 ἀρχιερεῖ
842 1390 898 1450 καί
924 1392 1179 1471 τρισκαιδέκατος

85 1469 330 1549 συνεστιώμενος
348 1482 406 1536 ete.
448 1470 517 1558 *[S.
542 1474 703 1555 Gregorius
733 1474 881 1553 Pontffex
910 1474 1066 1535 duodecim
1128 1498 1177 1536 re-

5 1628 7 1637 ,
86 1559 188 1640 grisios
208 1557 320 1617 solebat
339 1556 384 1618 ad
401 1576 532 1617 mensam
552 1559 698 1634 ιίιιιιίιιικ,
729 1557 767 1615 iis
786 1576 902 1641 quoque
921 1558 1046 1638 singulis
1068 1499 1178 1619 ὤσει-

5 1646 7 1658 “
82 1642 139 1715 ὥσ,
164 1653 194 1701 et
211 1640 376 1713 Pascbatis,
400 1636 519 1699 Natalis
537 1654 567 1701 et
580 1640 761 1701 Pentecostes
780 1652 908 1723 tempore
920 1662 1024 1701 σιαιεσε
1043 1662 1178 1703 ιιισιιιιιοι

81 1738 113 1785 et
130 1736 281 1805 argenteos
300 1743 432 1805 erogare.
472 1721 544 1783 Vita
569 1725 633 1783 eius
653 1721 735 1805 apud
756 1722 858 1784 Canis.
882 1723 920 1783 T.
943 1724 1000 1789 Vl.
1021 1744 1052 1806 p.
1072 1724 1177 1807 2664*

5 1816 13 1827 “’
165 1806 205 1869 D.
228 1804 344 1889 penult.
374 1802 460 1889 [749,
475 1803 525 1888 6.]
560 1798 616 1867 τὸν
638 1800 840 1888 πολύτριχον.
897 1806 943 1866 lta
971 1806 1174 1869 membranae.

5 1964 7 1971 Ι
81 1889 212 1951 Draudii
235 1888 441 1972 apographum
462 1887 555 1949 dabat
573 1882 609 1950 τὸ
631 1883 846 1969 πολύτριχον,
876 1888 1009 1950 referens
1031 1889 1070 1951 nd
1090 1912 1178 1974 prae·

82 1973 192 2034 cedens
212 1970 390 2053 κλητώρισν.
437 1971 496 2033 Sed
518 1982 616 2053 potest
637 1972 729 2033 etiam
759 1964 855 2051 ὄχλον
883 1971 1089 2055 subintelligi,
1124 1984 1179 2035 sut

5 2068 13 2083 ”
82 2056 147 2115 τῶν
166 2052 367 2135 πολοτρίχιον
387 2052 459 2138 legi.
501 2055 581 2115 Nam
611 2055 735 2117 barbari
770 2075 875 2118 omnes
895 2055 958 2130 illi,
982 2057 1034 2139 qui
1057 2055 1108 2117 hie
1128 2058 1179 2117 di-

5 2152 10 2167 '·
82 2148 195 2199 cuntur
218 2136 324 2198 eodie
345 2136 506 2199 adsueras
534 2138 639 2220 epulas
663 2139 764 2201 vocati
790 2138 904 2212 fuisse,
937 2138 1042 2223 longas
1075 2160 1177 2201 eomas

5 2240 7 2252 ·
82 2220 240 2305 gerebant,
264 2218 356 2299 (unde
375 2214 560 2303 πολύτριχοι
579 2221 781 2301 dicebantur,)
802 2240 899 2303 quum
913 2223 1019 2282 Graeci
1032 2232 1062 2283 et
1074 2223 1177 2285 Latini

5 2320 11 2335 '
82 2306 219 2366 breviter
252 2305 331 2363 tonsi
361 2312 478 2380 essent,
507 2308 639 2367 caesarie
665 2306 715 2365 vix
746 2306 825 2365 infra
849 2326 937 2365 nores
956 2304 1176 2386 descendente,
1241 2343 1252 2363 .

83 2388 222 2469 scapulas
244 2396 325 2447 certe
344 2406 407 2448 non
428 2386 603 2470 attingente.
655 2388 755 2450 Multa
776 2390 809 2449 in
827 2398 972 2469 promptu
993 2388 1091 2449 habeo
1111 2391 1178 2449 eius

5 2472 7 2481 '
81 2474 127 2531 rei
150 2470 340 2544 testimonia,
373 2491 451 2552 quae
472 2471 498 2531 si
518 2471 667 2553 explicere
703 2482 734 2533 et
753 2472 987 2553 disputationem
1017 2472 1057 2533 de
1089 2492 1178 2533 eoms

5 2556 10 2587 Τ
81 2564 116 2613 et
134 2554 266 2615 caesarie
286 2562 425 2616 veterum
446 2552 541 2613 ordiri
562 2553 690 2631 vellem,
712 2556 746 2615 iu
767 2564 886 2615 vastum
907 2575 1048 2636 eampum
1068 2556 1178 2618 esebo·

5 2642 7 2667 ²
82 2658 145 2697 rer.
188 2637 383 2719 Quapropter
411 2638 504 2699 satius
532 2648 587 2714 est,
612 2656 681 2697 eam
702 2634 752 2697 bic
771 2638 912 2699 omittere
931 2648 963 2698 et
985 2636 1038 2699 alii
1057 2638 1177 2699 meliori

5 2742 7 2755 >
81 2718 253 2798 occasioni,
275 2722 302 2781 si
323 2740 385 2801 qua
405 2742 438 2781 se
458 2718 584 2796 offeret,
605 2739 771 2781 reservare.

5 2830 6 2839 ι
143 2798 214 2879 434.
234 2800 276 2863 A.
299 2824 327 2886 7.
349 2800 439 2887 [749,
456 2800 517 2885 in]
541 2796 697 2873 ἐθνικούς.
738 2803 872 2865 Barbari
884 2812 917 2865 et
927 2804 1063 2886 gentiles,
1083 2802 1177 2867 adeo·

5 2896 6 2917 ³
78 2906 142 2966 que
162 2886 270 2945 etherei
290 2886 372 2946 idem
394 2885 516 2949 valebat
535 2883 594 2946 illis
615 2886 814 2967 temporibus.
858 2886 933 2948 lude
951 2884 1062 2947 Schola
1080 2890 1177 2967 genti-

78 2970 156 3029 Ιίιιια
185 2967 260 3047 (vid.
282 2966 384 3034 Vales.
405 2968 444 3029 ed
466 2971 572 3031 Amm.
594 2969 755 3047 Marcell),
790 2993 868 3053 quae
897 2980 1001 3051 postea
1029 2968 1177 3032 Hetaerice

79 3052 163 3111 dicta
190 3051 249 3111 fuit
291 3071 345 3113 seu
372 3051 481 3114 militia
509 3053 642 3136 palatina
664 3074 699 3113 ex
721 3057 887 3137 peregrinis
908 3053 1082 3115 nationibus
1102 3073 1177 3115 oon·

80 3132 166 3195 ssan.
210 3135 256 3195 lte
281 3134 313 3195 in
334 3144 454 3197 vetusto
475 3136 575 3219 lapide
595 3136 755 3218 Aquileiae
779 3136 851 3218 legit
870 3138 1020 3199 Sertorius
1044 3136 1176 3199 Ursulus

78 3220 114 3278 in
138 3219 277 3279 Monuni.
299 3217 408 3279 Patav.
432 3240 465 3300 p.
487 3218 539 3299 45.
572 3220 738 3301 sepzdeurae
765 3222 918 3302 gemilion
939 3235 1175 3297 veter-anonim,

78 3299 114 3360 id
134 3310 178 3361 est
199 3300 410 3379 barbarorum,
432 3301 493 3365 vid.
516 3304 563 3363 Sc.
588 3300 690 3362 bleffei
711 3302 852 3365 Museum
865 3304 1040 3365 Veronense
1059 3325 1089 3385 p.
1103 3304 1177 3365 323.

79 3393 116 3445 et
137 3382 188 3443 Du
212 3383 314 3465 Cange
334 3383 385 3445 Gl.
407 3386 463 3445 Gr.
489 3408 521 3446 v.
547 3384 578 3445 Γ
576 3378 724 3465 εντήλιος.

166 3465 249 3549 Α.9.
271 3466 363 3611 Ηρ49,
381 3465 445 3550 ι4.]
462 3466 603 3548 ἐξαυτῆς.
648 3468 693 3527 λιιι
707 3465 929 3565 membranae*
954 3468 1178 3551 Apograplrum

77 3546 117 3622 ἐξ
134 3544 240 3628 αὐτῆς.
311 3552 388 3611 eutri
408 3563 500 3612 recte.
526 3552 597 3631 Leg.
618 3551 697 3611 enim
719 3561 773 3611 eut
790 3552 823 3625 εξ
842 3551 959 3627 ariscio,
979 3571 1040 3633 quo
1061 3554 1182 3633 respexi-

77 3634 114 3691 in
144 3630 273 3712 Latinis,
326 3646 445 3718 uotquot
471 3656 593 3708 eorum,
619 3644 672 3693 aut
700 3631 846 3715 ἐξαίτης,
874 3637 1007 3715 insigms.
1062 3636 1177 3696 Dicunt

76 3734 190 3795 nempe
212 3716 284 3777 novi
303 3656 410 3778 graeci
430 3710 548 3793 ἔξαιτας
567 3738 623 3797 pro
641 3714 777 3790 ἐξαίσιος
805 3726 835 3775 et
860 3710 985 3796 ἔξαρνος
1004 3729 1035 3778 et
1055 3710 1176 3798 ἔξοχος,

76 3800 222 3877 insignis,
244 3800 393 3878 emsizens,
421 3800 503 3860 unde
546 3810 575 3859 et
603 3820 663 3882 qua
693 3798 843 3860 formandi
872 3802 1008 3875 ratione,
1046 3803 1176 3885 ingenue

76 3880 177 3940 fateor
194 3902 243 3941 me
265 3884 400 3962 nescire3
423 3883 476 3943 sed
496 3882 621 3959 dicunt,
642 3892 673 3941 et
694 3882 827 3965 exempla
847 3894 919 3943 sunt
934 3887 998 3945 eius
1011 3886 1068 3944 rei.
1113 3886 1177 3945 lle·

67 3962 211 4045 sychius:
233 3956 377 4043 ἔξαιτον,
409 3961 586 4043 disspero»,
612 3963 709 4043 μέγα,
733 3961 849 4042 καλὸν,
878 3962 1010 4045 ἀγαθόν.
1054 3968 1176 4049 Pachy-

75 4045 363 4109 me1·esVlll.15.:
386 4042 466 4108 κατὰ
487 4040 543 4107 τὸν
560 4042 811 4109 Ἰοοοτινιάνειον
826 4045 994 4129 τρίκλινον,
1013 4043 1050 4111 ὃν
1073 4046 1089 4108 ὁ
1109 4051 1177 4121 ιεὀς

69 4122 299 4201 Ἰοιιστινιανός
314 4126 509 4212 εἰλομὴσατο,
537 4122 660 4202 ἔξαιτον
684 4118 761 4190 ὄντα
781 4128 837 4191 καί
850 4132 950 4211 μέγαν
970 4130 1025 4192 καί
1047 4134 1177 4207 θαυμα-

71 4208 175 4293 otoo,
205 4212 268 4275 sid.
300 4234 379 4297 quae
407 4212 448 4276 ed
477 4212 606 4276 Anthol.
640 4212 934 4298 ἰοιι1.οοτιο.4ι4.
962 4216 1035 4278 dixi.
1079 4216 1177 4275 Porio
