<?xml version="1.0" encoding="UTF-8"?>
<!DOCTYPE html PUBLIC "-//W3C//DTD XHTML 1.0 Transitional//EN"
    "http://www.w3.org/TR/xhtml1/DTD/xhtml1-transitional.dtd">
<html xmlns="http://www.w3.org/1999/xhtml" xml:lang="en" lang="en">
 <head>
  <title>
</title>
<meta http-equiv="Content-Type" content="text/html;charset=utf-8" />
  <meta name='ocr-system' content='tesseract 3.04.00' />
  <meta name='ocr-capabilities' content='ocr_page ocr_carea ocr_par ocr_line ocrx_word'/>
</head>
<body>
  <div class='ocr_page' id='page_1' title='image "./corpusscriptoru45theogoog/corpusscriptoru45theogoog_0100.png"; bbox 0 0 2975 4892; ppageno 0'>
   <div class='ocr_carea' id='block_1_1' title="bbox 27 10 34 282">
    <p class='ocr_par' dir='ltr' id='par_1_1' title="bbox 27 10 34 282">
     <span class='ocr_line' id='line_1_1' title="bbox 30 10 34 103; baseline 0 0"><span class='ocrx_word' id='word_1_1' title='bbox 30 10 34 103; x_wconf 76' lang='lat' dir='ltr'><strong>l</strong></span> 
     </span>
     <span class='ocr_line' id='line_1_2' title="bbox 27 202 32 282; baseline 0 0"><span class='ocrx_word' id='word_1_2' title='bbox 27 202 32 282; x_wconf 79' lang='lat' dir='ltr'><strong>l</strong></span> 
     </span>
    </p>
   </div>
   <div class='ocr_carea' id='block_1_2' title="bbox 196 244 1191 361">
    <p class='ocr_par' dir='ltr' id='par_1_2' title="bbox 196 244 1191 361">
     <span class='ocr_line' id='line_1_3' title="bbox 196 244 1191 361; baseline -0.008 -20"><span class='ocrx_word' id='word_1_3' title='bbox 196 274 264 341; x_wconf 76' lang='lat' dir='ltr'><strong>sn</strong></span> <span class='ocrx_word' id='word_1_4' title='bbox 293 272 520 341; x_wconf 64' lang='lat' dir='ltr'><strong>conum.</strong></span> <span class='ocrx_word' id='word_1_5' title='bbox 547 272 696 338; x_wconf 79' lang='lat' dir='ltr'><strong>roura.</strong></span> <span class='ocrx_word' id='word_1_6' title='bbox 727 275 783 337; x_wconf 83' lang='lat' dir='ltr'><strong>na</strong></span> <span class='ocrx_word' id='word_1_7' title='bbox 810 244 946 339; x_wconf 74' lang='lat' dir='ltr'><strong>cautu.</strong></span> <span class='ocrx_word' id='word_1_8' title='bbox 976 277 1049 340; x_wconf 80' lang='lat' dir='ltr'><strong>us.</strong></span> <span class='ocrx_word' id='word_1_9' title='bbox 1078 279 1105 339; x_wconf 88' lang='lat'><strong>1.</strong></span> <span class='ocrx_word' id='word_1_10' title='bbox 1139 275 1191 361; x_wconf 87' lang='lat'><strong>91</strong></span> 
     </span>
    </p>
   </div>
   <div class='ocr_carea' id='block_1_3' title="bbox 107 424 1205 1337">
    <p class='ocr_par' dir='ltr' id='par_1_3' title="bbox 107 424 1205 1337">
     <span class='ocr_line' id='line_1_4' title="bbox 189 424 1196 510; baseline 0.004 -23"><span class='ocrx_word' id='word_1_11' title='bbox 189 426 237 487; x_wconf 78' lang='lat' dir='ltr'><strong>A.</strong></span> <span class='ocrx_word' id='word_1_12' title='bbox 259 449 311 487; x_wconf 93' lang='grc' dir='ltr'><strong>ιι.</strong></span> <span class='ocrx_word' id='word_1_13' title='bbox 327 424 483 510; x_wconf 77' lang='lat' dir='ltr'><strong>[12‚2o.]</strong></span> <span class='ocrx_word' id='word_1_14' title='bbox 506 424 653 505; x_wconf 64' lang='lat' dir='ltr'><strong>dictabe.</strong></span> <span class='ocrx_word' id='word_1_15' title='bbox 693 427 761 487; x_wconf 85' lang='lat' dir='ltr'><strong>Vox</strong></span> <span class='ocrx_word' id='word_1_16' title='bbox 782 426 891 490; x_wconf 76' lang='lat' dir='ltr'><em>blattae</em></span> <span class='ocrx_word' id='word_1_17' title='bbox 911 436 975 487; x_wconf 86' lang='lat' dir='ltr'><strong>tam</strong></span> <span class='ocrx_word' id='word_1_18' title='bbox 995 428 1114 490; x_wconf 86' lang='lat' dir='ltr'><strong>diverso</strong></span> <span class='ocrx_word' id='word_1_19' title='bbox 1128 450 1196 490; x_wconf 84' lang='lat' dir='ltr'><strong>sen·</strong></span> 
     </span>
     <span class='ocr_line' id='line_1_5' title="bbox 108 507 1198 593; baseline 0.001 -21"><span class='ocrx_word' id='word_1_20' title='bbox 108 532 143 573; x_wconf 82' lang='lat' dir='ltr'><strong>sn</strong></span> <span class='ocrx_word' id='word_1_21' title='bbox 171 512 348 591; x_wconf 74' lang='lat' dir='ltr'>accipitur,</span> <span class='ocrx_word' id='word_1_22' title='bbox 372 520 409 569; x_wconf 84' lang='lat' dir='ltr'><strong>ut</strong></span> <span class='ocrx_word' id='word_1_23' title='bbox 431 507 471 569; x_wconf 88' lang='lat' dir='ltr'><strong>dc</strong></span> <span class='ocrx_word' id='word_1_24' title='bbox 494 510 588 591; x_wconf 89' lang='lat' dir='ltr'><strong>ipsius</strong></span> <span class='ocrx_word' id='word_1_25' title='bbox 609 508 825 589; x_wconf 81' lang='lat' dir='ltr'><strong>significatione</strong></span> <span class='ocrx_word' id='word_1_26' title='bbox 852 520 969 571; x_wconf 85' lang='lat' dir='ltr'><strong>certum</strong></span> <span class='ocrx_word' id='word_1_27' title='bbox 995 512 1069 593; x_wconf 88' lang='lat' dir='ltr'><strong>quid</strong></span> <span class='ocrx_word' id='word_1_28' title='bbox 1086 514 1198 574; x_wconf 84' lang='lat' dir='ltr'><strong>sanciri</strong></span> 
     </span>
     <span class='ocr_line' id='line_1_6' title="bbox 108 592 1199 674; baseline 0.005 -23"><span class='ocrx_word' id='word_1_29' title='bbox 108 604 244 674; x_wconf 77' lang='lat' dir='ltr'><strong>nequeat</strong></span> <span class='ocrx_word' id='word_1_30' title='bbox 257 638 270 662; x_wconf 78' lang='grc'>,</span> <span class='ocrx_word' id='word_1_31' title='bbox 295 592 349 651; x_wconf 88' lang='lat' dir='ltr'><strong>sed</strong></span> <span class='ocrx_word' id='word_1_32' title='bbox 370 592 480 653; x_wconf 75' lang='lat' dir='ltr'><strong>debeat</strong></span> <span class='ocrx_word' id='word_1_33' title='bbox 499 613 535 651; x_wconf 78' lang='lat' dir='ltr'><strong>er</strong></span> <span class='ocrx_word' id='word_1_34' title='bbox 556 592 739 652; x_wconf 82' lang='lat' dir='ltr'><strong>connexione</strong></span> <span class='ocrx_word' id='word_1_35' title='bbox 755 593 898 673; x_wconf 87' lang='lat' dir='ltr'><strong>cuiusque</strong></span> <span class='ocrx_word' id='word_1_36' title='bbox 920 592 999 671; x_wconf 85' lang='lat' dir='ltr'><strong>loci,</strong></span> <span class='ocrx_word' id='word_1_37' title='bbox 1024 594 1077 655; x_wconf 94' lang='lat' dir='ltr'><strong>ubi</strong></span> <span class='ocrx_word' id='word_1_38' title='bbox 1097 615 1199 656; x_wconf 88' lang='lat' dir='ltr'><strong>occur·</strong></span> 
     </span>
     <span class='ocr_line' id='line_1_7' title="bbox 109 674 1197 771; baseline 0.004 -36"><span class='ocrx_word' id='word_1_39' title='bbox 109 678 158 753; x_wconf 79' lang='lat' dir='ltr'><strong>rit,</strong></span> <span class='ocrx_word' id='word_1_40' title='bbox 184 676 360 751; x_wconf 82' lang='lat' dir='ltr'><strong>aestimari,</strong></span> <span class='ocrx_word' id='word_1_41' title='bbox 384 677 565 751; x_wconf 65' lang='lat' dir='ltr'><strong>ser-smne,</strong></span> <span class='ocrx_word' id='word_1_42' title='bbox 591 696 632 733; x_wconf 87' lang='lat' dir='ltr'><strong>an</strong></span> <span class='ocrx_word' id='word_1_43' title='bbox 645 696 813 771; x_wconf 76' lang='lat' dir='ltr'><strong>purpuram</strong></span> <span class='ocrx_word' id='word_1_44' title='bbox 831 674 986 757; x_wconf 85' lang='lat' dir='ltr'><strong>designare</strong></span> <span class='ocrx_word' id='word_1_45' title='bbox 1005 676 1089 738; x_wconf 83' lang='lat' dir='ltr'><strong>velit.</strong></span> <span class='ocrx_word' id='word_1_46' title='bbox 1113 678 1152 739; x_wconf 88' lang='lat' dir='ltr'><strong>E.</strong></span> <span class='ocrx_word' id='word_1_47' title='bbox 1167 696 1197 739; x_wconf 84' lang='lat' dir='ltr'><strong>c.</strong></span> 
     </span>
     <span class='ocr_line' id='line_1_8' title="bbox 107 757 1199 843; baseline 0.003 -25"><span class='ocrx_word' id='word_1_48' title='bbox 107 759 140 818; x_wconf 87' lang='lat' dir='ltr'><strong>in</strong></span> <span class='ocrx_word' id='word_1_49' title='bbox 169 779 253 819; x_wconf 79' lang='lat' dir='ltr'><strong>voce</strong></span> <span class='ocrx_word' id='word_1_50' title='bbox 282 759 484 836; x_wconf 66' lang='grc' dir='ltr'><strong>ιειίωόἰαιία,</strong></span> <span class='ocrx_word' id='word_1_51' title='bbox 520 768 607 818; x_wconf 90' lang='lat' dir='ltr'><strong>notat</strong></span> <span class='ocrx_word' id='word_1_52' title='bbox 629 768 810 834; x_wconf 79' lang='lat' dir='ltr'><strong>uncturam,</strong></span> <span class='ocrx_word' id='word_1_53' title='bbox 847 757 992 836; x_wconf 86' lang='lat' dir='ltr'><strong>colorem,</strong></span> <span class='ocrx_word' id='word_1_54' title='bbox 1024 781 1085 843; x_wconf 85' lang='lat' dir='ltr'><strong>quo</strong></span> <span class='ocrx_word' id='word_1_55' title='bbox 1103 762 1199 821; x_wconf 86' lang='lat' dir='ltr'><strong>tincta</strong></span> 
     </span>
     <span class='ocr_line' id='line_1_9' title="bbox 107 838 1198 925; baseline 0.004 -25"><span class='ocrx_word' id='word_1_56' title='bbox 107 852 191 900; x_wconf 88' lang='lat' dir='ltr'><strong>sunt.</strong></span> <span class='ocrx_word' id='word_1_57' title='bbox 239 842 327 918; x_wconf 88' lang='lat' dir='ltr'><strong>Quin</strong></span> <span class='ocrx_word' id='word_1_58' title='bbox 353 842 459 901; x_wconf 77' lang='lat' dir='ltr'><strong>statuit</strong></span> <span class='ocrx_word' id='word_1_59' title='bbox 480 838 644 901; x_wconf 72' lang='lat' dir='ltr'><strong>Salmasius</strong></span> <span class='ocrx_word' id='word_1_60' title='bbox 663 840 702 899; x_wconf 89' lang='lat' dir='ltr'><strong>ad</strong></span> <span class='ocrx_word' id='word_1_61' title='bbox 731 840 799 901; x_wconf 84' lang='lat' dir='ltr'><strong>Ser.</strong></span> <span class='ocrx_word' id='word_1_62' title='bbox 829 840 908 901; x_wconf 89' lang='lat' dir='ltr'><strong>Hist.</strong></span> <span class='ocrx_word' id='word_1_63' title='bbox 933 842 1016 925; x_wconf 78' lang='lat' dir='ltr'><strong>Aug.</strong></span> <span class='ocrx_word' id='word_1_64' title='bbox 1044 844 1142 903; x_wconf 86' lang='lat' dir='ltr'><strong>T.11.</strong></span> <span class='ocrx_word' id='word_1_65' title='bbox 1164 864 1198 924; x_wconf 85' lang='lat' dir='ltr'><strong>p.</strong></span> 
     </span>
     <span class='ocr_line' id='line_1_10' title="bbox 109 917 1198 1005; baseline 0.003 -22"><span class='ocrx_word' id='word_1_66' title='bbox 109 922 181 1001; x_wconf 82' lang='grc'><strong>546.</strong></span> <span class='ocrx_word' id='word_1_67' title='bbox 209 919 350 1000; x_wconf 58' lang='lat' dir='ltr'><strong>munla</strong></span> <span class='ocrx_word' id='word_1_68' title='bbox 380 922 461 982; x_wconf 86' lang='lat' dir='ltr'><strong>idem</strong></span> <span class='ocrx_word' id='word_1_69' title='bbox 487 944 549 983; x_wconf 84' lang='lat' dir='ltr'><strong>esse</strong></span> <span class='ocrx_word' id='word_1_70' title='bbox 577 934 668 1005; x_wconf 84' lang='lat' dir='ltr'><strong>atque</strong></span> <span class='ocrx_word' id='word_1_71' title='bbox 700 922 874 1004; x_wconf 88' lang='lat' dir='ltr'><strong>simpliciter</strong></span> <span class='ocrx_word' id='word_1_72' title='bbox 902 917 1044 1001; x_wconf 74' lang='grc' dir='ltr'><strong>ἱμάτιον,</strong></span> <span class='ocrx_word' id='word_1_73' title='bbox 1078 939 1198 987; x_wconf 82' lang='lat' dir='ltr'><strong>vestem.</strong></span> 
     </span>
     <span class='ocr_line' id='line_1_11' title="bbox 110 1003 1197 1090; baseline 0.003 -25"><span class='ocrx_word' id='word_1_74' title='bbox 110 1006 203 1065; x_wconf 84' lang='lat' dir='ltr'><strong>Conf.</strong></span> <span class='ocrx_word' id='word_1_75' title='bbox 238 1004 324 1065; x_wconf 86' lang='lat' dir='ltr'><strong>idern</strong></span> <span class='ocrx_word' id='word_1_76' title='bbox 352 1006 428 1065; x_wconf 89' lang='lat' dir='ltr'><strong>ibid.</strong></span> <span class='ocrx_word' id='word_1_77' title='bbox 445 1026 516 1087; x_wconf 78' lang='lat' dir='ltr'><strong>pag.</strong></span> <span class='ocrx_word' id='word_1_78' title='bbox 538 1003 611 1080; x_wconf 80' lang='grc'><strong>540.</strong></span> <span class='ocrx_word' id='word_1_79' title='bbox 652 1006 704 1064; x_wconf 90' lang='lat' dir='ltr'><strong>Du</strong></span> <span class='ocrx_word' id='word_1_80' title='bbox 726 1005 828 1088; x_wconf 75' lang='lat' dir='ltr'><strong>Gange</strong></span> <span class='ocrx_word' id='word_1_81' title='bbox 848 1004 887 1066; x_wconf 87' lang='lat' dir='ltr'><strong>ad</strong></span> <span class='ocrx_word' id='word_1_82' title='bbox 907 1005 1046 1067; x_wconf 77' lang='lat' dir='ltr'><strong>Alexiad.</strong></span> <span class='ocrx_word' id='word_1_83' title='bbox 1069 1029 1102 1088; x_wconf 89' lang='lat' dir='ltr'><strong>p.</strong></span> <span class='ocrx_word' id='word_1_84' title='bbox 1125 1006 1197 1090; x_wconf 82' lang='lat'><strong>²75·</strong></span> 
     </span>
     <span class='ocr_line' id='line_1_12' title="bbox 109 1084 1199 1170; baseline 0.004 -24"><span class='ocrx_word' id='word_1_85' title='bbox 109 1098 141 1146; x_wconf 88' lang='lat' dir='ltr'><strong>et</strong></span> <span class='ocrx_word' id='word_1_86' title='bbox 161 1098 299 1169; x_wconf 74' lang='lat' dir='ltr'><strong>nti-oque</strong></span> <span class='ocrx_word' id='word_1_87' title='bbox 320 1085 488 1149; x_wconf 79' lang='lat' dir='ltr'><strong>Glossario.</strong></span> <span class='ocrx_word' id='word_1_88' title='bbox 530 1088 589 1147; x_wconf 86' lang='lat' dir='ltr'><strong>llio</strong></span> <span class='ocrx_word' id='word_1_89' title='bbox 609 1087 732 1170; x_wconf 85' lang='lat' dir='ltr'><strong>quidem</strong></span> <span class='ocrx_word' id='word_1_90' title='bbox 748 1086 806 1148; x_wconf 89' lang='lat' dir='ltr'><strong>loci</strong></span> <span class='ocrx_word' id='word_1_91' title='bbox 826 1099 908 1169; x_wconf 85' lang='lat' dir='ltr'><strong>patet</strong></span> <span class='ocrx_word' id='word_1_92' title='bbox 926 1084 1057 1165; x_wconf 81' lang='grc' dir='ltr'><strong><em>βλαττία</em></strong></span> <span class='ocrx_word' id='word_1_93' title='bbox 1075 1110 1139 1149; x_wconf 81' lang='lat' dir='ltr'><strong>esse</strong></span> <span class='ocrx_word' id='word_1_94' title='bbox 1151 1111 1199 1151; x_wconf 80' lang='lat' dir='ltr'><strong>se-</strong></span> 
     </span>
     <span class='ocr_line' id='line_1_13' title="bbox 109 1161 1205 1272; baseline 0.002 -41"><span class='ocrx_word' id='word_1_95' title='bbox 109 1172 190 1231; x_wconf 77' lang='lat' dir='ltr'><strong>ricus</strong></span> <span class='ocrx_word' id='word_1_96' title='bbox 208 1191 344 1251; x_wconf 85' lang='lat' dir='ltr'><strong>pannos.</strong></span> <span class='ocrx_word' id='word_1_97' title='bbox 375 1170 508 1249; x_wconf 85' lang='lat' dir='ltr'><strong>Quando</strong></span> <span class='ocrx_word' id='word_1_98' title='bbox 526 1181 630 1269; x_wconf 62' lang='lat' dir='ltr'><strong>auteur</strong></span> <span class='ocrx_word' id='word_1_99' title='bbox 644 1161 820 1267; x_wconf 60' lang='lat' dir='ltr'><strong>dtssldnw,</strong></span> <span class='ocrx_word' id='word_1_100' title='bbox 848 1164 1025 1251; x_wconf 76' lang='grc' dir='ltr'><strong>τριβλάττιν</strong></span> <span class='ocrx_word' id='word_1_101' title='bbox 1045 1175 1205 1272; x_wconf 72' lang='lat' dir='ltr'><strong>occurrit„</strong></span> 
     </span>
     <span class='ocr_line' id='line_1_14' title="bbox 113 1252 1198 1337; baseline 0.002 -24"><span class='ocrx_word' id='word_1_102' title='bbox 113 1252 230 1313; x_wconf 75' lang='lat' dir='ltr'><strong>clarum</strong></span> <span class='ocrx_word' id='word_1_103' title='bbox 244 1264 306 1330; x_wconf 75' lang='lat' dir='ltr'><strong>est,</strong></span> <span class='ocrx_word' id='word_1_104' title='bbox 320 1253 485 1313; x_wconf 71' lang='lat' dir='ltr'><strong>secumdam</strong></span> <span class='ocrx_word' id='word_1_105' title='bbox 498 1264 551 1314; x_wconf 93' lang='lat' dir='ltr'><strong>aut</strong></span> <span class='ocrx_word' id='word_1_106' title='bbox 562 1264 682 1313; x_wconf 75' lang='lat' dir='ltr'><strong>tertiam</strong></span> <span class='ocrx_word' id='word_1_107' title='bbox 693 1264 1044 1336; x_wconf 71' lang='lat' dir='ltr'><strong>tincturamptupuream</strong></span> <span class='ocrx_word' id='word_1_108' title='bbox 1057 1255 1198 1337; x_wconf 72' lang='lat' dir='ltr'><strong>intelligi.</strong></span> 
     </span>
    </p>
   </div>
   <div class='ocr_carea' id='block_1_4' title="bbox 192 1332 1199 1419">
    <p class='ocr_par' dir='ltr' id='par_1_4' title="bbox 192 1332 1199 1419">
     <span class='ocr_line' id='line_1_15' title="bbox 192 1332 1199 1419; baseline 0.004 -24"><span class='ocrx_word' id='word_1_109' title='bbox 192 1336 238 1395; x_wconf 79' lang='lat' dir='ltr'><strong>A.</strong></span> <span class='ocrx_word' id='word_1_110' title='bbox 255 1356 307 1396; x_wconf 83' lang='grc' dir='ltr'><strong>ιι.</strong></span> <span class='ocrx_word' id='word_1_111' title='bbox 323 1334 394 1418; x_wconf 79' lang='lat'><strong>[12,</strong></span> <span class='ocrx_word' id='word_1_112' title='bbox 407 1334 477 1417; x_wconf 82' lang='grc' dir='ltr'><strong>ιι.]</strong></span> <span class='ocrx_word' id='word_1_113' title='bbox 501 1334 700 1411; x_wconf 75' lang='grc' dir='ltr'><strong><em>ἁπλωμάτων</em></strong></span> <span class='ocrx_word' id='word_1_114' title='bbox 717 1356 752 1396; x_wconf 81' lang='grc' dir='ltr'><strong>τε</strong></span> <span class='ocrx_word' id='word_1_115' title='bbox 773 1332 828 1395; x_wconf 80' lang='grc' dir='ltr'><strong><em>καί</em></strong></span> <span class='ocrx_word' id='word_1_116' title='bbox 848 1334 982 1398; x_wconf 78' lang='grc' dir='ltr'><strong><em>πέπλων.</em></strong></span> <span class='ocrx_word' id='word_1_117' title='bbox 1023 1338 1056 1398; x_wconf 89' lang='lat' dir='ltr'><strong>Si</strong></span> <span class='ocrx_word' id='word_1_118' title='bbox 1073 1359 1133 1419; x_wconf 88' lang='lat' dir='ltr'><strong>qua</strong></span> <span class='ocrx_word' id='word_1_119' title='bbox 1152 1348 1199 1399; x_wconf 84' lang='lat' dir='ltr'><strong>est</strong></span> 
     </span>
    </p>
   </div>
   <div class='ocr_carea' id='block_1_5' title="bbox 110 1416 1199 2079">
    <p class='ocr_par' dir='ltr' id='par_1_5' title="bbox 110 1416 1198 1747">
     <span class='ocr_line' id='line_1_16' title="bbox 110 1416 1198 1499; baseline 0.004 -22"><span class='ocrx_word' id='word_1_120' title='bbox 110 1416 286 1481; x_wconf 65' lang='lat' dir='ltr'><strong>dibu-entia</strong></span> <span class='ocrx_word' id='word_1_121' title='bbox 308 1418 423 1478; x_wconf 71' lang='lat' dir='ltr'><strong>bonum</strong></span> <span class='ocrx_word' id='word_1_122' title='bbox 440 1417 674 1494; x_wconf 83' lang='lat' dir='ltr'><strong>vocabulorum,</strong></span> <span class='ocrx_word' id='word_1_123' title='bbox 705 1420 738 1479; x_wconf 89' lang='lat' dir='ltr'><strong>in</strong></span> <span class='ocrx_word' id='word_1_124' title='bbox 754 1440 883 1499; x_wconf 88' lang='lat' dir='ltr'><strong>quorum</strong></span> <span class='ocrx_word' id='word_1_125' title='bbox 903 1441 961 1481; x_wconf 87' lang='lat' dir='ltr'><strong>usu</strong></span> <span class='ocrx_word' id='word_1_126' title='bbox 981 1420 1039 1481; x_wconf 89' lang='lat' dir='ltr'><strong>sibi</strong></span> <span class='ocrx_word' id='word_1_127' title='bbox 1058 1419 1198 1481; x_wconf 87' lang='lat' dir='ltr'><strong>nonnihil</strong></span> 
     </span>
     <span class='ocr_line' id='line_1_17' title="bbox 114 1495 1197 1585; baseline -0.001 -21"><span class='ocrx_word' id='word_1_128' title='bbox 114 1503 276 1582; x_wconf 66' lang='lat' dir='ltr'><strong>niptoroe</strong></span> <span class='ocrx_word' id='word_1_129' title='bbox 296 1503 498 1582; x_wconf 83' lang='lat' dir='ltr'><strong>permittunt,</strong></span> <span class='ocrx_word' id='word_1_130' title='bbox 530 1513 602 1570; x_wconf 90' lang='lat' dir='ltr'><strong>sunt</strong></span> <span class='ocrx_word' id='word_1_131' title='bbox 624 1496 665 1563; x_wconf 75' lang='lat' dir='ltr'><strong>sd</strong></span> <span class='ocrx_word' id='word_1_132' title='bbox 692 1495 867 1577; x_wconf 75' lang='grc' dir='ltr'><strong><em>ἁπλῶματα</em></strong></span> <span class='ocrx_word' id='word_1_133' title='bbox 892 1503 1060 1585; x_wconf 73' lang='lat' dir='ltr'><strong>stragulae,</strong></span> <span class='ocrx_word' id='word_1_134' title='bbox 1090 1504 1197 1585; x_wconf 81' lang='lat' dir='ltr'><strong>panni,</strong></span> 
     </span>
     <span class='ocr_line' id='line_1_18' title="bbox 113 1582 1197 1665; baseline 0 -20"><span class='ocrx_word' id='word_1_135' title='bbox 113 1585 166 1665; x_wconf 85' lang='lat' dir='ltr'><strong>qui</strong></span> <span class='ocrx_word' id='word_1_136' title='bbox 186 1583 336 1645; x_wconf 81' lang='lat' dir='ltr'><strong>altarium</strong></span> <span class='ocrx_word' id='word_1_137' title='bbox 359 1588 471 1645; x_wconf 80' lang='lat' dir='ltr'>mensis</span> <span class='ocrx_word' id='word_1_138' title='bbox 490 1604 518 1645; x_wconf 87' lang='lat' dir='ltr'><strong>e.</strong></span> <span class='ocrx_word' id='word_1_139' title='bbox 533 1605 561 1645; x_wconf 89' lang='lat' dir='ltr'><strong>c.</strong></span> <span class='ocrx_word' id='word_1_140' title='bbox 578 1596 632 1645; x_wconf 89' lang='lat' dir='ltr'><strong>aut</strong></span> <span class='ocrx_word' id='word_1_141' title='bbox 648 1585 692 1643; x_wconf 87' lang='lat' dir='ltr'><strong>rei</strong></span> <span class='ocrx_word' id='word_1_142' title='bbox 712 1582 820 1664; x_wconf 79' lang='lat' dir='ltr'>planae</span> <span class='ocrx_word' id='word_1_143' title='bbox 836 1604 947 1664; x_wconf 85' lang='lat' dir='ltr'><strong>pronae</strong></span> <span class='ocrx_word' id='word_1_144' title='bbox 963 1587 1071 1646; x_wconf 63' lang='lat' dir='ltr'><strong>iacenti</strong></span> <span class='ocrx_word' id='word_1_145' title='bbox 1093 1590 1197 1647; x_wconf 85' lang='lat' dir='ltr'><strong>inster-</strong></span> 
     </span>
     <span class='ocr_line' id='line_1_19' title="bbox 114 1663 866 1747; baseline 0 -22"><span class='ocrx_word' id='word_1_146' title='bbox 114 1678 251 1744; x_wconf 82' lang='lat' dir='ltr'><strong>nuntur,</strong></span> <span class='ocrx_word' id='word_1_147' title='bbox 272 1663 388 1729; x_wconf 76' lang='grc' dir='ltr'><strong>πέπλοι</strong></span> <span class='ocrx_word' id='word_1_148' title='bbox 408 1678 511 1727; x_wconf 84' lang='lat' dir='ltr'><strong>autem</strong></span> <span class='ocrx_word' id='word_1_149' title='bbox 528 1666 670 1728; x_wconf 84' lang='lat' dir='ltr'><strong>deorsum</strong></span> <span class='ocrx_word' id='word_1_150' title='bbox 685 1664 866 1747; x_wconf 89' lang='lat' dir='ltr'><strong>dependent.</strong></span> 
     </span>
    </p>

    <p class='ocr_par' dir='ltr' id='par_1_6' title="bbox 113 1743 1199 2079">
     <span class='ocr_line' id='line_1_20' title="bbox 196 1743 1196 1832; baseline 0 -22"><span class='ocrx_word' id='word_1_151' title='bbox 196 1751 235 1810; x_wconf 88' lang='lat' dir='ltr'><strong>B.</strong></span> <span class='ocrx_word' id='word_1_152' title='bbox 249 1771 282 1809; x_wconf 77' lang='grc' dir='ltr'><strong>ι.</strong></span> <span class='ocrx_word' id='word_1_153' title='bbox 298 1747 370 1831; x_wconf 82' lang='lat'>[13‚</span> <span class='ocrx_word' id='word_1_154' title='bbox 382 1748 432 1832; x_wconf 82' lang='lat'><strong>3.]</strong></span> <span class='ocrx_word' id='word_1_155' title='bbox 455 1743 519 1809; x_wconf 78' lang='grc' dir='ltr'><strong>ἀπὸ</strong></span> <span class='ocrx_word' id='word_1_156' title='bbox 539 1750 602 1812; x_wconf 70' lang='grc' dir='ltr'><strong>τῶν</strong></span> <span class='ocrx_word' id='word_1_157' title='bbox 615 1746 732 1830; x_wconf 76' lang='grc' dir='ltr'><strong>δήμων.</strong></span> <span class='ocrx_word' id='word_1_158' title='bbox 772 1750 901 1808; x_wconf 89' lang='lat' dir='ltr'><strong>Gemino</strong></span> <span class='ocrx_word' id='word_1_159' title='bbox 919 1748 1010 1809; x_wconf 89' lang='lat' dir='ltr'><strong>modo</strong></span> <span class='ocrx_word' id='word_1_160' title='bbox 1026 1758 1125 1829; x_wconf 84' lang='lat' dir='ltr'><strong>potest</strong></span> <span class='ocrx_word' id='word_1_161' title='bbox 1145 1748 1196 1811; x_wconf 88' lang='lat' dir='ltr'><strong>hic</strong></span> 
     </span>
     <span class='ocr_line' id='line_1_21' title="bbox 113 1827 1199 1913; baseline -0.002 -20"><span class='ocrx_word' id='word_1_162' title='bbox 113 1827 199 1893; x_wconf 79' lang='lat' dir='ltr'><strong>lotus</strong></span> <span class='ocrx_word' id='word_1_163' title='bbox 222 1832 391 1913; x_wconf 83' lang='lat' dir='ltr'><strong>explicari,</strong></span> <span class='ocrx_word' id='word_1_164' title='bbox 416 1834 480 1892; x_wconf 82' lang='lat' dir='ltr'><strong>sive</strong></span> <span class='ocrx_word' id='word_1_165' title='bbox 499 1852 521 1891; x_wconf 84' lang='lat' dir='ltr'><strong>u</strong></span> <span class='ocrx_word' id='word_1_166' title='bbox 536 1834 721 1912; x_wconf 74' lang='lat' dir='ltr'><strong>suctiombru</strong></span> <span class='ocrx_word' id='word_1_167' title='bbox 740 1830 830 1909; x_wconf 80' lang='lat' dir='ltr'><strong>inde,</strong></span> <span class='ocrx_word' id='word_1_168' title='bbox 866 1830 915 1891; x_wconf 85' lang='lat' dir='ltr'><strong>vel</strong></span> <span class='ocrx_word' id='word_1_169' title='bbox 938 1846 1016 1891; x_wconf 71' lang='lat' dir='ltr'><strong>rutro</strong></span> <span class='ocrx_word' id='word_1_170' title='bbox 1027 1832 1199 1910; x_wconf 79' lang='lat' dir='ltr'><strong>sactiones.-</strong></span> 
     </span>
     <span class='ocr_line' id='line_1_22' title="bbox 113 1914 1199 1996; baseline 0 -23"><span class='ocrx_word' id='word_1_171' title='bbox 113 1917 176 1975; x_wconf 81' lang='lat' dir='ltr'><strong>sive</strong></span> <span class='ocrx_word' id='word_1_172' title='bbox 191 1936 213 1975; x_wconf 83' lang='lat' dir='ltr'><strong>u</strong></span> <span class='ocrx_word' id='word_1_173' title='bbox 229 1914 377 1996; x_wconf 71' lang='lat' dir='ltr'><strong>gmdibm</strong></span> <span class='ocrx_word' id='word_1_174' title='bbox 395 1916 477 1976; x_wconf 79' lang='lat' dir='ltr'><strong>inde.</strong></span> <span class='ocrx_word' id='word_1_175' title='bbox 521 1916 626 1994; x_wconf 83' lang='grc' dir='ltr'><strong>Δῆμοι</strong></span> <span class='ocrx_word' id='word_1_176' title='bbox 646 1915 825 1976; x_wconf 81' lang='lat' dir='ltr'><strong>dicebantur</strong></span> <span class='ocrx_word' id='word_1_177' title='bbox 847 1915 958 1995; x_wconf 77' lang='lat' dir='ltr'><strong>gradus</strong></span> <span class='ocrx_word' id='word_1_178' title='bbox 978 1916 1140 1992; x_wconf 63' lang='lat' dir='ltr'><strong>summes,</strong></span> <span class='ocrx_word' id='word_1_179' title='bbox 1165 1914 1199 1974; x_wconf 89' lang='lat' dir='ltr'><strong>in</strong></span> 
     </span>
     <span class='ocr_line' id='line_1_23' title="bbox 113 1996 1199 2079; baseline -0.005 -19"><span class='ocrx_word' id='word_1_180' title='bbox 113 1998 224 2079; x_wconf 79' lang='lat' dir='ltr'><strong>quibus</strong></span> <span class='ocrx_word' id='word_1_181' title='bbox 254 2018 360 2079; x_wconf 75' lang='lat' dir='ltr'><strong>greges</strong></span> <span class='ocrx_word' id='word_1_182' title='bbox 379 1996 766 2079; x_wconf 81' lang='lat' dir='ltr'><strong>stabantetspectabant3</strong></span> <span class='ocrx_word' id='word_1_183' title='bbox 807 2020 842 2059; x_wconf 87' lang='lat' dir='ltr'><strong>ex</strong></span> <span class='ocrx_word' id='word_1_184' title='bbox 865 2018 901 2057; x_wconf 90' lang='lat' dir='ltr'><strong>eo</strong></span> <span class='ocrx_word' id='word_1_185' title='bbox 924 1997 989 2058; x_wconf 84' lang='lat' dir='ltr'><strong>lieri</strong></span> <span class='ocrx_word' id='word_1_186' title='bbox 1011 1998 1132 2079; x_wconf 84' lang='lat' dir='ltr'><strong>potuit,</strong></span> <span class='ocrx_word' id='word_1_187' title='bbox 1161 2006 1199 2057; x_wconf 90' lang='lat' dir='ltr'><strong>ut</strong></span> 
     </span>
    </p>
   </div>
   <div class='ocr_carea' id='block_1_6' title="bbox 117 2078 1319 2163">
    <p class='ocr_par' dir='ltr' id='par_1_7' title="bbox 117 2078 1319 2163">
     <span class='ocr_line' id='line_1_24' title="bbox 117 2078 1319 2163; baseline -0.001 -23"><span class='ocrx_word' id='word_1_188' title='bbox 117 2100 222 2140; x_wconf 76' lang='lat' dir='ltr'><strong>omnes</strong></span> <span class='ocrx_word' id='word_1_189' title='bbox 242 2080 357 2161; x_wconf 78' lang='lat' dir='ltr'><strong>gradus</strong></span> <span class='ocrx_word' id='word_1_190' title='bbox 380 2078 477 2159; x_wconf 79' lang='grc' dir='ltr'><strong>δῆμοι</strong></span> <span class='ocrx_word' id='word_1_191' title='bbox 495 2080 738 2161; x_wconf 77' lang='lat' dir='ltr'><strong>appellarentur,</strong></span> <span class='ocrx_word' id='word_1_192' title='bbox 762 2083 937 2163; x_wconf 82' lang='lat' dir='ltr'><strong>praesertim</strong></span> <span class='ocrx_word' id='word_1_193' title='bbox 952 2081 984 2139; x_wconf 92' lang='lat' dir='ltr'><strong>in</strong></span> <span class='ocrx_word' id='word_1_194' title='bbox 1007 2080 1117 2163; x_wconf 86' lang='lat' dir='ltr'><strong>quibus</strong></span> <span class='ocrx_word' id='word_1_195' title='bbox 1129 2098 1197 2161; x_wconf 73' lang='lat' dir='ltr'><strong>gre-</strong></span> <span class='ocrx_word' id='word_1_196' title='bbox 1318 2112 1319 2115; x_wconf 16' lang='grc' dir='ltr'><strong>ι</strong></span> 
     </span>
    </p>
   </div>
   <div class='ocr_carea' id='block_1_7' title="bbox 111 2161 1200 4071">
    <p class='ocr_par' dir='ltr' id='par_1_8' title="bbox 114 2161 904 2245">
     <span class='ocr_line' id='line_1_25' title="bbox 114 2161 904 2245; baseline 0 -23"><span class='ocrx_word' id='word_1_197' title='bbox 114 2184 166 2245; x_wconf 65' lang='lat' dir='ltr'><strong>ges</strong></span> <span class='ocrx_word' id='word_1_198' title='bbox 181 2161 360 2223; x_wconf 66' lang='lat' dir='ltr'><strong>factiondes</strong></span> <span class='ocrx_word' id='word_1_199' title='bbox 376 2174 508 2240; x_wconf 84' lang='lat' dir='ltr'><strong>starent,</strong></span> <span class='ocrx_word' id='word_1_200' title='bbox 533 2165 650 2224; x_wconf 89' lang='lat' dir='ltr'><strong>etiamsi</strong></span> <span class='ocrx_word' id='word_1_201' title='bbox 669 2174 753 2225; x_wconf 82' lang='lat' dir='ltr'><strong>extra</strong></span> <span class='ocrx_word' id='word_1_202' title='bbox 773 2165 904 2225; x_wconf 87' lang='lat' dir='ltr'><strong>Circum.</strong></span> 
     </span>
    </p>

    <p class='ocr_par' dir='ltr' id='par_1_9' title="bbox 114 2242 1198 2493">
     <span class='ocr_line' id='line_1_26' title="bbox 198 2242 1196 2331; baseline 0.002 -26"><span class='ocrx_word' id='word_1_203' title='bbox 198 2246 237 2305; x_wconf 87' lang='lat' dir='ltr'><strong>B.</strong></span> <span class='ocrx_word' id='word_1_204' title='bbox 251 2246 284 2306; x_wconf 79' lang='lat'><strong>3.</strong></span> <span class='ocrx_word' id='word_1_205' title='bbox 305 2244 375 2328; x_wconf 82' lang='lat'>[13‚</span> <span class='ocrx_word' id='word_1_206' title='bbox 398 2243 450 2331; x_wconf 88' lang='grc'><strong>4.]</strong></span> <span class='ocrx_word' id='word_1_207' title='bbox 474 2242 600 2309; x_wconf 71' lang='grc' dir='ltr'><strong>ἐθνικοὶ.</strong></span> <span class='ocrx_word' id='word_1_208' title='bbox 641 2248 720 2307; x_wconf 88' lang='lat' dir='ltr'><strong>Satis</strong></span> <span class='ocrx_word' id='word_1_209' title='bbox 744 2247 823 2308; x_wconf 86' lang='lat' dir='ltr'><strong>bene</strong></span> <span class='ocrx_word' id='word_1_210' title='bbox 852 2248 992 2328; x_wconf 81' lang='lat' dir='ltr'><strong>congruit</strong></span> <span class='ocrx_word' id='word_1_211' title='bbox 1014 2243 1196 2327; x_wconf 86' lang='lat' dir='ltr'><strong>Luitprandi</strong></span> 
     </span>
     <span class='ocr_line' id='line_1_27' title="bbox 118 2326 1198 2411; baseline 0 -23"><span class='ocrx_word' id='word_1_212' title='bbox 118 2326 246 2407; x_wconf 78' lang='lat' dir='ltr'><strong>relatio,</strong></span> <span class='ocrx_word' id='word_1_213' title='bbox 267 2331 372 2410; x_wconf 85' lang='lat' dir='ltr'><strong>quise</strong></span> <span class='ocrx_word' id='word_1_214' title='bbox 382 2330 416 2387; x_wconf 91' lang='lat' dir='ltr'><strong>in</strong></span> <span class='ocrx_word' id='word_1_215' title='bbox 429 2330 618 2410; x_wconf 87' lang='lat' dir='ltr'><strong>processione</strong></span> <span class='ocrx_word' id='word_1_216' title='bbox 626 2329 789 2411; x_wconf 83' lang='lat' dir='ltr'><strong>Nicephori</strong></span> <span class='ocrx_word' id='word_1_217' title='bbox 806 2330 978 2393; x_wconf 67' lang='lat' dir='ltr'><strong>collocutum</strong></span> <span class='ocrx_word' id='word_1_218' title='bbox 996 2328 1198 2390; x_wconf 68' lang='lat' dir='ltr'><strong>scribitucrtu</strong></span> 
     </span>
     <span class='ocr_line' id='line_1_28' title="bbox 114 2409 814 2493; baseline 0.001 -21"><span class='ocrx_word' id='word_1_219' title='bbox 114 2412 230 2493; x_wconf 73' lang='lat' dir='ltr'><strong>psaltas</strong></span> <span class='ocrx_word' id='word_1_220' title='bbox 250 2434 300 2472; x_wconf 73' lang='lat' dir='ltr'><em>m</em></span> <span class='ocrx_word' id='word_1_221' title='bbox 317 2425 450 2473; x_wconf 69' lang='lat' dir='ltr'><strong>emotas</strong></span> <span class='ocrx_word' id='word_1_222' title='bbox 473 2414 506 2473; x_wconf 77' lang='lat' dir='ltr'><strong>in</strong></span> <span class='ocrx_word' id='word_1_223' title='bbox 528 2409 715 2475; x_wconf 74' lang='lat' dir='ltr'><strong>entinentiom</strong></span> <span class='ocrx_word' id='word_1_224' title='bbox 738 2414 814 2473; x_wconf 84' lang='lat' dir='ltr'><strong>loco.</strong></span> 
     </span>
    </p>

    <p class='ocr_par' dir='ltr' id='par_1_10' title="bbox 112 2490 1200 3240">
     <span class='ocr_line' id='line_1_29' title="bbox 200 2490 1199 2577; baseline -0.002 -24"><span class='ocrx_word' id='word_1_225' title='bbox 200 2494 239 2553; x_wconf 87' lang='lat' dir='ltr'><strong>B.</strong></span> <span class='ocrx_word' id='word_1_226' title='bbox 250 2493 282 2573; x_wconf 89' lang='grc'><strong>4.</strong></span> <span class='ocrx_word' id='word_1_227' title='bbox 306 2492 377 2575; x_wconf 76' lang='grc' dir='ltr'><strong>[ι5,</strong></span> <span class='ocrx_word' id='word_1_228' title='bbox 399 2492 454 2576; x_wconf 88' lang='grc'><strong>4.]</strong></span> <span class='ocrx_word' id='word_1_229' title='bbox 469 2490 664 2573; x_wconf 80' lang='grc' dir='ltr'><strong>συστήματα.</strong></span> <span class='ocrx_word' id='word_1_230' title='bbox 707 2496 852 2577; x_wconf 66' lang='lat' dir='ltr'><strong>collega,</strong></span> <span class='ocrx_word' id='word_1_231' title='bbox 888 2494 1008 2556; x_wconf 77' lang='lat' dir='ltr'><strong>ordbtes</strong></span> <span class='ocrx_word' id='word_1_232' title='bbox 1034 2494 1131 2567; x_wconf 64' lang='lat' dir='ltr'><strong>tubisf</strong></span> <span class='ocrx_word' id='word_1_233' title='bbox 1161 2503 1199 2552; x_wconf 86' lang='lat' dir='ltr'><strong>ut</strong></span> 
     </span>
     <span class='ocr_line' id='line_1_30' title="bbox 114 2574 1200 2661; baseline -0.004 -24"><span class='ocrx_word' id='word_1_234' title='bbox 114 2574 244 2659; x_wconf 71' lang='lat' dir='ltr'><strong>collegia</strong></span> <span class='ocrx_word' id='word_1_235' title='bbox 262 2588 467 2637; x_wconf 77' lang='lat' dir='ltr'><strong>mercatomm</strong></span> <span class='ocrx_word' id='word_1_236' title='bbox 485 2588 516 2637; x_wconf 88' lang='lat' dir='ltr'><strong>et</strong></span> <span class='ocrx_word' id='word_1_237' title='bbox 534 2578 688 2660; x_wconf 87' lang='lat' dir='ltr'><strong>opificum.</strong></span> <span class='ocrx_word' id='word_1_238' title='bbox 730 2580 778 2639; x_wconf 87' lang='lat' dir='ltr'><strong>De</strong></span> <span class='ocrx_word' id='word_1_239' title='bbox 797 2580 959 2661; x_wconf 81' lang='lat' dir='ltr'><strong>Symponis</strong></span> <span class='ocrx_word' id='word_1_240' title='bbox 978 2575 1029 2636; x_wconf 82' lang='lat' dir='ltr'><strong>vel</strong></span> <span class='ocrx_word' id='word_1_241' title='bbox 1045 2576 1200 2635; x_wconf 67' lang='lat' dir='ltr'><strong>musori-</strong></span> 
     </span>
     <span class='ocr_line' id='line_1_31' title="bbox 115 2658 1199 2743; baseline -0.003 -24"><span class='ocrx_word' id='word_1_242' title='bbox 115 2659 176 2719; x_wconf 79' lang='lat' dir='ltr'><strong>bns</strong></span> <span class='ocrx_word' id='word_1_243' title='bbox 195 2660 419 2743; x_wconf 78' lang='lat' dir='ltr'><strong>praefectorum</strong></span> <span class='ocrx_word' id='word_1_244' title='bbox 435 2659 538 2736; x_wconf 87' lang='lat' dir='ltr'><strong>urbis,</strong></span> <span class='ocrx_word' id='word_1_245' title='bbox 560 2662 613 2743; x_wconf 82' lang='lat' dir='ltr'><strong>qui</strong></span> <span class='ocrx_word' id='word_1_246' title='bbox 628 2661 675 2721; x_wconf 91' lang='lat' dir='ltr'><strong>ius</strong></span> <span class='ocrx_word' id='word_1_247' title='bbox 691 2658 861 2721; x_wconf 77' lang='lat' dir='ltr'><strong>dicentibus</strong></span> <span class='ocrx_word' id='word_1_248' title='bbox 882 2658 1053 2719; x_wconf 82' lang='lat' dir='ltr'><strong>assidebant</strong></span> <span class='ocrx_word' id='word_1_249' title='bbox 1075 2666 1107 2716; x_wconf 91' lang='lat' dir='ltr'><strong>et</strong></span> <span class='ocrx_word' id='word_1_250' title='bbox 1125 2676 1199 2717; x_wconf 85' lang='lat' dir='ltr'><strong>cou-</strong></span> 
     </span>
     <span class='ocr_line' id='line_1_32' title="bbox 114 2739 1199 2825; baseline -0.004 -21"><span class='ocrx_word' id='word_1_251' title='bbox 114 2742 185 2804; x_wconf 79' lang='lat' dir='ltr'><strong>essio</strong></span> <span class='ocrx_word' id='word_1_252' title='bbox 202 2743 346 2821; x_wconf 80' lang='lat' dir='ltr'><strong>aderant,</strong></span> <span class='ocrx_word' id='word_1_253' title='bbox 370 2744 437 2805; x_wconf 83' lang='lat' dir='ltr'><strong>vid.</strong></span> <span class='ocrx_word' id='word_1_254' title='bbox 451 2744 579 2804; x_wconf 84' lang='lat' dir='ltr'><strong>Gutber.</strong></span> <span class='ocrx_word' id='word_1_255' title='bbox 593 2766 627 2825; x_wconf 89' lang='lat' dir='ltr'><strong>p.</strong></span> <span class='ocrx_word' id='word_1_256' title='bbox 645 2745 718 2805; x_wconf 79' lang='lat'><strong>330.</strong></span> <span class='ocrx_word' id='word_1_257' title='bbox 761 2743 796 2802; x_wconf 92' lang='lat' dir='ltr'><strong>ln</strong></span> <span class='ocrx_word' id='word_1_258' title='bbox 815 2743 1009 2823; x_wconf 84' lang='lat' dir='ltr'><strong>inscriptione</strong></span> <span class='ocrx_word' id='word_1_259' title='bbox 1022 2739 1135 2801; x_wconf 90' lang='lat' dir='ltr'><strong>titulie</strong></span> <span class='ocrx_word' id='word_1_260' title='bbox 1152 2758 1199 2800; x_wconf 88' lang='lat' dir='ltr'><strong>co·</strong></span> 
     </span>
     <span class='ocr_line' id='line_1_33' title="bbox 113 2823 1200 2911; baseline -0.005 -23"><span class='ocrx_word' id='word_1_261' title='bbox 113 2824 186 2888; x_wconf 83' lang='lat' dir='ltr'><strong>dice</strong></span> <span class='ocrx_word' id='word_1_262' title='bbox 206 2827 364 2886; x_wconf 82' lang='lat' dir='ltr'><strong>iustinian.</strong></span> <span class='ocrx_word' id='word_1_263' title='bbox 381 2826 462 2909; x_wconf 86' lang='lat' dir='ltr'><strong>apud</strong></span> <span class='ocrx_word' id='word_1_264' title='bbox 472 2827 601 2887; x_wconf 82' lang='lat' dir='ltr'><strong>cundem</strong></span> <span class='ocrx_word' id='word_1_265' title='bbox 616 2848 685 2909; x_wconf 79' lang='lat' dir='ltr'><strong>pag.</strong></span> <span class='ocrx_word' id='word_1_266' title='bbox 696 2848 769 2911; x_wconf 82' lang='lat'><strong>²7⁰·</strong></span> <span class='ocrx_word' id='word_1_267' title='bbox 791 2823 978 2908; x_wconf 84' lang='lat' dir='ltr'><strong>appellantur</strong></span> <span class='ocrx_word' id='word_1_268' title='bbox 991 2824 1200 2883; x_wconf 62' lang='lat' dir='ltr'><strong>adminstrare·</strong></span> 
     </span>
     <span class='ocr_line' id='line_1_34' title="bbox 114 2905 1198 2991; baseline -0.004 -22"><span class='ocrx_word' id='word_1_269' title='bbox 114 2922 161 2969; x_wconf 78' lang='lat' dir='ltr'><strong>tes</strong></span> <span class='ocrx_word' id='word_1_270' title='bbox 179 2910 235 2969; x_wconf 81' lang='lat' dir='ltr'><strong>vel</strong></span> <span class='ocrx_word' id='word_1_271' title='bbox 248 2930 418 2985; x_wconf 69' lang='lat' dir='ltr'><strong>assumtus,</strong></span> <span class='ocrx_word' id='word_1_272' title='bbox 447 2910 483 2969; x_wconf 78' lang='lat' dir='ltr'><strong>id</strong></span> <span class='ocrx_word' id='word_1_273' title='bbox 492 2923 535 2970; x_wconf 85' lang='lat' dir='ltr'><strong>est</strong></span> <span class='ocrx_word' id='word_1_274' title='bbox 549 2912 723 2971; x_wconf 69' lang='lat' dir='ltr'><strong>consiliarii.</strong></span> <span class='ocrx_word' id='word_1_275' title='bbox 766 2908 793 2969; x_wconf 88' lang='grc' dir='ltr'><em>Ε</em></span> <span class='ocrx_word' id='word_1_276' title='bbox 812 2908 1006 2991; x_wconf 81' lang='lat' dir='ltr'><strong>scriptoribus</strong></span> <span class='ocrx_word' id='word_1_277' title='bbox 1023 2917 1090 2989; x_wconf 89' lang='lat' dir='ltr'><strong>post</strong></span> <span class='ocrx_word' id='word_1_278' title='bbox 1101 2905 1198 2965; x_wconf 85' lang='lat' dir='ltr'><strong>Theo·</strong></span> 
     </span>
     <span class='ocr_line' id='line_1_35' title="bbox 112 2986 1198 3082; baseline -0.005 -31"><span class='ocrx_word' id='word_1_279' title='bbox 112 2990 252 3074; x_wconf 74' lang='lat' dir='ltr'><strong>phanum</strong></span> <span class='ocrx_word' id='word_1_280' title='bbox 269 3013 340 3074; x_wconf 75' lang='lat' dir='ltr'><strong>pag.</strong></span> <span class='ocrx_word' id='word_1_281' title='bbox 361 2991 433 3075; x_wconf 73' lang='lat'><strong>²94·</strong></span> <span class='ocrx_word' id='word_1_282' title='bbox 457 2992 562 3053; x_wconf 86' lang='lat' dir='ltr'><strong>Blere</strong></span> <span class='ocrx_word' id='word_1_283' title='bbox 576 2992 716 3074; x_wconf 75' lang='lat' dir='ltr'><strong>colligas,</strong></span> <span class='ocrx_word' id='word_1_284' title='bbox 741 2992 910 3075; x_wconf 86' lang='lat' dir='ltr'><strong>Sympouos</strong></span> <span class='ocrx_word' id='word_1_285' title='bbox 928 2990 1075 3051; x_wconf 84' lang='lat' dir='ltr'><strong>Praefecti</strong></span> <span class='ocrx_word' id='word_1_286' title='bbox 1100 2986 1198 3082; x_wconf 69' lang='lat' dir='ltr'><strong>Urbis</strong></span> 
     </span>
     <span class='ocr_line' id='line_1_36' title="bbox 112 3070 1198 3158; baseline -0.006 -23"><span class='ocrx_word' id='word_1_287' title='bbox 112 3075 158 3135; x_wconf 85' lang='lat' dir='ltr'><strong>ab</strong></span> <span class='ocrx_word' id='word_1_288' title='bbox 179 3076 367 3156; x_wconf 81' lang='lat' dir='ltr'><strong>imperatore</strong></span> <span class='ocrx_word' id='word_1_289' title='bbox 390 3078 459 3158; x_wconf 90' lang='lat' dir='ltr'><strong>ipso</strong></span> <span class='ocrx_word' id='word_1_290' title='bbox 481 3074 599 3138; x_wconf 83' lang='lat' dir='ltr'><strong>additos</strong></span> <span class='ocrx_word' id='word_1_291' title='bbox 619 3076 732 3157; x_wconf 80' lang='lat' dir='ltr'><strong>luisse5</strong></span> <span class='ocrx_word' id='word_1_292' title='bbox 759 3076 912 3137; x_wconf 78' lang='lat' dir='ltr'><strong>interdum</strong></span> <span class='ocrx_word' id='word_1_293' title='bbox 932 3086 1035 3135; x_wconf 87' lang='lat' dir='ltr'><strong>tamen</strong></span> <span class='ocrx_word' id='word_1_294' title='bbox 1047 3070 1198 3154; x_wconf 68' lang='lat' dir='ltr'><strong>,praefecti</strong></span> 
     </span>
     <span class='ocr_line' id='line_1_37' title="bbox 113 3157 488 3240; baseline 0 -21"><span class='ocrx_word' id='word_1_295' title='bbox 113 3158 177 3239; x_wconf 86' lang='lat' dir='ltr'><strong>ipsi</strong></span> <span class='ocrx_word' id='word_1_296' title='bbox 192 3158 252 3219; x_wconf 86' lang='lat' dir='ltr'><strong>sibi</strong></span> <span class='ocrx_word' id='word_1_297' title='bbox 273 3178 325 3218; x_wconf 86' lang='lat' dir='ltr'><strong>eos</strong></span> <span class='ocrx_word' id='word_1_298' title='bbox 337 3157 488 3240; x_wconf 76' lang='lat' dir='ltr'><strong>legebant.</strong></span> 
     </span>
    </p>

    <p class='ocr_par' dir='ltr' id='par_1_11' title="bbox 199 3232 1135 3319">
     <span class='ocr_line' id='line_1_38' title="bbox 199 3232 1135 3319; baseline -0.009 -17"><span class='ocrx_word' id='word_1_299' title='bbox 199 3242 240 3302; x_wconf 89' lang='lat' dir='ltr'><strong>B.</strong></span> <span class='ocrx_word' id='word_1_300' title='bbox 255 3240 306 3300; x_wconf 75' lang='lat'><strong>13.</strong></span> <span class='ocrx_word' id='word_1_301' title='bbox 340 3241 386 3313; x_wconf 71' lang='grc' dir='ltr'><strong>ιδ,</strong></span> <span class='ocrx_word' id='word_1_302' title='bbox 403 3263 451 3303; x_wconf 88' lang='grc' dir='ltr'><strong>ιι.</strong></span> <span class='ocrx_word' id='word_1_303' title='bbox 492 3232 732 3319; x_wconf 73' lang='grc' dir='ltr'><strong>ὅέισκούβιιος.</strong></span> <span class='ocrx_word' id='word_1_304' title='bbox 772 3241 818 3303; x_wconf 88' lang='lat' dir='ltr'><strong>Ita</strong></span> <span class='ocrx_word' id='word_1_305' title='bbox 835 3236 1135 3302; x_wconf 71' lang='lat' dir='ltr'><strong>estinmembranis.</strong></span> 
     </span>
    </p>

    <p class='ocr_par' dir='ltr' id='par_1_12' title="bbox 111 3314 1199 4071">
     <span class='ocr_line' id='line_1_39' title="bbox 198 3314 1198 3405; baseline -0.006 -22"><span class='ocrx_word' id='word_1_306' title='bbox 198 3323 240 3383; x_wconf 87' lang='lat' dir='ltr'><strong>C.</strong></span> <span class='ocrx_word' id='word_1_307' title='bbox 260 3324 294 3384; x_wconf 77' lang='grc'><strong>5.</strong></span> <span class='ocrx_word' id='word_1_308' title='bbox 340 3325 389 3401; x_wconf 84' lang='lat'><strong>13,</strong></span> <span class='ocrx_word' id='word_1_309' title='bbox 403 3322 452 3401; x_wconf 86' lang='grc' dir='ltr'><strong>ι4.</strong></span> <span class='ocrx_word' id='word_1_310' title='bbox 495 3323 553 3404; x_wconf 83' lang='grc' dir='ltr'><strong>τῆς</strong></span> <span class='ocrx_word' id='word_1_311' title='bbox 579 3323 708 3405; x_wconf 75' lang='grc' dir='ltr'><strong>χαλκῆς.</strong></span> <span class='ocrx_word' id='word_1_312' title='bbox 748 3324 929 3385; x_wconf 81' lang='lat' dir='ltr'><strong>Aedificium</strong></span> <span class='ocrx_word' id='word_1_313' title='bbox 955 3322 987 3381; x_wconf 91' lang='lat' dir='ltr'><strong>id</strong></span> <span class='ocrx_word' id='word_1_314' title='bbox 1012 3330 1076 3381; x_wconf 87' lang='lat' dir='ltr'><strong>erat</strong></span> <span class='ocrx_word' id='word_1_315' title='bbox 1100 3314 1198 3377; x_wconf 84' lang='lat' dir='ltr'><strong>aeneis</strong></span> 
     </span>
     <span class='ocr_line' id='line_1_40' title="bbox 112 3401 1197 3490; baseline -0.005 -24"><span class='ocrx_word' id='word_1_316' title='bbox 112 3404 227 3490; x_wconf 60' lang='lat' dir='ltr'><strong>tqnlis</strong></span> <span class='ocrx_word' id='word_1_317' title='bbox 243 3418 379 3482; x_wconf 76' lang='lat' dir='ltr'><strong>tectum,</strong></span> <span class='ocrx_word' id='word_1_318' title='bbox 400 3428 455 3489; x_wconf 83' lang='lat' dir='ltr'><strong>per</strong></span> <span class='ocrx_word' id='word_1_319' title='bbox 476 3407 558 3489; x_wconf 88' lang='lat' dir='ltr'><strong>quod</strong></span> <span class='ocrx_word' id='word_1_320' title='bbox 576 3408 610 3467; x_wconf 90' lang='lat' dir='ltr'><strong>iu</strong></span> <span class='ocrx_word' id='word_1_321' title='bbox 628 3427 772 3489; x_wconf 76' lang='lat' dir='ltr'><strong>magnum</strong></span> <span class='ocrx_word' id='word_1_322' title='bbox 786 3406 931 3488; x_wconf 77' lang='lat' dir='ltr'><strong>palatium</strong></span> <span class='ocrx_word' id='word_1_323' title='bbox 945 3403 1045 3464; x_wconf 88' lang='lat' dir='ltr'><strong>aditus</strong></span> <span class='ocrx_word' id='word_1_324' title='bbox 1064 3401 1197 3483; x_wconf 83' lang='lat' dir='ltr'><strong>patebat.</strong></span> 
     </span>
     <span class='ocr_line' id='line_1_41' title="bbox 114 3486 1199 3573; baseline -0.006 -24"><span class='ocrx_word' id='word_1_325' title='bbox 114 3490 160 3549; x_wconf 84' lang='lat' dir='ltr'><strong>V.</strong></span> <span class='ocrx_word' id='word_1_326' title='bbox 174 3490 228 3550; x_wconf 82' lang='lat' dir='ltr'><strong>Du</strong></span> <span class='ocrx_word' id='word_1_327' title='bbox 248 3490 351 3573; x_wconf 78' lang='lat' dir='ltr'><strong>Gange</strong></span> <span class='ocrx_word' id='word_1_328' title='bbox 371 3489 446 3550; x_wconf 89' lang='lat' dir='ltr'><strong>CPli</strong></span> <span class='ocrx_word' id='word_1_329' title='bbox 472 3491 644 3551; x_wconf 85' lang='lat' dir='ltr'><strong>Christiana</strong></span> <span class='ocrx_word' id='word_1_330' title='bbox 665 3511 699 3571; x_wconf 87' lang='lat' dir='ltr'><strong>p.</strong></span> <span class='ocrx_word' id='word_1_331' title='bbox 723 3490 793 3551; x_wconf 81' lang='lat'><strong>113.</strong></span> <span class='ocrx_word' id='word_1_332' title='bbox 809 3510 876 3573; x_wconf 88' lang='lat' dir='ltr'><strong>sqq.</strong></span> <span class='ocrx_word' id='word_1_333' title='bbox 920 3486 1059 3547; x_wconf 84' lang='lat' dir='ltr'><strong>Observo</strong></span> <span class='ocrx_word' id='word_1_334' title='bbox 1078 3494 1199 3545; x_wconf 84' lang='lat' dir='ltr'><strong>tantum</strong></span> 
     </span>
     <span class='ocr_line' id='line_1_42' title="bbox 111 3566 1198 3654; baseline -0.006 -21"><span class='ocrx_word' id='word_1_335' title='bbox 111 3570 190 3648; x_wconf 85' lang='lat' dir='ltr'><strong>bie,</strong></span> <span class='ocrx_word' id='word_1_336' title='bbox 211 3593 331 3635; x_wconf 85' lang='lat' dir='ltr'><strong>morem</strong></span> <span class='ocrx_word' id='word_1_337' title='bbox 351 3584 428 3634; x_wconf 89' lang='lat' dir='ltr'><strong>tunc</strong></span> <span class='ocrx_word' id='word_1_338' title='bbox 445 3575 590 3654; x_wconf 86' lang='lat' dir='ltr'><strong>temporis</strong></span> <span class='ocrx_word' id='word_1_339' title='bbox 607 3574 700 3634; x_wconf 83' lang='lat' dir='ltr'><strong>luisse</strong></span> <span class='ocrx_word' id='word_1_340' title='bbox 718 3573 834 3633; x_wconf 88' lang='lat' dir='ltr'><strong>maiora</strong></span> <span class='ocrx_word' id='word_1_341' title='bbox 859 3592 995 3654; x_wconf 84' lang='lat' dir='ltr'><strong>quaeque</strong></span> <span class='ocrx_word' id='word_1_342' title='bbox 1017 3580 1047 3629; x_wconf 88' lang='lat' dir='ltr'><strong>et</strong></span> <span class='ocrx_word' id='word_1_343' title='bbox 1065 3566 1198 3649; x_wconf 86' lang='lat' dir='ltr'><strong>splendi-</strong></span> 
     </span>
     <span class='ocr_line' id='line_1_43' title="bbox 114 3653 1198 3739; baseline -0.007 -22"><span class='ocrx_word' id='word_1_344' title='bbox 114 3654 204 3717; x_wconf 78' lang='lat' dir='ltr'><strong>diora</strong></span> <span class='ocrx_word' id='word_1_345' title='bbox 222 3656 358 3717; x_wconf 81' lang='lat' dir='ltr'><strong>aedificia</strong></span> <span class='ocrx_word' id='word_1_346' title='bbox 377 3655 488 3739; x_wconf 75' lang='lat' dir='ltr'><strong>tegulis</strong></span> <span class='ocrx_word' id='word_1_347' title='bbox 500 3657 600 3716; x_wconf 86' lang='lat' dir='ltr'><strong>aeneis</strong></span> <span class='ocrx_word' id='word_1_348' title='bbox 620 3676 640 3715; x_wconf 92' lang='lat' dir='ltr'><strong>o</strong></span> <span class='ocrx_word' id='word_1_349' title='bbox 678 3653 796 3732; x_wconf 68' lang='lat' dir='ltr'><strong>nendi,</strong></span> <span class='ocrx_word' id='word_1_350' title='bbox 821 3657 905 3716; x_wconf 89' lang='lat' dir='ltr'><strong>cuius</strong></span> <span class='ocrx_word' id='word_1_351' title='bbox 923 3656 1013 3713; x_wconf 84' lang='lat' dir='ltr'><strong>ctiam</strong></span> <span class='ocrx_word' id='word_1_352' title='bbox 1025 3666 1198 3713; x_wconf 87' lang='lat' dir='ltr'><strong>monumen·</strong></span> 
     </span>
     <span class='ocr_line' id='line_1_44' title="bbox 114 3734 1198 3800; baseline -0.006 -2"><span class='ocrx_word' id='word_1_353' title='bbox 114 3748 149 3798; x_wconf 83' lang='lat' dir='ltr'><strong>ta</strong></span> <span class='ocrx_word' id='word_1_354' title='bbox 171 3738 273 3799; x_wconf 81' lang='lat' dir='ltr'><strong>adbuc</strong></span> <span class='ocrx_word' id='word_1_355' title='bbox 298 3739 391 3800; x_wconf 88' lang='lat' dir='ltr'><strong>bodie</strong></span> <span class='ocrx_word' id='word_1_356' title='bbox 565 3749 592 3799; x_wconf 90' lang='lat' dir='ltr'><strong>t.</strong></span> <span class='ocrx_word' id='word_1_357' title='bbox 685 3739 810 3799; x_wconf 84' lang='lat' dir='ltr'><strong>astasius</strong></span> <span class='ocrx_word' id='word_1_358' title='bbox 837 3740 870 3800; x_wconf 90' lang='lat' dir='ltr'><strong>in</strong></span> <span class='ocrx_word' id='word_1_359' title='bbox 885 3736 1057 3798; x_wconf 76' lang='lat' dir='ltr'><strong>Vitalianus</strong></span> <span class='ocrx_word' id='word_1_360' title='bbox 1092 3734 1198 3795; x_wconf 80' lang='lat' dir='ltr'><strong>Eccle-</strong></span> 
     </span>
     <span class='ocr_line' id='line_1_45' title="bbox 116 3821 1198 3907; baseline -0.007 -24"><span class='ocrx_word' id='word_1_361' title='bbox 116 3823 193 3883; x_wconf 75' lang='lat' dir='ltr'><strong>siam</strong></span> <span class='ocrx_word' id='word_1_362' title='bbox 214 3822 257 3884; x_wconf 90' lang='lat' dir='ltr'><strong>B.</strong></span> <span class='ocrx_word' id='word_1_363' title='bbox 279 3822 403 3883; x_wconf 71' lang='lat' dir='ltr'><strong>Martiae</strong></span> <span class='ocrx_word' id='word_1_364' title='bbox 484 3823 652 3902; x_wconf 69' lang='lat' dir='ltr'><strong>Mat-tyrus,</strong></span> <span class='ocrx_word' id='word_1_365' title='bbox 678 3842 755 3907; x_wconf 76' lang='lat' dir='ltr'><strong>qrme</strong></span> <span class='ocrx_word' id='word_1_366' title='bbox 773 3821 811 3881; x_wconf 82' lang='lat' dir='ltr'><strong>cle</strong></span> <span class='ocrx_word' id='word_1_367' title='bbox 831 3822 934 3903; x_wconf 66' lang='lat' dir='ltr'><strong>tepidis</strong></span> <span class='ocrx_word' id='word_1_368' title='bbox 954 3822 1053 3883; x_wconf 77' lang='lat' dir='ltr'><strong>aeneis</strong></span> <span class='ocrx_word' id='word_1_369' title='bbox 1071 3829 1136 3879; x_wconf 79' lang='lat' dir='ltr'><strong>erat</strong></span> <span class='ocrx_word' id='word_1_370' title='bbox 1154 3834 1198 3875; x_wconf 84' lang='lat' dir='ltr'><strong>ou·</strong></span> 
     </span>
     <span class='ocr_line' id='line_1_46' title="bbox 114 3901 1073 4071; baseline -0.003 -21"><span class='ocrx_word' id='word_1_371' title='bbox 114 3918 237 4049; x_wconf 48' lang='lat' dir='ltr'><strong>afim&amp;</strong></span> <span class='ocrx_word' id='word_1_372' title='bbox 252 3901 854 4071; x_wconf 42' lang='lat' dir='ltr'><strong>mrigmxuiiiioiliirinblAbsil</strong></span> <span class='ocrx_word' id='word_1_373' title='bbox 875 3984 915 4047; x_wconf 81' lang='grc' dir='ltr'><strong>τὰ</strong></span> <span class='ocrx_word' id='word_1_374' title='bbox 938 3980 1073 4047; x_wconf 72' lang='grc' dir='ltr'><strong>ἔνδοθεν.</strong></span> 
     </span>
    </p>
   </div>
   <div class='ocr_carea' id='block_1_8' title="bbox 197 4060 1200 4147">
    <p class='ocr_par' dir='ltr' id='par_1_13' title="bbox 197 4060 1200 4167">
     <span class='ocr_line' id='line_1_47' title="bbox 197 4060 1200 4147; baseline -0.011 -13"><span class='ocrx_word' id='word_1_375' title='bbox 197 4075 235 4134; x_wconf 91' lang='lat' dir='ltr'><strong>C.</strong></span> <span class='ocrx_word' id='word_1_376' title='bbox 250 4094 284 4147; x_wconf 81' lang='lat' dir='ltr'><strong>o.</strong></span> <span class='ocrx_word' id='word_1_377' title='bbox 321 4073 371 4144; x_wconf 80' lang='lat'><strong>13,</strong></span> <span class='ocrx_word' id='word_1_378' title='bbox 384 4092 437 4132; x_wconf 88' lang='grc' dir='ltr'><strong>ιο.</strong></span> <span class='ocrx_word' id='word_1_379' title='bbox 480 4064 598 4145; x_wconf 75' lang='grc' dir='ltr'><strong><em>θόλον,</em></strong></span> <span class='ocrx_word' id='word_1_380' title='bbox 624 4067 762 4131; x_wconf 70' lang='grc' dir='ltr'><strong>ἵσταται.</strong></span> <span class='ocrx_word' id='word_1_381' title='bbox 802 4069 996 4130; x_wconf 83' lang='lat' dir='ltr'><strong>Membranae</strong></span> <span class='ocrx_word' id='word_1_382' title='bbox 1016 4060 1130 4142; x_wconf 73' lang='grc' dir='ltr'><strong><em>θόλον,</em></strong></span> <span class='ocrx_word' id='word_1_383' title='bbox 1152 4063 1200 4124; x_wconf 79' lang='grc' dir='ltr'><strong>δι-</strong></span> 
     </span>
    </p>
   </div>
   <div class='ocr_carea' id='block_1_9' title="bbox 122 4146 920 4239">
    <p class='ocr_par' dir='ltr' id='par_1_14' title="bbox 122 4146 920 4239">
     <span class='ocr_line' id='line_1_48' title="bbox 122 4146 920 4239; baseline -0.004 -21"><span class='ocrx_word' id='word_1_384' title='bbox 122 4154 168 4239; x_wconf 67' lang='grc' dir='ltr'><strong>ξιᾷ</strong></span> <span class='ocrx_word' id='word_1_385' title='bbox 185 4157 247 4235; x_wconf 71' lang='grc' dir='ltr'><strong>μὲν</strong></span> <span class='ocrx_word' id='word_1_386' title='bbox 261 4155 402 4218; x_wconf 70' lang='grc' dir='ltr'><strong>ἵπποι.</strong></span> <span class='ocrx_word' id='word_1_387' title='bbox 443 4151 552 4217; x_wconf 83' lang='lat' dir='ltr'><strong>Paullo</strong></span> <span class='ocrx_word' id='word_1_388' title='bbox 569 4164 636 4234; x_wconf 84' lang='lat' dir='ltr'><strong>post</strong></span> <span class='ocrx_word' id='word_1_389' title='bbox 659 4151 781 4213; x_wconf 71' lang='lat' dir='ltr'><strong>easdem</strong></span> <span class='ocrx_word' id='word_1_390' title='bbox 802 4146 920 4231; x_wconf 71' lang='grc' dir='ltr'><strong>ἀνάγει.</strong></span> 
     </span>
    </p>
   </div>
   <div class='ocr_carea' id='block_1_10' title="bbox 0 0 1492 4892">
    <p class='ocr_par' dir='ltr' id='par_1_15' title="bbox 0 0 1492 4892">
     <span class='ocr_line' id='line_1_49' title="bbox 0 0 1492 4892; baseline 0 0"><span class='ocrx_word' id='word_1_391' title='bbox 0 0 1492 4892; x_wconf 95' lang='lat' dir='ltr'><strong> </strong></span> 
     </span>
    </p>
   </div>
  </div>
 </body>
</html>
