<?xml version="1.0" encoding="UTF-8"?>
<!DOCTYPE html PUBLIC "-//W3C//DTD XHTML 1.0 Transitional//EN"
    "http://www.w3.org/TR/xhtml1/DTD/xhtml1-transitional.dtd">
<html xmlns="http://www.w3.org/1999/xhtml" xml:lang="en" lang="en">
 <head>
  <title>
</title>
<meta http-equiv="Content-Type" content="text/html;charset=utf-8" />
  <meta name='ocr-system' content='tesseract 3.04.00' />
  <meta name='ocr-capabilities' content='ocr_page ocr_carea ocr_par ocr_line ocrx_word'/>
</head>
<body>
  <div class='ocr_page' id='page_1' title='image "./corpusscriptoru45theogoog/corpusscriptoru45theogoog_0871.png"; bbox 0 0 2975 4892; ppageno 0'>
   <div class='ocr_carea' id='block_1_1' title="bbox 295 289 1172 406">
    <p class='ocr_par' dir='ltr' id='par_1_1' title="bbox 295 289 1172 406">
     <span class='ocr_line' id='line_1_1' title="bbox 295 289 1172 406; baseline 0.013 -28"><span class='ocrx_word' id='word_1_1' title='bbox 295 289 381 406; x_wconf 66' lang='lat'><strong>824</strong></span> <span class='ocrx_word' id='word_1_2' title='bbox 508 317 565 384; x_wconf 81' lang='lat' dir='ltr'><strong>ro.</strong></span> <span class='ocrx_word' id='word_1_3' title='bbox 595 316 676 385; x_wconf 77' lang='lat' dir='ltr'><strong>rac.</strong></span> <span class='ocrx_word' id='word_1_4' title='bbox 707 320 855 384; x_wconf 76' lang='lat' dir='ltr'><strong>susus</strong></span> <span class='ocrx_word' id='word_1_5' title='bbox 884 317 1172 388; x_wconf 70' lang='lat' dir='ltr'><strong>comanam</strong></span> 
     </span>
    </p>
   </div>
   <div class='ocr_carea' id='block_1_2' title="bbox 292 475 1384 1310">
    <p class='ocr_par' dir='ltr' id='par_1_2' title="bbox 292 475 1384 1144">
     <span class='ocr_line' id='line_1_2' title="bbox 294 475 1381 560; baseline 0.006 -23"><span class='ocrx_word' id='word_1_6' title='bbox 294 487 362 537; x_wconf 85' lang='lat' dir='ltr'><strong>tare</strong></span> <span class='ocrx_word' id='word_1_7' title='bbox 379 485 478 540; x_wconf 61' lang='lat' dir='ltr'><strong>&amp;sent</strong></span> <span class='ocrx_word' id='word_1_8' title='bbox 496 475 674 551; x_wconf 72' lang='lat' dir='ltr'>habendae,</span> <span class='ocrx_word' id='word_1_9' title='bbox 696 488 826 560; x_wconf 73' lang='lat' dir='ltr'><strong>unoque</strong></span> <span class='ocrx_word' id='word_1_10' title='bbox 844 496 984 541; x_wconf 70' lang='lat' dir='ltr'><strong>samone</strong></span> <span class='ocrx_word' id='word_1_11' title='bbox 997 479 1128 542; x_wconf 77' lang='lat' dir='ltr'><strong>recitari.</strong></span> <span class='ocrx_word' id='word_1_12' title='bbox 1167 479 1381 544; x_wconf 70' lang='lat' dir='ltr'><strong>Tandmh-</strong></span> 
     </span>
     <span class='ocr_line' id='line_1_3' title="bbox 292 559 1382 648; baseline 0.006 -28"><span class='ocrx_word' id='word_1_13' title='bbox 292 561 356 621; x_wconf 89' lang='lat' dir='ltr'><strong>tina</strong></span> <span class='ocrx_word' id='word_1_14' title='bbox 374 580 501 642; x_wconf 86' lang='lat' dir='ltr'><strong>prorsus</strong></span> <span class='ocrx_word' id='word_1_15' title='bbox 519 571 623 622; x_wconf 84' lang='lat' dir='ltr'><strong>exacta</strong></span> <span class='ocrx_word' id='word_1_16' title='bbox 645 561 764 621; x_wconf 76' lang='lat' dir='ltr'><strong>nubam</strong></span> <span class='ocrx_word' id='word_1_17' title='bbox 782 563 829 622; x_wconf 90' lang='lat' dir='ltr'><strong>sui</strong></span> <span class='ocrx_word' id='word_1_18' title='bbox 848 563 1010 644; x_wconf 76' lang='lat' dir='ltr'><strong>vestigium</strong></span> <span class='ocrx_word' id='word_1_19' title='bbox 1030 559 1156 646; x_wconf 86' lang='lat' dir='ltr'><strong>reliquit</strong></span> <span class='ocrx_word' id='word_1_20' title='bbox 1166 573 1291 646; x_wconf 81' lang='lat' dir='ltr'><strong>praeter</strong></span> <span class='ocrx_word' id='word_1_21' title='bbox 1302 587 1382 648; x_wconf 82' lang='lat' dir='ltr'><strong>pau·</strong></span> 
     </span>
     <span class='ocr_line' id='line_1_4' title="bbox 292 642 1380 726; baseline 0.006 -22"><span class='ocrx_word' id='word_1_22' title='bbox 292 665 345 705; x_wconf 85' lang='lat' dir='ltr'><strong>aas</strong></span> <span class='ocrx_word' id='word_1_23' title='bbox 363 643 512 726; x_wconf 86' lang='lat' dir='ltr'><strong>quasdam</strong></span> <span class='ocrx_word' id='word_1_24' title='bbox 529 664 619 704; x_wconf 86' lang='lat' dir='ltr'><strong>voces</strong></span> <span class='ocrx_word' id='word_1_25' title='bbox 637 643 801 725; x_wconf 74' lang='lat' dir='ltr'><strong>singulares</strong></span> <span class='ocrx_word' id='word_1_26' title='bbox 821 653 852 705; x_wconf 85' lang='lat' dir='ltr'><strong>et</strong></span> <span class='ocrx_word' id='word_1_27' title='bbox 871 642 1018 705; x_wconf 67' lang='lat' dir='ltr'><strong>bimulus</strong></span> <span class='ocrx_word' id='word_1_28' title='bbox 1030 644 1203 724; x_wconf 70' lang='lat' dir='ltr'><strong>ulutandi,</strong></span> <span class='ocrx_word' id='word_1_29' title='bbox 1225 648 1309 709; x_wconf 76' lang='lat' dir='ltr'><strong>borsa</strong></span> <span class='ocrx_word' id='word_1_30' title='bbox 1328 669 1380 710; x_wconf 81' lang='lat' dir='ltr'><strong>vo·</strong></span> 
     </span>
     <span class='ocr_line' id='line_1_5' title="bbox 292 725 1378 812; baseline 0.006 -25"><span class='ocrx_word' id='word_1_31' title='bbox 292 737 344 796; x_wconf 85' lang='lat' dir='ltr'><strong>ta.</strong></span> <span class='ocrx_word' id='word_1_32' title='bbox 371 730 404 787; x_wconf 94' lang='lat' dir='ltr'><strong>in</strong></span> <span class='ocrx_word' id='word_1_33' title='bbox 424 726 533 788; x_wconf 88' lang='lat' dir='ltr'><strong>diebus</strong></span> <span class='ocrx_word' id='word_1_34' title='bbox 552 727 652 800; x_wconf 80' lang='lat' dir='ltr'><strong>iestis,</strong></span> <span class='ocrx_word' id='word_1_35' title='bbox 675 729 732 787; x_wconf 86' lang='lat' dir='ltr'><strong>ioci</strong></span> <span class='ocrx_word' id='word_1_36' title='bbox 753 737 784 787; x_wconf 86' lang='lat' dir='ltr'><strong>et</strong></span> <span class='ocrx_word' id='word_1_37' title='bbox 803 725 964 788; x_wconf 84' lang='lat' dir='ltr'><strong>hilaritatis</strong></span> <span class='ocrx_word' id='word_1_38' title='bbox 975 737 1006 790; x_wconf 85' lang='lat' dir='ltr'><strong>et</strong></span> <span class='ocrx_word' id='word_1_39' title='bbox 1019 729 1135 812; x_wconf 77' lang='lat' dir='ltr'><strong>antiqui</strong></span> <span class='ocrx_word' id='word_1_40' title='bbox 1150 731 1378 792; x_wconf 78' lang='lat' dir='ltr'><strong>ritussemndi</strong></span> 
     </span>
     <span class='ocr_line' id='line_1_6' title="bbox 293 809 1380 897; baseline 0.006 -27"><span class='ocrx_word' id='word_1_41' title='bbox 293 812 392 892; x_wconf 71' lang='lat' dir='ltr'><strong>gratia</strong></span> <span class='ocrx_word' id='word_1_42' title='bbox 412 831 515 872; x_wconf 86' lang='lat' dir='ltr'><strong>coram</strong></span> <span class='ocrx_word' id='word_1_43' title='bbox 529 811 730 891; x_wconf 81' lang='lat' dir='ltr'><strong>Imperatore,</strong></span> <span class='ocrx_word' id='word_1_44' title='bbox 751 809 875 892; x_wconf 88' lang='lat' dir='ltr'><strong>quando</strong></span> <span class='ocrx_word' id='word_1_45' title='bbox 894 809 1087 893; x_wconf 87' lang='lat' dir='ltr'><strong>epularetur,</strong></span> <span class='ocrx_word' id='word_1_46' title='bbox 1108 811 1250 890; x_wconf 80' lang='lat' dir='ltr'><strong>biberet,</strong></span> <span class='ocrx_word' id='word_1_47' title='bbox 1273 817 1308 876; x_wconf 89' lang='lat' dir='ltr'><strong>in</strong></span> <span class='ocrx_word' id='word_1_48' title='bbox 1327 837 1380 897; x_wconf 83' lang='lat' dir='ltr'><strong>pu-</strong></span> 
     </span>
     <span class='ocr_line' id='line_1_7' title="bbox 292 891 1380 978; baseline 0.003 -23"><span class='ocrx_word' id='word_1_49' title='bbox 292 891 411 955; x_wconf 86' lang='lat' dir='ltr'><strong>blicum</strong></span> <span class='ocrx_word' id='word_1_50' title='bbox 431 893 622 975; x_wconf 77' lang='lat' dir='ltr'>procederet,</span> <span class='ocrx_word' id='word_1_51' title='bbox 646 895 765 954; x_wconf 74' lang='lat' dir='ltr'><strong>mcitari</strong></span> <span class='ocrx_word' id='word_1_52' title='bbox 788 891 911 970; x_wconf 85' lang='lat' dir='ltr'><strong>solitas,</strong></span> <span class='ocrx_word' id='word_1_53' title='bbox 941 894 1048 976; x_wconf 84' lang='lat' dir='ltr'><strong>quales</strong></span> <span class='ocrx_word' id='word_1_54' title='bbox 1066 898 1178 978; x_wconf 86' lang='lat' dir='ltr'><strong>passim</strong></span> <span class='ocrx_word' id='word_1_55' title='bbox 1197 899 1229 958; x_wconf 91' lang='lat' dir='ltr'><strong>in</strong></span> <span class='ocrx_word' id='word_1_56' title='bbox 1250 897 1313 960; x_wconf 85' lang='lat' dir='ltr'><strong>boe</strong></span> <span class='ocrx_word' id='word_1_57' title='bbox 1332 919 1380 958; x_wconf 90' lang='lat' dir='ltr'><strong>on·</strong></span> 
     </span>
     <span class='ocr_line' id='line_1_8' title="bbox 293 975 1380 1063; baseline 0.005 -25"><span class='ocrx_word' id='word_1_58' title='bbox 293 978 362 1038; x_wconf 86' lang='lat' dir='ltr'><strong>dice</strong></span> <span class='ocrx_word' id='word_1_59' title='bbox 383 989 538 1058; x_wconf 73' lang='lat' dir='ltr'><strong>poscant,</strong></span> <span class='ocrx_word' id='word_1_60' title='bbox 558 987 593 1037; x_wconf 85' lang='lat' dir='ltr'><strong>ut</strong></span> <span class='ocrx_word' id='word_1_61' title='bbox 615 975 732 1055; x_wconf 61' lang='lat' dir='ltr'><strong>tavae,</strong></span> <span class='ocrx_word' id='word_1_62' title='bbox 753 977 938 1038; x_wconf 79' lang='lat' dir='ltr'><strong>Felicissime</strong></span> <span class='ocrx_word' id='word_1_63' title='bbox 952 988 1033 1056; x_wconf 83' lang='lat' dir='ltr'><strong>etc.;</strong></span> <span class='ocrx_word' id='word_1_64' title='bbox 1053 979 1116 1041; x_wconf 81' lang='lat' dir='ltr'><strong>vid.</strong></span> <span class='ocrx_word' id='word_1_65' title='bbox 1129 1001 1162 1060; x_wconf 86' lang='lat' dir='ltr'><strong>p.</strong></span> <span class='ocrx_word' id='word_1_66' title='bbox 1171 1001 1203 1063; x_wconf 78' lang='lat'><strong>7.</strong></span> <span class='ocrx_word' id='word_1_67' title='bbox 1214 981 1254 1041; x_wconf 83' lang='lat' dir='ltr'><strong>G.</strong></span> <span class='ocrx_word' id='word_1_68' title='bbox 1270 991 1303 1042; x_wconf 86' lang='lat' dir='ltr'><strong>et</strong></span> <span class='ocrx_word' id='word_1_69' title='bbox 1314 1002 1380 1062; x_wconf 77' lang='lat' dir='ltr'><strong>esp.</strong></span> 
     </span>
     <span class='ocr_line' id='line_1_9' title="bbox 293 1057 1384 1144; baseline 0.002 -22"><span class='ocrx_word' id='word_1_70' title='bbox 293 1062 438 1122; x_wconf 80' lang='lat' dir='ltr'>LXXIV.</span> <span class='ocrx_word' id='word_1_71' title='bbox 463 1062 499 1126; x_wconf 89' lang='lat' dir='ltr'><strong>L.</strong></span> <span class='ocrx_word' id='word_1_72' title='bbox 522 1059 548 1120; x_wconf 86' lang='lat' dir='ltr'><strong>l.</strong></span> <span class='ocrx_word' id='word_1_73' title='bbox 590 1059 623 1120; x_wconf 85' lang='lat' dir='ltr'><strong>si</strong></span> <span class='ocrx_word' id='word_1_74' title='bbox 643 1069 733 1144; x_wconf 30' lang='lat' dir='ltr'><strong>recte(</strong></span> <span class='ocrx_word' id='word_1_75' title='bbox 746 1057 836 1120; x_wconf 83' lang='lat' dir='ltr'><strong>babet</strong></span> <span class='ocrx_word' id='word_1_76' title='bbox 855 1058 946 1122; x_wconf 89' lang='lat' dir='ltr'><strong>lectio</strong></span> <span class='ocrx_word' id='word_1_77' title='bbox 967 1060 1050 1142; x_wconf 85' lang='lat' dir='ltr'><strong>apud</strong></span> <span class='ocrx_word' id='word_1_78' title='bbox 1077 1063 1303 1144; x_wconf 81' lang='lat' dir='ltr'><strong>Luitprandurn</strong></span> <span class='ocrx_word' id='word_1_79' title='bbox 1324 1065 1384 1124; x_wconf 72' lang='lat' dir='ltr'><strong>Ie·</strong></span> 
     </span>
    </p>

    <p class='ocr_par' dir='ltr' id='par_1_3' title="bbox 332 1141 1384 1228">
     <span class='ocr_line' id='line_1_10' title="bbox 332 1141 1384 1228; baseline 0.002 -23"><span class='ocrx_word' id='word_1_80' title='bbox 332 1155 355 1205; x_wconf 86' lang='lat' dir='ltr'><strong>t.</strong></span> <span class='ocrx_word' id='word_1_81' title='bbox 375 1141 499 1225; x_wconf 58' lang='lat' dir='ltr'><strong>pulssi..</strong></span> <span class='ocrx_word' id='word_1_82' title='bbox 522 1143 723 1203; x_wconf 82' lang='lat' dir='ltr'><strong>meseratio</strong></span> <span class='ocrx_word' id='word_1_83' title='bbox 743 1142 850 1203; x_wconf 88' lang='lat' dir='ltr'><strong>aulaB</strong></span> <span class='ocrx_word' id='word_1_84' title='bbox 871 1145 991 1204; x_wconf 84' lang='lat' dir='ltr'><strong>nantina</strong></span> <span class='ocrx_word' id='word_1_85' title='bbox 1011 1142 1151 1206; x_wconf 86' lang='lat' dir='ltr'><strong>homilias</strong></span> <span class='ocrx_word' id='word_1_86' title='bbox 1170 1145 1384 1228; x_wconf 72' lang='lat' dir='ltr'><strong>Chr-ysostani</strong></span> 
     </span>
    </p>

    <p class='ocr_par' dir='ltr' id='par_1_4' title="bbox 339 1165 1384 1310">
     <span class='ocr_line' id='line_1_11' title="bbox 339 1165 1384 1310; baseline 0.005 -24"><span class='ocrx_word' id='word_1_87' title='bbox 339 1229 401 1286; x_wconf 87' lang='lat' dir='ltr'><strong>tine</strong></span> <span class='ocrx_word' id='word_1_88' title='bbox 419 1228 498 1285; x_wconf 84' lang='lat' dir='ltr'><strong>inter</strong></span> <span class='ocrx_word' id='word_1_89' title='bbox 517 1225 622 1306; x_wconf 79' lang='lat' dir='ltr'>epulas</span> <span class='ocrx_word' id='word_1_90' title='bbox 642 1223 722 1308; x_wconf 77' lang='lat' dir='ltr'><strong>legi,</strong></span> <span class='ocrx_word' id='word_1_91' title='bbox 742 1237 797 1287; x_wconf 87' lang='lat' dir='ltr'><strong>aut</strong></span> <span class='ocrx_word' id='word_1_92' title='bbox 816 1165 916 1288; x_wconf 84' lang='lat' dir='ltr'><strong>saltim</strong></span> <span class='ocrx_word' id='word_1_93' title='bbox 934 1225 1063 1289; x_wconf 86' lang='lat' dir='ltr'><strong>curabat</strong></span> <span class='ocrx_word' id='word_1_94' title='bbox 1075 1228 1272 1310; x_wconf 75' lang='lat' dir='ltr'><strong>,Nicephorus</strong></span> <span class='ocrx_word' id='word_1_95' title='bbox 1295 1229 1384 1291; x_wconf 90' lang='lat' dir='ltr'><strong>Pbo-</strong></span> 
     </span>
    </p>
   </div>
   <div class='ocr_carea' id='block_1_3' title="bbox 180 1308 1384 1395">
    <p class='ocr_par' dir='ltr' id='par_1_5' title="bbox 180 1308 1384 1395">
     <span class='ocr_line' id='line_1_12' title="bbox 180 1308 1384 1395; baseline 0.004 -26"><span class='ocrx_word' id='word_1_96' title='bbox 180 1351 183 1359; x_wconf 83' lang='lat'>·</span> <span class='ocrx_word' id='word_1_97' title='bbox 292 1331 344 1370; x_wconf 86' lang='lat' dir='ltr'><strong>aas</strong></span> <span class='ocrx_word' id='word_1_98' title='bbox 371 1312 402 1368; x_wconf 87' lang='lat' dir='ltr'><strong>in</strong></span> <span class='ocrx_word' id='word_1_99' title='bbox 433 1309 562 1390; x_wconf 86' lang='lat' dir='ltr'><strong>gratiam</strong></span> <span class='ocrx_word' id='word_1_100' title='bbox 584 1309 763 1392; x_wconf 87' lang='lat' dir='ltr'><strong>Luitprandi</strong></span> <span class='ocrx_word' id='word_1_101' title='bbox 791 1308 823 1370; x_wconf 90' lang='lat' dir='ltr'><strong>id</strong></span> <span class='ocrx_word' id='word_1_102' title='bbox 851 1309 929 1370; x_wconf 84' lang='lat' dir='ltr'><strong>lieri.</strong></span> <span class='ocrx_word' id='word_1_103' title='bbox 971 1309 1033 1371; x_wconf 82' lang='lat' dir='ltr'><strong>Sed</strong></span> <span class='ocrx_word' id='word_1_104' title='bbox 1061 1322 1202 1373; x_wconf 77' lang='lat' dir='ltr'><strong>neuuum</strong></span> <span class='ocrx_word' id='word_1_105' title='bbox 1222 1311 1384 1395; x_wconf 74' lang='lat' dir='ltr'><strong>probabile</strong></span> 
     </span>
    </p>
   </div>
   <div class='ocr_carea' id='block_1_4' title="bbox 287 1390 1392 4306">
    <p class='ocr_par' dir='ltr' id='par_1_6' title="bbox 287 1390 1392 4306">
     <span class='ocr_line' id='line_1_13' title="bbox 292 1390 1382 1475; baseline 0.004 -23"><span class='ocrx_word' id='word_1_106' title='bbox 292 1413 363 1452; x_wconf 88' lang='lat' dir='ltr'><strong>cum</strong></span> <span class='ocrx_word' id='word_1_107' title='bbox 382 1393 440 1469; x_wconf 82' lang='lat' dir='ltr'><strong>sit,</strong></span> <span class='ocrx_word' id='word_1_108' title='bbox 461 1390 567 1454; x_wconf 85' lang='lat' dir='ltr'><strong>malim</strong></span> <span class='ocrx_word' id='word_1_109' title='bbox 585 1413 656 1453; x_wconf 86' lang='lat' dir='ltr'><strong>aum</strong></span> <span class='ocrx_word' id='word_1_110' title='bbox 676 1393 712 1454; x_wconf 88' lang='lat' dir='ltr'><strong>iis</strong></span> <span class='ocrx_word' id='word_1_111' title='bbox 732 1392 852 1469; x_wconf 65' lang='lat' dir='ltr'><strong>facem,</strong></span> <span class='ocrx_word' id='word_1_112' title='bbox 881 1395 935 1475; x_wconf 87' lang='lat' dir='ltr'><strong>qui</strong></span> <span class='ocrx_word' id='word_1_113' title='bbox 957 1413 1015 1475; x_wconf 93' lang='lat' dir='ltr'><strong>pro</strong></span> <span class='ocrx_word' id='word_1_114' title='bbox 1033 1415 1105 1454; x_wconf 79' lang='lat' dir='ltr'><strong>vaae</strong></span> <span class='ocrx_word' id='word_1_115' title='bbox 1124 1393 1237 1456; x_wconf 75' lang='lat' dir='ltr'><strong>latina</strong></span> <span class='ocrx_word' id='word_1_116' title='bbox 1267 1396 1311 1456; x_wconf 90' lang='lat' dir='ltr'><strong>ibi</strong></span> <span class='ocrx_word' id='word_1_117' title='bbox 1337 1394 1382 1456; x_wconf 84' lang='lat' dir='ltr'><strong>le·</strong></span> 
     </span>
     <span class='ocr_line' id='line_1_14' title="bbox 291 1475 1382 1560; baseline 0.005 -26"><span class='ocrx_word' id='word_1_118' title='bbox 291 1485 368 1556; x_wconf 70' lang='lat' dir='ltr'><strong>gunt</strong></span> <span class='ocrx_word' id='word_1_119' title='bbox 393 1495 466 1535; x_wconf 74' lang='lat' dir='ltr'><strong>saoce</strong></span> <span class='ocrx_word' id='word_1_120' title='bbox 486 1477 578 1536; x_wconf 79' lang='lat' dir='ltr'><strong>elata.</strong></span> <span class='ocrx_word' id='word_1_121' title='bbox 618 1475 655 1536; x_wconf 90' lang='lat' dir='ltr'><strong>ln</strong></span> <span class='ocrx_word' id='word_1_122' title='bbox 682 1477 774 1538; x_wconf 72' lang='lat' dir='ltr'><strong>scarb</strong></span> <span class='ocrx_word' id='word_1_123' title='bbox 801 1495 927 1560; x_wconf 78' lang='lat' dir='ltr'><strong>qnoque.</strong></span> <span class='ocrx_word' id='word_1_124' title='bbox 956 1475 1115 1538; x_wconf 84' lang='lat' dir='ltr'><strong>obtinebat</strong></span> <span class='ocrx_word' id='word_1_125' title='bbox 1134 1479 1261 1540; x_wconf 81' lang='lat' dir='ltr'><strong>Latinus</strong></span> <span class='ocrx_word' id='word_1_126' title='bbox 1281 1499 1382 1540; x_wconf 80' lang='lat' dir='ltr'><strong>ses-rna</strong></span> 
     </span>
     <span class='ocr_line' id='line_1_15' title="bbox 289 1558 1382 1642; baseline 0.005 -25"><span class='ocrx_word' id='word_1_127' title='bbox 289 1558 373 1638; x_wconf 87' lang='lat' dir='ltr'><strong>apud</strong></span> <span class='ocrx_word' id='word_1_128' title='bbox 389 1559 522 1618; x_wconf 85' lang='lat' dir='ltr'><strong>Graecos</strong></span> <span class='ocrx_word' id='word_1_129' title='bbox 542 1561 614 1619; x_wconf 87' lang='lat' dir='ltr'><strong>satis</strong></span> <span class='ocrx_word' id='word_1_130' title='bbox 633 1559 687 1619; x_wconf 88' lang='lat' dir='ltr'><strong>diu</strong></span> <span class='ocrx_word' id='word_1_131' title='bbox 704 1569 823 1642; x_wconf 86' lang='lat' dir='ltr'><strong>partem</strong></span> <span class='ocrx_word' id='word_1_132' title='bbox 843 1558 987 1642; x_wconf 75' lang='lat' dir='ltr'><strong>aliquam.</strong></span> <span class='ocrx_word' id='word_1_133' title='bbox 1010 1559 1218 1622; x_wconf 84' lang='lat' dir='ltr'><strong>Memorabilis</strong></span> <span class='ocrx_word' id='word_1_134' title='bbox 1235 1571 1283 1622; x_wconf 84' lang='lat' dir='ltr'><strong>est</strong></span> <span class='ocrx_word' id='word_1_135' title='bbox 1294 1561 1382 1623; x_wconf 87' lang='lat' dir='ltr'><strong>locus</strong></span> 
     </span>
     <span class='ocr_line' id='line_1_16' title="bbox 289 1639 1380 1727; baseline 0.001 -24"><span class='ocrx_word' id='word_1_136' title='bbox 289 1639 422 1718; x_wconf 75' lang='lat' dir='ltr'><strong>Nicotai,</strong></span> <span class='ocrx_word' id='word_1_137' title='bbox 444 1642 598 1702; x_wconf 87' lang='lat' dir='ltr'><strong>Pantiliais</strong></span> <span class='ocrx_word' id='word_1_138' title='bbox 615 1643 755 1720; x_wconf 86' lang='lat' dir='ltr'><strong>Romani,</strong></span> <span class='ocrx_word' id='word_1_139' title='bbox 774 1644 807 1703; x_wconf 90' lang='lat' dir='ltr'><strong>in</strong></span> <span class='ocrx_word' id='word_1_140' title='bbox 828 1641 954 1725; x_wconf 67' lang='lat' dir='ltr'><strong>epistola</strong></span> <span class='ocrx_word' id='word_1_141' title='bbox 967 1641 1008 1704; x_wconf 84' lang='lat' dir='ltr'><strong>ad</strong></span> <span class='ocrx_word' id='word_1_142' title='bbox 1020 1643 1287 1727; x_wconf 73' lang='lat' dir='ltr'><strong>Micbaielemlmp.</strong></span> <span class='ocrx_word' id='word_1_143' title='bbox 1301 1645 1380 1721; x_wconf 83' lang='lat' dir='ltr'><strong>(rid.</strong></span> 
     </span>
     <span class='ocr_line' id='line_1_17' title="bbox 291 1723 1381 1812; baseline 0.006 -28"><span class='ocrx_word' id='word_1_144' title='bbox 291 1723 345 1784; x_wconf 88' lang='lat' dir='ltr'><strong>Du</strong></span> <span class='ocrx_word' id='word_1_145' title='bbox 366 1725 470 1806; x_wconf 79' lang='lat' dir='ltr'><strong>Gange</strong></span> <span class='ocrx_word' id='word_1_146' title='bbox 493 1747 523 1785; x_wconf 88' lang='lat' dir='ltr'><strong>v.</strong></span> <span class='ocrx_word' id='word_1_147' title='bbox 547 1725 759 1810; x_wconf 72' lang='lat' dir='ltr'><strong>Obseqia&#39;melz</strong></span> <span class='ocrx_word' id='word_1_148' title='bbox 787 1747 852 1786; x_wconf 88' lang='lat' dir='ltr'><strong>ecoe</strong></span> <span class='ocrx_word' id='word_1_149' title='bbox 876 1726 1029 1811; x_wconf 70' lang='lat' dir='ltr'><strong>qimtidre,</strong></span> <span class='ocrx_word' id='word_1_150' title='bbox 1053 1729 1115 1789; x_wconf 82' lang='lat' dir='ltr'><strong>iasa</strong></span> <span class='ocrx_word' id='word_1_151' title='bbox 1136 1749 1210 1789; x_wconf 83' lang='lat' dir='ltr'><strong>aero</strong></span> <span class='ocrx_word' id='word_1_152' title='bbox 1232 1730 1268 1788; x_wconf 86' lang='lat' dir='ltr'><strong>ia</strong></span> <span class='ocrx_word' id='word_1_153' title='bbox 1287 1749 1381 1812; x_wconf 79' lang='lat' dir='ltr'><strong>prae·</strong></span> 
     </span>
     <span class='ocr_line' id='line_1_18' title="bbox 291 1807 1380 1896; baseline 0.006 -29"><span class='ocrx_word' id='word_1_154' title='bbox 291 1809 389 1892; x_wconf 52' lang='lat' dir='ltr'><strong>abac&amp;</strong></span> <span class='ocrx_word' id='word_1_155' title='bbox 420 1810 627 1877; x_wconf 77' lang='lat' dir='ltr'><strong>festivitatibm</strong></span> <span class='ocrx_word' id='word_1_156' title='bbox 653 1811 732 1870; x_wconf 71' lang='lat' dir='ltr'><strong>mter</strong></span> <span class='ocrx_word' id='word_1_157' title='bbox 752 1807 901 1870; x_wconf 83' lang='lat' dir='ltr'><strong>Graecam</strong></span> <span class='ocrx_word' id='word_1_158' title='bbox 931 1811 1089 1891; x_wconf 67' lang='lat' dir='ltr'><strong>langaran,</strong></span> <span class='ocrx_word' id='word_1_159' title='bbox 1117 1812 1215 1872; x_wconf 70' lang='lat' dir='ltr'><strong>sebia</strong></span> <span class='ocrx_word' id='word_1_160' title='bbox 1231 1809 1380 1896; x_wconf 62' lang='lat' dir='ltr'><strong>quidda</strong></span> 
     </span>
     <span class='ocr_line' id='line_1_19' title="bbox 287 1889 1381 1978; baseline 0.003 -27"><span class='ocrx_word' id='word_1_161' title='bbox 287 1893 476 1974; x_wconf 73' lang='lat' dir='ltr'><strong>pretiosam,</strong></span> <span class='ocrx_word' id='word_1_162' title='bbox 515 1894 591 1952; x_wconf 72' lang='lat' dir='ltr'><strong>tam</strong></span> <span class='ocrx_word' id='word_1_163' title='bbox 615 1889 804 1976; x_wconf 82' lang='lat' dir='ltr'><strong>[Latinam]</strong></span> <span class='ocrx_word' id='word_1_164' title='bbox 840 1913 934 1978; x_wconf 85' lang='lat' dir='ltr'><strong>quam</strong></span> <span class='ocrx_word' id='word_1_165' title='bbox 960 1893 1122 1954; x_wconf 83' lang='lat' dir='ltr'><strong>barbaram</strong></span> <span class='ocrx_word' id='word_1_166' title='bbox 1153 1907 1183 1954; x_wconf 84' lang='lat' dir='ltr'><strong>et</strong></span> <span class='ocrx_word' id='word_1_167' title='bbox 1207 1893 1381 1972; x_wconf 61' lang='lat' dir='ltr'><strong>Sqalim</strong></span> 
     </span>
     <span class='ocr_line' id='line_1_20' title="bbox 292 1974 1378 2062; baseline 0.003 -28"><span class='ocrx_word' id='word_1_168' title='bbox 292 1974 428 2056; x_wconf 64' lang='lat' dir='ltr'><strong>tagram</strong></span> <span class='ocrx_word' id='word_1_169' title='bbox 440 1976 613 2059; x_wconf 71' lang='lat' dir='ltr'><strong>appellatas,</strong></span> <span class='ocrx_word' id='word_1_170' title='bbox 638 1977 805 2054; x_wconf 78' lang='lat' dir='ltr'><strong>miscentes,</strong></span> <span class='ocrx_word' id='word_1_171' title='bbox 826 1978 916 2062; x_wconf 84' lang='lat' dir='ltr'><strong>quasi</strong></span> <span class='ocrx_word' id='word_1_172' title='bbox 927 1976 1136 2038; x_wconf 72' lang='lat' dir='ltr'><strong>mmudoeon·</strong></span> <span class='ocrx_word' id='word_1_173' title='bbox 1153 1978 1378 2056; x_wconf 66' lang='lat' dir='ltr'><strong>omaufaaitia</strong></span> 
     </span>
     <span class='ocr_line' id='line_1_21' title="bbox 291 2055 1381 2143; baseline 0.003 -26"><span class='ocrx_word' id='word_1_174' title='bbox 291 2060 391 2118; x_wconf 70' lang='lat' dir='ltr'><strong>sileae</strong></span> <span class='ocrx_word' id='word_1_175' title='bbox 413 2059 505 2118; x_wconf 71' lang='lat' dir='ltr'><strong>etiam</strong></span> <span class='ocrx_word' id='word_1_176' title='bbox 525 2061 559 2118; x_wconf 87' lang='lat' dir='ltr'><strong>in</strong></span> <span class='ocrx_word' id='word_1_177' title='bbox 581 2060 686 2119; x_wconf 67' lang='lat' dir='ltr'><strong>vestm</strong></span> <span class='ocrx_word' id='word_1_178' title='bbox 704 2055 812 2139; x_wconf 77' lang='lat' dir='ltr'><strong>officiis</strong></span> <span class='ocrx_word' id='word_1_179' title='bbox 830 2072 861 2120; x_wconf 83' lang='lat' dir='ltr'><strong>et</strong></span> <span class='ocrx_word' id='word_1_180' title='bbox 884 2059 1028 2143; x_wconf 78' lang='lat' dir='ltr'><strong>obseqtriis</strong></span> <span class='ocrx_word' id='word_1_181' title='bbox 1053 2081 1114 2122; x_wconf 86' lang='lat' dir='ltr'><strong>nan</strong></span> <span class='ocrx_word' id='word_1_182' title='bbox 1136 2061 1287 2137; x_wconf 75' lang='lat' dir='ltr'><strong>stamiri3</strong></span> <span class='ocrx_word' id='word_1_183' title='bbox 1307 2060 1381 2120; x_wconf 67' lang='lat' dir='ltr'><strong>bun</strong></span> 
     </span>
     <span class='ocr_line' id='line_1_22' title="bbox 290 2139 1384 2224; baseline 0 -20"><span class='ocrx_word' id='word_1_184' title='bbox 290 2139 405 2204; x_wconf 76' lang='lat' dir='ltr'><strong>Leonis</strong></span> <span class='ocrx_word' id='word_1_185' title='bbox 429 2141 489 2201; x_wconf 79' lang='lat' dir='ltr'><strong>lx.</strong></span> <span class='ocrx_word' id='word_1_186' title='bbox 513 2140 612 2222; x_wconf 85' lang='lat' dir='ltr'><strong>Epist.</strong></span> <span class='ocrx_word' id='word_1_187' title='bbox 638 2141 667 2202; x_wconf 87' lang='lat' dir='ltr'><strong>l.</strong></span> <span class='ocrx_word' id='word_1_188' title='bbox 695 2163 724 2203; x_wconf 88' lang='lat' dir='ltr'><strong>c.</strong></span> <span class='ocrx_word' id='word_1_189' title='bbox 754 2141 805 2204; x_wconf 71' lang='lat' dir='ltr'><strong>ab.</strong></span> <span class='ocrx_word' id='word_1_190' title='bbox 846 2142 887 2203; x_wconf 88' lang='lat' dir='ltr'><strong>ad</strong></span> <span class='ocrx_word' id='word_1_191' title='bbox 914 2141 1117 2224; x_wconf 78' lang='lat' dir='ltr'><strong>patriarcham</strong></span> <span class='ocrx_word' id='word_1_192' title='bbox 1137 2142 1318 2204; x_wconf 80' lang='lat' dir='ltr'><strong>CPtanume</strong></span> <span class='ocrx_word' id='word_1_193' title='bbox 1338 2143 1384 2204; x_wconf 80' lang='lat' dir='ltr'><strong>ad</strong></span> 
     </span>
     <span class='ocr_line' id='line_1_23' title="bbox 291 2224 1383 2308; baseline 0.005 -26"><span class='ocrx_word' id='word_1_194' title='bbox 291 2224 369 2308; x_wconf 79' lang='lat' dir='ltr'><strong>quil</strong></span> <span class='ocrx_word' id='word_1_195' title='bbox 385 2237 483 2284; x_wconf 73' lang='lat' dir='ltr'><strong>aesna</strong></span> <span class='ocrx_word' id='word_1_196' title='bbox 503 2224 685 2307; x_wconf 76' lang='lat' dir='ltr'><strong>Imperatori</strong></span> <span class='ocrx_word' id='word_1_197' title='bbox 702 2225 831 2287; x_wconf 78' lang='lat' dir='ltr'><strong>Latinae</strong></span> <span class='ocrx_word' id='word_1_198' title='bbox 851 2225 974 2305; x_wconf 69' lang='lat' dir='ltr'><strong>mades,</strong></span> <span class='ocrx_word' id='word_1_199' title='bbox 1006 2239 1036 2288; x_wconf 82' lang='lat' dir='ltr'><strong>et</strong></span> <span class='ocrx_word' id='word_1_200' title='bbox 1053 2228 1087 2287; x_wconf 78' lang='lat' dir='ltr'><strong>in</strong></span> <span class='ocrx_word' id='word_1_201' title='bbox 1107 2227 1230 2287; x_wconf 77' lang='lat' dir='ltr'><strong>eoelesia</strong></span> <span class='ocrx_word' id='word_1_202' title='bbox 1256 2225 1383 2288; x_wconf 72' lang='lat' dir='ltr'><strong>Gmaat&#39;s</strong></span> 
     </span>
     <span class='ocr_line' id='line_1_24' title="bbox 293 2306 1384 2389; baseline 0.005 -23"><span class='ocrx_word' id='word_1_203' title='bbox 293 2309 454 2367; x_wconf 68' lang='lat' dir='ltr'><strong>uastam</strong></span> <span class='ocrx_word' id='word_1_204' title='bbox 472 2306 599 2366; x_wconf 80' lang='lat' dir='ltr'><strong>Latinae</strong></span> <span class='ocrx_word' id='word_1_205' title='bbox 617 2308 765 2370; x_wconf 72' lang='lat' dir='ltr'><strong>lamiam.</strong></span> <span class='ocrx_word' id='word_1_206' title='bbox 808 2307 931 2370; x_wconf 86' lang='lat' dir='ltr'><strong>Scilicet</strong></span> <span class='ocrx_word' id='word_1_207' title='bbox 949 2307 1093 2370; x_wconf 77' lang='lat' dir='ltr'><strong>volebant</strong></span> <span class='ocrx_word' id='word_1_208' title='bbox 1112 2329 1149 2371; x_wconf 90' lang='lat' dir='ltr'><strong>eo</strong></span> <span class='ocrx_word' id='word_1_209' title='bbox 1168 2309 1329 2389; x_wconf 83' lang='lat' dir='ltr'><strong>indicare,</strong></span> <span class='ocrx_word' id='word_1_210' title='bbox 1350 2330 1384 2371; x_wconf 85' lang='lat' dir='ltr'><strong>se</strong></span> 
     </span>
     <span class='ocr_line' id='line_1_25' title="bbox 294 2387 1385 2474; baseline 0.004 -24"><span class='ocrx_word' id='word_1_211' title='bbox 294 2410 367 2450; x_wconf 83' lang='lat' dir='ltr'><strong>cnm</strong></span> <span class='ocrx_word' id='word_1_212' title='bbox 387 2387 511 2452; x_wconf 75' lang='lat' dir='ltr'><strong>ecclesia</strong></span> <span class='ocrx_word' id='word_1_213' title='bbox 531 2389 640 2450; x_wconf 86' lang='lat' dir='ltr'><strong>Latina</strong></span> <span class='ocrx_word' id='word_1_214' title='bbox 660 2393 764 2452; x_wconf 90' lang='lat' dir='ltr'><strong>unitos</strong></span> <span class='ocrx_word' id='word_1_215' title='bbox 783 2411 882 2452; x_wconf 84' lang='lat' dir='ltr'><strong>unum</strong></span> <span class='ocrx_word' id='word_1_216' title='bbox 902 2413 1031 2474; x_wconf 83' lang='lat' dir='ltr'><strong>corpus,</strong></span> <span class='ocrx_word' id='word_1_217' title='bbox 1059 2413 1155 2454; x_wconf 89' lang='lat' dir='ltr'><strong>unum</strong></span> <span class='ocrx_word' id='word_1_218' title='bbox 1175 2403 1297 2453; x_wconf 79' lang='lat' dir='ltr'><strong>ooetnnr</strong></span> <span class='ocrx_word' id='word_1_219' title='bbox 1316 2390 1385 2454; x_wconf 82' lang='lat' dir='ltr'><strong>effi·</strong></span> 
     </span>
     <span class='ocr_line' id='line_1_26' title="bbox 293 2471 1383 2558; baseline 0.006 -25"><span class='ocrx_word' id='word_1_220' title='bbox 293 2491 373 2539; x_wconf 84' lang='lat' dir='ltr'><strong>aere.</strong></span> <span class='ocrx_word' id='word_1_221' title='bbox 427 2471 518 2533; x_wconf 87' lang='lat' dir='ltr'><strong>Paria</strong></span> <span class='ocrx_word' id='word_1_222' title='bbox 544 2494 666 2556; x_wconf 87' lang='lat' dir='ltr'><strong>quoque</strong></span> <span class='ocrx_word' id='word_1_223' title='bbox 691 2475 794 2536; x_wconf 88' lang='lat' dir='ltr'><strong>Latini</strong></span> <span class='ocrx_word' id='word_1_224' title='bbox 823 2475 973 2536; x_wconf 81' lang='lat' dir='ltr'><strong>iaciebant</strong></span> <span class='ocrx_word' id='word_1_225' title='bbox 998 2473 1074 2537; x_wconf 86' lang='lat' dir='ltr'><strong>olim</strong></span> <span class='ocrx_word' id='word_1_226' title='bbox 1104 2475 1240 2558; x_wconf 82' lang='lat' dir='ltr'><strong>qnidam,</strong></span> <span class='ocrx_word' id='word_1_227' title='bbox 1263 2485 1383 2558; x_wconf 69' lang='lat' dir='ltr'><strong>paam</strong></span> 
     </span>
     <span class='ocr_line' id='line_1_27' title="bbox 293 2554 1384 2624; baseline 0.003 -7"><span class='ocrx_word' id='word_1_228' title='bbox 293 2555 357 2617; x_wconf 86' lang='lat' dir='ltr'><strong>suis</strong></span> <span class='ocrx_word' id='word_1_229' title='bbox 376 2554 409 2617; x_wconf 91' lang='lat' dir='ltr'><strong>in</strong></span> <span class='ocrx_word' id='word_1_230' title='bbox 429 2558 522 2617; x_wconf 89' lang='lat' dir='ltr'><strong>sacris</strong></span> <span class='ocrx_word' id='word_1_231' title='bbox 541 2559 659 2618; x_wconf 84' lang='lat' dir='ltr'><strong>Graeco</strong></span> <span class='ocrx_word' id='word_1_232' title='bbox 685 2559 817 2620; x_wconf 82' lang='lat' dir='ltr'><strong>sermoni</strong></span> <span class='ocrx_word' id='word_1_233' title='bbox 845 2559 976 2620; x_wconf 82' lang='lat' dir='ltr'><strong>vicissim</strong></span> <span class='ocrx_word' id='word_1_234' title='bbox 995 2558 1172 2620; x_wconf 72' lang='lat' dir='ltr'><strong>nibnentes.</strong></span> <span class='ocrx_word' id='word_1_235' title='bbox 1212 2559 1291 2624; x_wconf 83' lang='lat' dir='ltr'><strong>Vid.</strong></span> <span class='ocrx_word' id='word_1_236' title='bbox 1306 2561 1384 2620; x_wconf 80' lang='lat' dir='ltr'><strong>seri-</strong></span> 
     </span>
     <span class='ocr_line' id='line_1_28' title="bbox 315 2639 1384 2724; baseline 0.003 -25"><span class='ocrx_word' id='word_1_237' title='bbox 315 2648 384 2698; x_wconf 85' lang='lat' dir='ltr'><strong>tnm</strong></span> <span class='ocrx_word' id='word_1_238' title='bbox 410 2649 500 2700; x_wconf 80' lang='lat' dir='ltr'><strong>vetus</strong></span> <span class='ocrx_word' id='word_1_239' title='bbox 526 2639 566 2700; x_wconf 89' lang='lat' dir='ltr'><strong>de</strong></span> <span class='ocrx_word' id='word_1_240' title='bbox 593 2640 730 2724; x_wconf 73' lang='lat' dir='ltr'><strong>liturgia</strong></span> <span class='ocrx_word' id='word_1_241' title='bbox 757 2641 873 2703; x_wconf 87' lang='lat' dir='ltr'><strong>Gallica</strong></span> <span class='ocrx_word' id='word_1_242' title='bbox 894 2641 975 2724; x_wconf 82' lang='lat' dir='ltr'><strong>apud</strong></span> <span class='ocrx_word' id='word_1_243' title='bbox 996 2644 1134 2703; x_wconf 85' lang='lat' dir='ltr'><strong>Martene</strong></span> <span class='ocrx_word' id='word_1_244' title='bbox 1153 2643 1192 2708; x_wconf 89' lang='lat' dir='ltr'><strong>T.</strong></span> <span class='ocrx_word' id='word_1_245' title='bbox 1208 2643 1235 2709; x_wconf 93' lang='lat' dir='ltr'><strong>l.</strong></span> <span class='ocrx_word' id='word_1_246' title='bbox 1254 2642 1384 2702; x_wconf 84' lang='lat' dir='ltr'><strong>Ritnnm</strong></span> 
     </span>
     <span class='ocr_line' id='line_1_29' title="bbox 293 2657 1383 2809; baseline 0 -23"><span class='ocrx_word' id='word_1_247' title='bbox 293 2657 497 2786; x_wconf 56' lang='lat' dir='ltr'><strong>bedsaiamic.</strong></span> <span class='ocrx_word' id='word_1_248' title='bbox 516 2744 548 2804; x_wconf 92' lang='lat' dir='ltr'><strong>p.</strong></span> <span class='ocrx_word' id='word_1_249' title='bbox 563 2720 655 2801; x_wconf 58' lang='grc' dir='ltr'><strong>Μ,</strong></span> <span class='ocrx_word' id='word_1_250' title='bbox 681 2726 736 2785; x_wconf 88' lang='lat' dir='ltr'><strong>ubi</strong></span> <span class='ocrx_word' id='word_1_251' title='bbox 765 2728 844 2784; x_wconf 89' lang='lat' dir='ltr'><strong>inter</strong></span> <span class='ocrx_word' id='word_1_252' title='bbox 863 2723 923 2786; x_wconf 86' lang='lat' dir='ltr'><strong>alia</strong></span> <span class='ocrx_word' id='word_1_253' title='bbox 943 2724 1018 2784; x_wconf 87' lang='lat' dir='ltr'><strong>baec</strong></span> <span class='ocrx_word' id='word_1_254' title='bbox 1039 2723 1205 2808; x_wconf 78' lang='lat' dir='ltr'><strong>leguntur:</strong></span> <span class='ocrx_word' id='word_1_255' title='bbox 1237 2728 1305 2804; x_wconf 80' lang='lat' dir='ltr'><strong>ajus</strong></span> <span class='ocrx_word' id='word_1_256' title='bbox 1331 2723 1383 2809; x_wconf 80' lang='lat' dir='ltr'><strong>[ia</strong></span> 
     </span>
     <span class='ocr_line' id='line_1_30' title="bbox 293 2797 1386 2893; baseline 0.002 -27"><span class='ocrx_word' id='word_1_257' title='bbox 293 2817 341 2867; x_wconf 83' lang='lat' dir='ltr'><strong>est</strong></span> <span class='ocrx_word' id='word_1_258' title='bbox 369 2797 473 2890; x_wconf 74' lang='grc' dir='ltr'>ἅγιος]</span> <span class='ocrx_word' id='word_1_259' title='bbox 501 2827 575 2867; x_wconf 82' lang='lat' dir='ltr'><strong>vera</strong></span> <span class='ocrx_word' id='word_1_260' title='bbox 599 2821 669 2868; x_wconf 87' lang='lat' dir='ltr'><strong>ante</strong></span> <span class='ocrx_word' id='word_1_261' title='bbox 696 2810 870 2893; x_wconf 80' lang='lat' dir='ltr'><strong>prophetias</strong></span> <span class='ocrx_word' id='word_1_262' title='bbox 889 2829 949 2892; x_wconf 84' lang='lat' dir='ltr'><strong>pra</strong></span> <span class='ocrx_word' id='word_1_263' title='bbox 976 2812 1031 2868; x_wconf 77' lang='lat' dir='ltr'><strong>lios</strong></span> <span class='ocrx_word' id='word_1_264' title='bbox 1049 2821 1186 2868; x_wconf 77' lang='lat' dir='ltr'><strong>aaraaacr</strong></span> <span class='ocrx_word' id='word_1_265' title='bbox 1205 2810 1240 2868; x_wconf 88' lang='lat' dir='ltr'><strong>in</strong></span> <span class='ocrx_word' id='word_1_266' title='bbox 1263 2810 1386 2869; x_wconf 77' lang='lat' dir='ltr'><strong>Graeca</strong></span> 
     </span>
     <span class='ocr_line' id='line_1_31' title="bbox 293 2889 1384 2975; baseline 0.002 -26"><span class='ocrx_word' id='word_1_267' title='bbox 293 2889 420 2971; x_wconf 62' lang='lat' dir='ltr'><strong>hagam,</strong></span> <span class='ocrx_word' id='word_1_268' title='bbox 449 2892 521 2975; x_wconf 73' lang='lat' dir='ltr'><strong>quta</strong></span> <span class='ocrx_word' id='word_1_269' title='bbox 536 2890 723 2974; x_wconf 66' lang='lat' dir='ltr'><strong>praedicatio</strong></span> <span class='ocrx_word' id='word_1_270' title='bbox 742 2893 818 2953; x_wconf 80' lang='lat' dir='ltr'><strong>novi</strong></span> <span class='ocrx_word' id='word_1_271' title='bbox 837 2892 1002 2951; x_wconf 61' lang='lat' dir='ltr'><strong>lecturienti</strong></span> <span class='ocrx_word' id='word_1_272' title='bbox 1018 2893 1051 2950; x_wconf 89' lang='lat' dir='ltr'><strong>in</strong></span> <span class='ocrx_word' id='word_1_273' title='bbox 1070 2891 1181 2963; x_wconf 75' lang='lat' dir='ltr'><strong>menda</strong></span> <span class='ocrx_word' id='word_1_274' title='bbox 1197 2911 1257 2972; x_wconf 81' lang='lat' dir='ltr'><strong>per</strong></span> <span class='ocrx_word' id='word_1_275' title='bbox 1284 2891 1384 2951; x_wconf 81' lang='lat' dir='ltr'><strong>Grae·</strong></span> 
     </span>
     <span class='ocr_line' id='line_1_32' title="bbox 293 2972 1386 3057; baseline 0.002 -25"><span class='ocrx_word' id='word_1_276' title='bbox 293 2994 362 3032; x_wconf 89' lang='lat' dir='ltr'><strong>cam</strong></span> <span class='ocrx_word' id='word_1_277' title='bbox 382 2973 518 3053; x_wconf 71' lang='lat' dir='ltr'><strong>Hagimm</strong></span> <span class='ocrx_word' id='word_1_278' title='bbox 532 2975 676 3057; x_wconf 75' lang='lat' dir='ltr'><strong>processit</strong></span> <span class='ocrx_word' id='word_1_279' title='bbox 692 2987 752 3041; x_wconf 85' lang='lat' dir='ltr'><strong>etc.</strong></span> <span class='ocrx_word' id='word_1_280' title='bbox 772 2973 948 3035; x_wconf 82' lang='lat' dir='ltr'><strong>Anastasius</strong></span> <span class='ocrx_word' id='word_1_281' title='bbox 964 2975 995 3034; x_wconf 92' lang='lat' dir='ltr'><strong>in</strong></span> <span class='ocrx_word' id='word_1_282' title='bbox 1008 2972 1169 3034; x_wconf 83' lang='lat' dir='ltr'><strong>Benedicta</strong></span> <span class='ocrx_word' id='word_1_283' title='bbox 1189 2975 1267 3034; x_wconf 87' lang='lat' dir='ltr'><strong>lll.=</strong></span> <span class='ocrx_word' id='word_1_284' title='bbox 1284 2974 1386 3034; x_wconf 82' lang='lat' dir='ltr'><strong>Grae-</strong></span> 
     </span>
     <span class='ocr_line' id='line_1_33' title="bbox 293 3055 1387 3143; baseline 0.001 -28"><span class='ocrx_word' id='word_1_285' title='bbox 293 3077 345 3115; x_wconf 90' lang='lat' dir='ltr'><strong>cas</strong></span> <span class='ocrx_word' id='word_1_286' title='bbox 363 3068 393 3116; x_wconf 87' lang='lat' dir='ltr'><strong>et</strong></span> <span class='ocrx_word' id='word_1_287' title='bbox 417 3057 542 3116; x_wconf 69' lang='lat' dir='ltr'><strong>Latinas</strong></span> <span class='ocrx_word' id='word_1_288' title='bbox 569 3059 722 3133; x_wconf 68' lang='lat' dir='ltr'><strong>acuam,</strong></span> <span class='ocrx_word' id='word_1_289' title='bbox 750 3079 824 3143; x_wconf 79' lang='lat' dir='ltr'><strong>qseas</strong></span> <span class='ocrx_word' id='word_1_290' title='bbox 843 3057 893 3116; x_wconf 86' lang='lat' dir='ltr'><strong>die</strong></span> <span class='ocrx_word' id='word_1_291' title='bbox 913 3055 1043 3118; x_wconf 80' lang='lat' dir='ltr'><strong>Sabbata</strong></span> <span class='ocrx_word' id='word_1_292' title='bbox 1064 3070 1165 3117; x_wconf 76' lang='lat' dir='ltr'><strong>sanata</strong></span> <span class='ocrx_word' id='word_1_293' title='bbox 1186 3057 1323 3121; x_wconf 56' lang='lat' dir='ltr'><strong>Paratae</strong></span> <span class='ocrx_word' id='word_1_294' title='bbox 1341 3060 1387 3116; x_wconf 83' lang='lat' dir='ltr'><strong>si-</strong></span> 
     </span>
     <span class='ocr_line' id='line_1_34' title="bbox 296 3139 1385 3222; baseline 0 -24"><span class='ocrx_word' id='word_1_295' title='bbox 296 3140 414 3221; x_wconf 80' lang='lat' dir='ltr'><strong>mulque</strong></span> <span class='ocrx_word' id='word_1_296' title='bbox 427 3153 568 3201; x_wconf 86' lang='lat' dir='ltr'><strong>etsancto</strong></span> <span class='ocrx_word' id='word_1_297' title='bbox 584 3139 766 3200; x_wconf 85' lang='lat' dir='ltr'><strong>Pentecostes</strong></span> <span class='ocrx_word' id='word_1_298' title='bbox 776 3140 948 3201; x_wconf 76' lang='lat' dir='ltr'><strong>subdiaconi</strong></span> <span class='ocrx_word' id='word_1_299' title='bbox 966 3140 1064 3222; x_wconf 76' lang='lat' dir='ltr'><strong>legem</strong></span> <span class='ocrx_word' id='word_1_300' title='bbox 1086 3140 1170 3200; x_wconf 67' lang='lat' dir='ltr'><strong>salia</strong></span> <span class='ocrx_word' id='word_1_301' title='bbox 1196 3154 1273 3204; x_wconf 76' lang='lat' dir='ltr'><strong>aem.</strong></span> <span class='ocrx_word' id='word_1_302' title='bbox 1297 3139 1385 3199; x_wconf 85' lang='lat' dir='ltr'><strong>ldem</strong></span> 
     </span>
     <span class='ocr_line' id='line_1_35' title="bbox 294 3222 1386 3309; baseline 0.002 -29"><span class='ocrx_word' id='word_1_303' title='bbox 294 3222 328 3280; x_wconf 92' lang='lat' dir='ltr'><strong>in</strong></span> <span class='ocrx_word' id='word_1_304' title='bbox 349 3222 452 3283; x_wconf 87' lang='lat' dir='ltr'><strong>Leone</strong></span> <span class='ocrx_word' id='word_1_305' title='bbox 473 3223 531 3286; x_wconf 94' lang='lat' dir='ltr'><strong>lll.</strong></span> <span class='ocrx_word' id='word_1_306' title='bbox 552 3223 591 3283; x_wconf 89' lang='lat' dir='ltr'><strong>de</strong></span> <span class='ocrx_word' id='word_1_307' title='bbox 611 3223 675 3304; x_wconf 87' lang='lat' dir='ltr'><strong>ipso</strong></span> <span class='ocrx_word' id='word_1_308' title='bbox 691 3222 765 3283; x_wconf 87' lang='lat' dir='ltr'><strong>hoec</strong></span> <span class='ocrx_word' id='word_1_309' title='bbox 786 3233 914 3284; x_wconf 84' lang='lat' dir='ltr'><strong>narrat:</strong></span> <span class='ocrx_word' id='word_1_310' title='bbox 946 3224 995 3283; x_wconf 78' lang='lat' dir='ltr'><strong>lac</strong></span> <span class='ocrx_word' id='word_1_311' title='bbox 1019 3243 1080 3309; x_wconf 79' lang='lat' dir='ltr'><strong>pru</strong></span> <span class='ocrx_word' id='word_1_312' title='bbox 1114 3241 1199 3283; x_wconf 80' lang='lat' dir='ltr'><strong>mare</strong></span> <span class='ocrx_word' id='word_1_313' title='bbox 1218 3235 1248 3282; x_wconf 81' lang='lat' dir='ltr'><strong>et</strong></span> <span class='ocrx_word' id='word_1_314' title='bbox 1266 3223 1386 3283; x_wconf 70' lang='grc' dir='ltr'><strong>αωιεὶα</strong></span> 
     </span>
     <span class='ocr_line' id='line_1_36' title="bbox 293 3305 1384 3391; baseline -0.001 -26"><span class='ocrx_word' id='word_1_315' title='bbox 293 3305 481 3366; x_wconf 74' lang='lat' dir='ltr'><strong>orthodoxae</strong></span> <span class='ocrx_word' id='word_1_316' title='bbox 486 3305 573 3390; x_wconf 82' lang='lat' dir='ltr'><strong>fidei</strong></span> <span class='ocrx_word' id='word_1_317' title='bbox 577 3309 661 3386; x_wconf 71' lang='lat' dir='ltr'><strong>fica</strong></span> <span class='ocrx_word' id='word_1_318' title='bbox 677 3320 760 3366; x_wconf 75' lang='lat' dir='ltr'><strong>screto</strong></span> <span class='ocrx_word' id='word_1_319' title='bbox 779 3320 918 3387; x_wconf 81' lang='lat' dir='ltr'><strong>argentea</strong></span> <span class='ocrx_word' id='word_1_320' title='bbox 928 3305 1008 3382; x_wconf 85' lang='lat' dir='ltr'><strong>dac,</strong></span> <span class='ocrx_word' id='word_1_321' title='bbox 1030 3306 1143 3388; x_wconf 67' lang='lat' dir='ltr'><strong>scripta</strong></span> <span class='ocrx_word' id='word_1_322' title='bbox 1155 3319 1279 3391; x_wconf 75' lang='lat' dir='ltr'><strong>mmqroe</strong></span> <span class='ocrx_word' id='word_1_323' title='bbox 1292 3305 1384 3384; x_wconf 69' lang='lat' dir='ltr'><strong>Sym</strong></span> 
     </span>
     <span class='ocr_line' id='line_1_37' title="bbox 294 3387 1390 3474; baseline 0 -26"><span class='ocrx_word' id='word_1_324' title='bbox 294 3388 361 3448; x_wconf 81' lang='lat' dir='ltr'><strong>bolo</strong></span> <span class='ocrx_word' id='word_1_325' title='bbox 383 3387 514 3472; x_wconf 85' lang='lat' dir='ltr'><strong>[nempe</strong></span> <span class='ocrx_word' id='word_1_326' title='bbox 534 3387 649 3472; x_wconf 78' lang='lat' dir='ltr'><strong>fidei]‚</strong></span> <span class='ocrx_word' id='word_1_327' title='bbox 670 3411 759 3449; x_wconf 79' lang='lat' dir='ltr'><strong>mmm</strong></span> <span class='ocrx_word' id='word_1_328' title='bbox 791 3387 910 3474; x_wconf 75' lang='lat' dir='ltr'><strong>qariiem</strong></span> <span class='ocrx_word' id='word_1_329' title='bbox 936 3388 1040 3448; x_wconf 81' lang='lat' dir='ltr'><strong>litteris</strong></span> <span class='ocrx_word' id='word_1_330' title='bbox 1061 3388 1212 3466; x_wconf 80' lang='lat' dir='ltr'><strong>Graecis,</strong></span> <span class='ocrx_word' id='word_1_331' title='bbox 1242 3401 1274 3450; x_wconf 91' lang='lat' dir='ltr'><strong>et</strong></span> <span class='ocrx_word' id='word_1_332' title='bbox 1300 3387 1390 3448; x_wconf 74' lang='lat' dir='ltr'><strong>aliid</strong></span> 
     </span>
     <span class='ocr_line' id='line_1_38' title="bbox 294 3471 1387 3569; baseline -0.001 -37"><span class='ocrx_word' id='word_1_333' title='bbox 294 3471 434 3549; x_wconf 64' lang='grc' dir='ltr'><strong>Δατὺιιὲς,</strong></span> <span class='ocrx_word' id='word_1_334' title='bbox 455 3473 587 3533; x_wconf 85' lang='lat' dir='ltr'><strong>sedentia</strong></span> <span class='ocrx_word' id='word_1_335' title='bbox 623 3474 736 3533; x_wconf 77' lang='lat' dir='ltr'><strong>dextra</strong></span> <span class='ocrx_word' id='word_1_336' title='bbox 769 3472 912 3569; x_wconf 65' lang='lat' dir='ltr'><strong>laesampae</strong></span> <span class='ocrx_word' id='word_1_337' title='bbox 939 3491 1029 3554; x_wconf 80' lang='lat' dir='ltr'><strong>super</strong></span> <span class='ocrx_word' id='word_1_338' title='bbox 1057 3472 1217 3551; x_wconf 76' lang='lat' dir='ltr'><strong>ingressum</strong></span> <span class='ocrx_word' id='word_1_339' title='bbox 1242 3473 1387 3556; x_wconf 69' lang='grc' dir='ltr'><strong>ωφοιίς.</strong></span> 
     </span>
     <span class='ocr_line' id='line_1_39' title="bbox 295 3552 1387 3636; baseline 0 -22"><span class='ocrx_word' id='word_1_340' title='bbox 295 3553 379 3634; x_wconf 87' lang='lat' dir='ltr'><strong>Ergo</strong></span> <span class='ocrx_word' id='word_1_341' title='bbox 399 3576 465 3615; x_wconf 87' lang='lat' dir='ltr'><strong>mos</strong></span> <span class='ocrx_word' id='word_1_342' title='bbox 500 3566 565 3615; x_wconf 83' lang='lat' dir='ltr'><strong>erat</strong></span> <span class='ocrx_word' id='word_1_343' title='bbox 590 3556 622 3614; x_wconf 90' lang='lat' dir='ltr'><strong>in</strong></span> <span class='ocrx_word' id='word_1_344' title='bbox 651 3555 783 3616; x_wconf 85' lang='lat' dir='ltr'><strong>ecclesiis</strong></span> <span class='ocrx_word' id='word_1_345' title='bbox 802 3553 919 3614; x_wconf 79' lang='lat' dir='ltr'><strong>Latinis</strong></span> <span class='ocrx_word' id='word_1_346' title='bbox 949 3552 1122 3635; x_wconf 81' lang='lat' dir='ltr'><strong>symbolum</strong></span> <span class='ocrx_word' id='word_1_347' title='bbox 1152 3552 1223 3614; x_wconf 79' lang='lat' dir='ltr'><strong>fidei</strong></span> <span class='ocrx_word' id='word_1_348' title='bbox 1254 3565 1387 3636; x_wconf 81' lang='lat' dir='ltr'><strong>utraque</strong></span> 
     </span>
     <span class='ocr_line' id='line_1_40' title="bbox 294 3633 1388 3720; baseline 0.001 -23"><span class='ocrx_word' id='word_1_349' title='bbox 294 3633 400 3716; x_wconf 83' lang='lat' dir='ltr'><strong>lingua</strong></span> <span class='ocrx_word' id='word_1_350' title='bbox 420 3641 565 3719; x_wconf 78' lang='lat' dir='ltr'><strong>scripturn</strong></span> <span class='ocrx_word' id='word_1_351' title='bbox 586 3637 751 3720; x_wconf 80' lang='lat' dir='ltr'><strong>grandibus</strong></span> <span class='ocrx_word' id='word_1_352' title='bbox 770 3637 876 3699; x_wconf 81' lang='lat' dir='ltr'><strong>litteris</strong></span> <span class='ocrx_word' id='word_1_353' title='bbox 896 3638 928 3697; x_wconf 93' lang='lat' dir='ltr'><strong>in</strong></span> <span class='ocrx_word' id='word_1_354' title='bbox 950 3639 1043 3697; x_wconf 86' lang='lat' dir='ltr'><strong>scutis</strong></span> <span class='ocrx_word' id='word_1_355' title='bbox 1062 3635 1170 3718; x_wconf 83' lang='lat' dir='ltr'><strong>ligneis</strong></span> <span class='ocrx_word' id='word_1_356' title='bbox 1184 3635 1234 3697; x_wconf 84' lang='lat' dir='ltr'><strong>rel</strong></span> <span class='ocrx_word' id='word_1_357' title='bbox 1251 3657 1388 3698; x_wconf 76' lang='lat' dir='ltr'><strong>marano-</strong></span> 
     </span>
     <span class='ocr_line' id='line_1_41' title="bbox 294 3718 1390 3803; baseline 0.001 -24"><span class='ocrx_word' id='word_1_358' title='bbox 294 3721 354 3779; x_wconf 87' lang='lat' dir='ltr'><strong>reis</strong></span> <span class='ocrx_word' id='word_1_359' title='bbox 366 3718 480 3782; x_wconf 85' lang='lat' dir='ltr'><strong>tabulis</strong></span> <span class='ocrx_word' id='word_1_360' title='bbox 494 3721 673 3803; x_wconf 85' lang='lat' dir='ltr'><strong>exponendi.</strong></span> <span class='ocrx_word' id='word_1_361' title='bbox 714 3721 841 3803; x_wconf 88' lang='lat' dir='ltr'><strong>Saepius</strong></span> <span class='ocrx_word' id='word_1_362' title='bbox 862 3723 976 3782; x_wconf 83' lang='lat' dir='ltr'><strong>mentio</strong></span> <span class='ocrx_word' id='word_1_363' title='bbox 996 3720 1031 3779; x_wconf 88' lang='lat' dir='ltr'><strong>lit</strong></span> <span class='ocrx_word' id='word_1_364' title='bbox 1050 3721 1082 3778; x_wconf 92' lang='lat' dir='ltr'><strong>in</strong></span> <span class='ocrx_word' id='word_1_365' title='bbox 1105 3720 1225 3780; x_wconf 78' lang='lat' dir='ltr'><strong>Online</strong></span> <span class='ocrx_word' id='word_1_366' title='bbox 1247 3722 1390 3781; x_wconf 81' lang='lat' dir='ltr'><strong>Romano</strong></span> 
     </span>
     <span class='ocr_line' id='line_1_42' title="bbox 295 3798 1390 3884; baseline 0.002 -23"><span class='ocrx_word' id='word_1_367' title='bbox 295 3798 459 3868; x_wconf 87' lang='lat' dir='ltr'><strong>lectionum</strong></span> <span class='ocrx_word' id='word_1_368' title='bbox 479 3806 688 3881; x_wconf 88' lang='lat' dir='ltr'><strong>Graecarum,</strong></span> <span class='ocrx_word' id='word_1_369' title='bbox 709 3815 746 3864; x_wconf 85' lang='lat' dir='ltr'><strong>ut</strong></span> <span class='ocrx_word' id='word_1_370' title='bbox 779 3825 811 3884; x_wconf 92' lang='lat' dir='ltr'><strong>p.</strong></span> <span class='ocrx_word' id='word_1_371' title='bbox 827 3803 903 3868; x_wconf 76' lang='lat'><strong>25.=</strong></span> <span class='ocrx_word' id='word_1_372' title='bbox 938 3802 1046 3864; x_wconf 68' lang='lat' dir='ltr'><strong>deinde</strong></span> <span class='ocrx_word' id='word_1_373' title='bbox 1065 3803 1158 3864; x_wconf 84' lang='lat' dir='ltr'><strong>lectar</strong></span> <span class='ocrx_word' id='word_1_374' title='bbox 1174 3803 1334 3863; x_wconf 79' lang='lat' dir='ltr'><strong>ascendens</strong></span> <span class='ocrx_word' id='word_1_375' title='bbox 1354 3805 1390 3863; x_wconf 81' lang='lat' dir='ltr'><strong>irs</strong></span> 
     </span>
     <span class='ocr_line' id='line_1_43' title="bbox 294 3883 1387 3970; baseline 0.003 -27"><span class='ocrx_word' id='word_1_376' title='bbox 294 3884 451 3946; x_wconf 86' lang='lat' dir='ltr'><strong>ambonem</strong></span> <span class='ocrx_word' id='word_1_377' title='bbox 476 3889 615 3969; x_wconf 73' lang='lat' dir='ltr'><strong>iripn&#39;mis</strong></span> <span class='ocrx_word' id='word_1_378' title='bbox 634 3889 753 3947; x_wconf 88' lang='lat' dir='ltr'><strong>Graeca</strong></span> <span class='ocrx_word' id='word_1_379' title='bbox 771 3887 862 3970; x_wconf 78' lang='lat' dir='ltr'><strong>legit,</strong></span> <span class='ocrx_word' id='word_1_380' title='bbox 899 3883 1007 3946; x_wconf 85' lang='lat' dir='ltr'><strong>deinde</strong></span> <span class='ocrx_word' id='word_1_381' title='bbox 1029 3889 1131 3946; x_wconf 83' lang='lat' dir='ltr'><strong>statim</strong></span> <span class='ocrx_word' id='word_1_382' title='bbox 1149 3887 1228 3946; x_wconf 76' lang='lat' dir='ltr'><strong>aliia</strong></span> <span class='ocrx_word' id='word_1_383' title='bbox 1248 3887 1387 3961; x_wconf 72' lang='lat' dir='ltr'><strong>Laaiza5</strong></span> 
     </span>
     <span class='ocr_line' id='line_1_44' title="bbox 294 3967 1392 4052; baseline 0.002 -25"><span class='ocrx_word' id='word_1_384' title='bbox 294 3967 333 4028; x_wconf 91' lang='lat' dir='ltr'><strong>ad</strong></span> <span class='ocrx_word' id='word_1_385' title='bbox 355 3989 447 4049; x_wconf 87' lang='lat' dir='ltr'><strong>quem</strong></span> <span class='ocrx_word' id='word_1_386' title='bbox 468 3967 571 4030; x_wconf 85' lang='lat' dir='ltr'><strong>locum</strong></span> <span class='ocrx_word' id='word_1_387' title='bbox 593 3968 788 4032; x_wconf 85' lang='lat' dir='ltr'><strong>Mobillonius</strong></span> <span class='ocrx_word' id='word_1_388' title='bbox 820 3969 896 4030; x_wconf 88' lang='lat' dir='ltr'><strong>baec</strong></span> <span class='ocrx_word' id='word_1_389' title='bbox 917 3978 1026 4030; x_wconf 86' lang='lat' dir='ltr'><strong>notat:</strong></span> <span class='ocrx_word' id='word_1_390' title='bbox 1061 3971 1200 4052; x_wconf 84' lang='lat' dir='ltr'><strong>apposite</strong></span> <span class='ocrx_word' id='word_1_391' title='bbox 1233 3969 1278 4029; x_wconf 80' lang='lat' dir='ltr'><strong>ad</strong></span> <span class='ocrx_word' id='word_1_392' title='bbox 1312 3971 1392 4028; x_wconf 71' lang='lat' dir='ltr'><strong>masc</strong></span> 
     </span>
     <span class='ocr_line' id='line_1_45' title="bbox 293 4049 1392 4130; baseline -0.001 -17"><span class='ocrx_word' id='word_1_393' title='bbox 293 4051 389 4113; x_wconf 80' lang='lat' dir='ltr'><strong>laam</strong></span> <span class='ocrx_word' id='word_1_394' title='bbox 408 4055 454 4114; x_wconf 90' lang='lat' dir='ltr'><strong>ait</strong></span> <span class='ocrx_word' id='word_1_395' title='bbox 471 4052 663 4115; x_wconf 62' lang='lat' dir='ltr'><strong>Amator-aaa</strong></span> <span class='ocrx_word' id='word_1_396' title='bbox 682 4055 767 4116; x_wconf 77' lang='lat' dir='ltr'><strong>me‘teb</strong></span> <span class='ocrx_word' id='word_1_397' title='bbox 789 4053 828 4113; x_wconf 88' lang='lat' dir='ltr'><strong>L.</strong></span> <span class='ocrx_word' id='word_1_398' title='bbox 841 4051 891 4111; x_wconf 87' lang='lat' dir='ltr'><strong>II.</strong></span> <span class='ocrx_word' id='word_1_399' title='bbox 938 4051 1020 4130; x_wconf 77' lang='lat' dir='ltr'><strong>„Sex</strong></span> <span class='ocrx_word' id='word_1_400' title='bbox 1033 4049 1175 4112; x_wconf 87' lang='lat' dir='ltr'><strong>lectiones</strong></span> <span class='ocrx_word' id='word_1_401' title='bbox 1192 4049 1233 4112; x_wconf 91' lang='lat' dir='ltr'><strong>ab</strong></span> <span class='ocrx_word' id='word_1_402' title='bbox 1255 4051 1318 4111; x_wconf 83' lang='lat' dir='ltr'><strong>anti</strong></span> <span class='ocrx_word' id='word_1_403' title='bbox 1363 4053 1392 4112; x_wconf 88' lang='lat' dir='ltr'><strong>is</strong></span> 
     </span>
     <span class='ocr_line' id='line_1_46' title="bbox 296 4132 1367 4218; baseline -0.001 -24"><span class='ocrx_word' id='word_1_404' title='bbox 296 4135 442 4196; x_wconf 83' lang='lat' dir='ltr'><strong>Romanis</strong></span> <span class='ocrx_word' id='word_1_405' title='bbox 468 4137 585 4195; x_wconf 82' lang='lat' dir='ltr'><strong>Graece</strong></span> <span class='ocrx_word' id='word_1_406' title='bbox 611 4149 642 4199; x_wconf 86' lang='lat' dir='ltr'><strong>et</strong></span> <span class='ocrx_word' id='word_1_407' title='bbox 662 4138 770 4205; x_wconf 83' lang='lat' dir='ltr'><strong>Latine</strong></span> <span class='ocrx_word' id='word_1_408' title='bbox 797 4133 996 4216; x_wconf 73' lang='lat' dir='ltr'><strong>legebantur,</strong></span> <span class='ocrx_word' id='word_1_409' title='bbox 1023 4134 1077 4218; x_wconf 84' lang='lat' dir='ltr'><strong>qui</strong></span> <span class='ocrx_word' id='word_1_410' title='bbox 1097 4153 1164 4196; x_wconf 86' lang='lat' dir='ltr'><strong>mos</strong></span> <span class='ocrx_word' id='word_1_411' title='bbox 1185 4132 1315 4216; x_wconf 85' lang='lat' dir='ltr'><strong>apudG</strong></span> <span class='ocrx_word' id='word_1_412' title='bbox 1345 4134 1367 4194; x_wconf 91' lang='lat' dir='ltr'><strong>li</strong></span> 
     </span>
     <span class='ocr_line' id='line_1_47' title="bbox 297 4215 1391 4306; baseline -0.002 -27"><span class='ocrx_word' id='word_1_413' title='bbox 297 4215 448 4302; x_wconf 83' lang='lat' dir='ltr'><strong>hodieque</strong></span> <span class='ocrx_word' id='word_1_414' title='bbox 477 4229 619 4281; x_wconf 84' lang='lat' dir='ltr'><strong>servatur</strong></span> <span class='ocrx_word' id='word_1_415' title='bbox 653 4231 779 4306; x_wconf 85' lang='lat' dir='ltr'><strong>propter</strong></span> <span class='ocrx_word' id='word_1_416' title='bbox 821 4217 900 4282; x_wconf 86' lang='lat' dir='ltr'><strong>duas</strong></span> <span class='ocrx_word' id='word_1_417' title='bbox 925 4237 1049 4300; x_wconf 52' lang='lat' dir='ltr'><strong>oausam</strong></span> <span class='ocrx_word' id='word_1_418' title='bbox 1080 4237 1152 4280; x_wconf 86' lang='lat' dir='ltr'><strong>narn</strong></span> <span class='ocrx_word' id='word_1_419' title='bbox 1170 4220 1246 4302; x_wconf 81' lang='lat' dir='ltr'><strong>quia</strong></span> <span class='ocrx_word' id='word_1_420' title='bbox 1263 4217 1391 4282; x_wconf 66' lang='lat' dir='ltr'><strong>ms</strong></span> 
     </span>
    </p>
   </div>
   <div class='ocr_carea' id='block_1_5' title="bbox 0 0 1496 4892">
    <p class='ocr_par' dir='ltr' id='par_1_7' title="bbox 0 0 1496 4892">
     <span class='ocr_line' id='line_1_48' title="bbox 0 0 1496 4892; baseline 0 0"><span class='ocrx_word' id='word_1_421' title='bbox 0 0 1496 4892; x_wconf 95' lang='lat' dir='ltr'><strong> </strong></span> 
     </span>
    </p>
   </div>
  </div>
 </body>
</html>
