2975 4892
244 343 301 409 tn
326 339 552 410 consetur.
575 341 724 410 roura
752 342 807 408 on
835 340 975 409 cnam.
1004 343 1079 409 tra.
1106 345 1148 410 ra
1182 313 1266 432 733

186 511 255 562 tum
275 499 538 582 apprehendebant
558 521 654 585 eoque
671 501 772 584 ipsum
791 499 937 586 collegam
949 499 1180 586 profitebantnm
1200 499 1264 564 vid.

187 584 317 646 Haberti
336 583 475 645 Pontific.
494 605 527 666 p.
545 584 596 646 80.

272 668 308 727 B.
341 687 373 750 9.
402 666 488 750 [6ar,
506 665 570 750 αἱ]
600 663 845 746 διαρπαζόμενα.
896 665 982 728 Talia
1019 665 1076 728 fnit
1101 665 1153 730 ille
1181 688 1265 743 moa,

185 747 287 833 qualia
312 747 363 810 ille
389 751 481 811 hodie
503 760 566 824 est,
595 771 690 831 quarn
719 771 856 832 pannos,
885 771 975 832 super
996 751 1105 834 quibua
1124 754 1268 832 proceceit

184 833 297 916 aliquia
309 833 446 915 princeps
461 833 492 892 in
511 835 714 908 coronatione,
733 833 875 916 discerpit
891 833 995 916 plebe,
1019 843 1073 895 aut
1088 833 1178 916 quale
1191 833 1268 896 illud

184 927 254 990 est,
283 915 365 1058 ‹iuod
391 916 429 978 de
450 915 613 992 Christian,
642 915 744 998 regina
766 917 905 994 Sneciae,
937 915 1097 978 abdicante
1126 928 1269 978 narratur

185 997 265 1060 dans
302 1019 333 1058 es
360 999 519 1060 Memoires
543 997 582 1059 de
609 999 685 1059 Mar.
712 997 900 1061 Arlanholtz
927 998 968 1060 T.
998 1000 1027 1060 l.
1052 1021 1082 1081 p.
1100 997 1192 1078 dtu:
1224 1000 1268 1060 tea

183 1093 372 1165 spectatum,
395 1084 449 1168 qui
463 1081 570 1142 etaient
583 1081 612 1141 le
627 1083 696 1164 plus
712 1083 794 1166 pres,
812 1103 843 1142 te
859 1084 994 1143 saisirem
1004 1081 1042 1142 de
1061 1102 1114 1144 eoa
1129 1095 1268 1144 manteau

184 1163 297 1242 myra,
321 1178 351 1225 et
366 1187 427 1226 eux
441 1177 470 1224 et
494 1165 535 1224 les
554 1178 650 1224 autres
667 1165 851 1226 arratam&
870 1167 977 1226 aurem
991 1187 1029 1226 en
1047 1166 1130 1226 mille
1141 1165 1268 1249 plicet,

185 1247 312 1306 noidant
323 1249 434 1308 chacun
454 1268 491 1308 en
510 1245 621 1328 garder
641 1269 696 1306 raze
714 1269 752 1307 en
773 1245 913 1308 memoioe
926 1247 964 1308 de
985 1249 1051 1310 leur·
1062 1250 1153 1308 rerlte.
1197 1247 1268 1308 lluc

183 1331 338 1411 pertinet,
366 1329 449 1412 quod
472 1328 678 1390 ceremoniale
703 1328 871 1390 Barchardi
898 1330 1055 1413 perhibet,
1084 1333 1116 1391 in
1141 1350 1269 1391 corona·
1314 1381 1319 1398 ,

182 1414 270 1473 tione
286 1413 437 1474 Pontificia
456 1433 472 1474 e
515 1433 585 1488 um,
611 1431 637 1486 a¹
649 1434 710 1494 quo
730 1413 815 1494 Papa
834 1411 1035 1488 descenderit,
1056 1413 1146 1495 primi
1176 1434 1268 1474 occu·

183 1497 288 1578 pantis
306 1495 410 1574 luisse,
430 1517 472 1556 un
496 1517 513 1556 e
531 1494 626 1557 multa
645 1493 758 1577 praelia
777 1516 839 1555 non
859 1497 923 1558 eine
935 1495 1114 1556 Pontificum
1132 1495 1269 1578 periculo

184 1597 280 1721 tlt-’t
296 1577 513 1722 mititte
530 1577 1164 1742 lillelildsslilll’rilklil'z‘llll
1184 1577 1268 1720 Pl?

185 1745 249 1816 ait,
278 1707 374 1804 s’edem
399 1685 444 1804 ul)
457 1757 623 1828 rumpentes
647 1757 677 1805 et
699 1683 862 1804 taelraees
888 1745 946 1803 sila
968 1680 1269 1818 aindomafflidl

186 1827 251 1886 los.
275 1825 437 1888 Catalenue
458 1825 496 1887 ad
518 1827 677 1888 Ceremon.
698 1826 859 1908 Augustini
880 1826 1003 1887 Petricii
1023 1848 1056 1907 p.
1084 1823 1153 1885 131.
1174 1823 1267 1885 Codi-

184 1930 246 1969 nus
259 1907 345 1970 Offic.
359 1930 404 1969 ro.
415 1931 447 1970 n.
464 1931 491 1969 t.
505 1909 559 1988 ait,
573 1909 648 1970 festo
662 1907 836 1970 Palinurum
849 1909 1063 1991 Imperatorem
1074 1929 1143 1967 cum
1155 1927 1269 1988 procee-

183 1993 272 2053 sione
285 2013 340 2073 per
353 1992 463 2052 factum
478 2013 569 2052 manu
587 2005 617 2053 et
629 1995 719 2052 ramis
734 1991 902 2074 palmarum
918 1991 1043 2074 aliisque
1057 2001 1199 2050 ornatum
1213 2009 1268 2049 ne-

184 2073 320 2152 ρίπατον
332 2076 362 2134 in
377 2075 531 2136 ecclesiam
545 2078 599 2152 ire,
612 2095 673 2157 quo
688 2075 767 2135 facto
778 2073 865 2134 illum
876 2075 1214 2157 Barangiacaeterisqne
1225 2093 1269 2131 aa·

184 2155 539 2240 tellitibusdiripiendum
548 2159 688 2240 permitti.
708 2159 766 2218 Die
783 2157 913 2238 quodam
937 2177 1039 2217 annno
1059 2156 1205 2237 diripiunt
1226 2152 1268 2214 la-

184 2239 295 2300 nitzari
305 2240 449 2300 ferculum
457 2240 582 2302 Sullano
596 2239 796 2317 inferendum,
814 2251 888 2302 teste
901 2239 1050 2300 anbelio
1065 2260 1095 2319 p.
1107 2257 1192 2299 noca
1201 2259 1269 2321 peu

184 2324 262 2382 actt'r
275 2323 410 2406 precibus
434 2323 614 2408 Imperatori
618 2323 783 2408 prandium
798 2323 970 2403 inserebant,
985 2322 1089 2408 quibem
1100 2323 1191 2401 firm
1204 2341 1269 2380 moe

183 2417 242 2481 est,
254 2427 330 2482 urm,
341 2427 415 2478 ecce,
432 2407 592 2468 Gauitaart'
599 2406 831 2486 ornatusfi’multk
841 2408 985 2478 traiicitur,
999 2406 1100 2466 omnia
1111 2405 1266 2488 direpiam,

185 2501 280 2568 atqrte
294 2489 354 2572 ipsi
375 2489 470 2548 multa
482 2511 546 2549 erim
552 2491 722 2568 festivitate
736 2502 901 2548 vescuntur.
926 2488 1029 2548 Datur
1055 2487 1136 2546 ittnd
1154 2507 1197 2546 ex
1214 2507 1268 2546 ve-

183 2571 391 2631 tertineriam
409 2571 473 2632 diei
493 2572 573 2631 itlius
594 2573 751 2632 hilaritati.
771 2571 910 2656 Principe·
922 2571 1044 2630 attede
1087 2571 1227 2629 mudum.

253 2651 324 2712 360.
347 2652 387 2713 A.
410 2675 480 2738 pen.
503 2650 670 2737 [623,12.]
694 2645 876 2734 χαρζάνιον.
917 2653 1033 2712 Vocem
1060 2591 1140 2710 Kane
1170 2649 1270 2711 reddit

184 2733 241 2795 Du
253 2733 354 2818 Gange
374 2735 424 2797 Gl.
447 2739 502 2797 Gr.
520 2739 629 2810 lanan,
661 2757 738 2818 quae
759 2735 934 2816 significatio
946 2735 1021 2794 mihi
1040 2733 1101 2793 huc
1121 2730 1271 2814 quadrare

185 2839 252 2878 non
273 2819 412 2878 videtum·
444 2821 627 2880 Recensetnr
647 2819 697 2879 hie
716 2819 796 2878 inter
815 2829 912 2879 vestes
932 2817 1094 2878 muliebres
1115 2836 1176 2875 una
1198 2835 1270 2875 cam

185 2899 396 2985 propolornote
416 2909 446 2961 et
467 2902 646 2985 maphori03
668 2923 746 2984 quae
765 2900 853 2960 ambo
874 2912 945 2962 sunt
965 2909 1140 2960 ornamenta
1164 2899 1271 2979 capitia

185 2981 366 3044 mulieribus
387 2987 506 3046 usitata.
548 2985 645 3047 Paulo
665 2996 733 3068 post
759 2983 870 3046 dicitur
889 2982 1104 3067 imponendum
1129 3002 1193 3041 esse
1220 3001 1270 3040 re-

187 3087 260 3126 cens
289 3079 405 3127 creatae
434 3067 635 3128 cubiculariae
674 3067 865 3151 maphorium
895 3089 948 3128 seu
983 3064 1167 3147 calyptram,
1199 3063 1270 3124 dein

186 3149 400 3223 chauonim,
427 3151 548 3212 tandem
569 3150 757 3233 propoloma.
796 3151 879 3232 Ergo
899 3151 956 3212 fuit
975 3148 1166 3209 chamanium
1187 3147 1270 3226 capi-

184 3233 228 3292 tis
250 3229 403 3294 muliebris
422 3255 541 3315 quoque
560 3246 783 3296 ornamentum.
823 3233 869 3294 Ut
898 3233 1008 3311 dicam,
1035 3231 1108 3313 quid
1129 3227 1203 3288 mihi
1223 3230 1271 3288 vi-

186 3312 300 3376 dentur·
331 3316 525 3376 clrarzanium
560 3317 667 3394 luisse,
703 3329 778 3400 puto
813 3316 845 3376 id
871 3317 980 3390 fuisse,
1011 3313 1094 3396 quod
1124 3319 1272 3372 nostrates

184 3397 341 3482 Sclraeppe
360 3399 525 3480 appellant,
548 3400 654 3459 vittam
675 3399 849 3473 mentalem,
875 3401 962 3458 cuiae
982 3407 1070 3458 actrta
1089 3393 1198 3455 lacinia
1217 3414 1270 3454 su-

187 3501 246 3564 per
274 3482 404 3541 frontem
434 3482 472 3542 ad
500 3481 658 3543 oculorum
684 3495 716 3544 et
744 3486 810 3543 nasi
838 3481 967 3542 confinia
987 3499 1084 3560 usqne
1104 3476 1268 3538 descendit.

187 3581 387 3641 Coniecturae
407 3583 485 3642 ratio
505 3581 579 3644 haec
592 3592 648 3642 est.
672 3595 752 3669 ᾗῇ,
786 3582 917 3644 acernen
945 3573 980 3660 (vl
1012 3569 1169 3659 ἀσφάλεια
1197 3595 1270 3656 pro-

187 3664 266 3746 prie)
288 3675 333 3724 est
352 3663 505 3725 Arabibue
525 3665 699 3739 meruletam,
718 3665 945 3750 phylacterium,
967 3657 1080 3743 qualia,
1100 3668 1135 3718 ut
1154 3656 1271 3740 reliquo

186 3766 326 3826 corpore,
359 3749 401 3808 sic
433 3749 523 3808 etiam
553 3748 652 3808 fronte
679 3759 800 3831 gerunt.
840 3746 891 3806 Ad
920 3743 1011 3805 linias
1043 3741 1271 3803 similitudinem

183 3830 286 3911 potuit
297 3827 365 3890 talia
377 3831 454 3890 vitta
468 3841 595 3892 rostrata
614 3831 770 3912 appellari.
811 3829 907 3890 Forte
964 3847 1044 3910 oque
1057 3827 1174 3886 insutas
1196 3823 1270 3906 phy·

188 3911 313 3972 locterio
334 3912 476 3994 reliquias
498 3925 686 3986 sanctorum,
705 3912 919 3995 textuaEvang
950 3913 1046 3973 'orum
1067 3905 1186 3981 atalia,
1205 3927 1270 3968 ma-

187 3993 227 4056 lis
248 3993 342 4054 oculis
362 3997 597 4058 averruncandis
618 3995 784 4070 destinata,
816 4005 970 4077 gesserunt
995 3993 1143 4055 foeminae
1169 3991 1201 4049 in
1221 3998 1270 4048 ta-

187 4076 271 4138 libus
290 4079 373 4137 vittis
392 4082 527 4140 rostratis
547 4073 756 4142 frontalibus.¹
776 4077 836 4140 Vel
855 4077 946 4139 suerit
961 4069 1136 4156 χαρζάνιον
1155 4068 1271 4152 aliquid

187 4159 229 4218 ad
250 4159 377 4220 formam
399 4159 456 4221 lori
482 4161 532 4223 vel
560 4163 677 4224 taeniae
697 4162 937 4242 superstantem
958 4157 1146 4240 dependens,
1172 4173 1270 4232 quan-

187 4240 352 4324 doquidem
370 4243 561 4328 χαρτζὰνιον
589 4248 679 4307 etiam
712 4245 809 4308 Ionan
838 4255 943 4321 notat,
971 4244 1061 4302 etiam
1082 4261 1117 4300 ex
1138 4235 1270 4334 drabiea
