2975 4892
160 297 217 364 sn
246 293 470 366 causatur.
503 297 652 362 ronna.
688 299 742 362 na
769 295 908 364 caum.
937 299 1017 363 rra.
1046 301 1072 361 r.
1102 267 1188 384 395

165 455 239 518 253.
253 455 291 517 A.
306 475 334 516 a.
351 449 437 539 [lom
452 453 499 542 8.]
525 453 559 518 ia
587 455 633 541 τῷ
656 455 784 542 capania
814 453 879 521 sois
904 449 1084 536 βαρβάρων.
1124 455 1189 520 Ubi

13 543 15 600 i
109 538 229 600 chartae
253 539 293 600 ad
318 537 464 600 barbaros
481 551 647 621 spectantes
663 541 800 602 iacebant
817 551 848 602 et
865 537 1108 601 asservabantur.
1126 539 1187 600 La·

13 639 14 674 1
107 625 209 684 tissimi
224 621 356 682 ambitus
374 641 430 682 vox
443 623 578 683 barbari.
601 623 722 684 Graecis
734 625 861 684 vetmtis
880 620 1069 705 significabat
1081 643 1186 686 omnes

108 717 137 766 et
164 706 253 782 illos,
281 706 333 786 qui
359 705 473 766 Graece
496 725 557 766 non
584 704 803 788 loquerentur,
833 717 887 782 et,
908 707 961 786 qui
986 705 1095 766 Graeci
1121 728 1186 768 non

107 797 203 850 essent
218 790 392 870 sanguinis,
408 789 521 850 etiamsi
540 791 655 850 Graeco
672 808 811 851 sermone
830 797 1003 861 uterentur,
1025 799 1060 848 ut
1084 789 1187 850 Mace·

108 871 209 932 dones.
239 871 355 934 Latinis
373 873 498 934 vetustis
519 869 681 932 audiebant
705 873 748 934 sic
762 893 888 949 ornnes,
912 873 965 953 qui
989 871 1098 932 batim
1120 893 1184 934 uon

109 954 262 1015 callerent.
305 955 464 1038 Byzantini
484 953 622 1034 deinceps
634 956 741 1015 Graeci
762 959 804 1016 sic
828 955 859 1015 in
880 955 976 1034 specie
996 952 1188 1036 appellabant

107 1039 192 1100 initio
205 1037 325 1113 Persas,
346 1047 480 1120 tempore
492 1047 559 1119 post
568 1037 750 1116 Saracenos3
767 1039 867 1099 Latini
882 1039 1040 1118 praecipue
1057 1037 1185 1098 Germa-

110 1140 171 1180 nos.
194 1117 267 1179 vid.
290 1119 398 1200 Script.
412 1131 480 1202 post
495 1120 674 1202 'l’heoplram
689 1143 720 1202 p.
732 1119 805 1184 835.
848 1119 1025 1205 *lGermuni
1043 1119 1135 1182 iidem
1151 1140 1189 1180 ac

107 1201 247 1284 barbari,
267 1199 400 1262 Goldast.
416 1201 454 1262 ad
469 1203 633 1285 Eginhard.
647 1223 677 1286 p.
694 1201 795 1301 162.]*

184 1286 228 1347 A.
246 1285 277 1345 5.
291 1283 375 1382 μου,
390 1283 435 1368 8.]
453 1285 578 1366 βέρεδα.
605 1285 684 1347 Sunt
700 1307 768 1368 equi
783 1285 921 1348 curribus
937 1285 1031 1346 iuncti
1050 1295 1082 1346 et
1095 1307 1183 1370 prae·

105 1367 204 1428 sertim
224 1365 268 1428 illi
289 1389 320 1428 tn
339 1389 427 1428 usum
448 1389 553 1430 cursus
591 1368 683 1430 ublici
703 1391 759 1451 per
767 1382 864 1431 certas
880 1371 1023 1430 stationes
1035 1369 1182 1452 dispositi,

107 1469 221 1533 semper
239 1453 351 1532 promti
367 1461 397 1512 et
416 1453 524 1534 parati.
568 1390 638 1512 lion
657 1461 701 1512 est
720 1473 778 1512 vox
798 1473 816 1516 a
837 1453 990 1524 vehendo,
1019 1455 1100 1534 quod
1123 1473 1183 1536 pu·

105 1542 167 1596 tant
204 1535 408 1616 grammatici,
441 1535 494 1596 sed
518 1536 710 1596 Germanica.
759 1535 886 1596 Veteres
911 1535 1054 1595 Germani
1086 1534 1188 1598 Perea

105 1637 156 1696 pro
177 1635 260 1698 equo
291 1615 442 1678 dicebant.
483 1615 593 1699 Belgae
614 1617 714 1680 adhuc
739 1616 986 1690 paeradisum,
1016 1637 1071 1678 nos
1087 1617 1188 1696 Pseud

105 1699 192 1779 paulo
213 1699 331 1760 durius.
373 1697 402 1760 A
424 1701 581 1762 Germanis
598 1701 630 1764 id
645 1697 828 1762 vocabulum
852 1699 891 1761 ad
914 1699 1065 1760 Romanos
1081 1699 1184 1762 Thra·

106 1785 203 1860 cinos,
226 1793 257 1842 et
273 1781 411 1864 deinceps
432 1782 471 1844 ad
489 1783 607 1846 Arabes
631 1786 760 1860 transit,
823 1785 833 1842 i
856 1781 959 1842 Banu
974 1803 1095 1842 cursum
1119 1803 1183 1862 pu-

104 1862 216 1926 blicum
234 1863 394 1947 appellant.
440 1865 475 1924 ln
489 1867 575 1928 cuius
594 1869 675 1928 vocis
694 1877 776 1950 etym
847 1865 875 1926 ia
893 1864 1081 1947 grammatici
1104 1865 1186 1926 Ara·

106 1943 162 2010 bici
177 1946 271 2012 valde
289 1959 500 2027 semacerant,
520 1970 619 2030 neque
640 1951 763 2010 mirum.
805 1949 877 2009 Erit
901 1947 940 2010 de
955 1945 1015 2007 boc
1034 1945 1074 2007 ad
1087 1945 1186 2008 Abul-

105 2029 203 2092 fedam
223 2030 343 2092 dicendi
367 2029 462 2110 locus,
484 2031 684 2096 stanneo.
708 2031 794 2117 [cta.
815 2027 917 2114 680.]‚
949 2049 1012 2113 quo
1033 2032 1076 2090 ait
1098 2029 1188 2090 Mos·

104 2131 192 2189 triam
218 2129 417 2271 obiisse,gui
431 2133 546 2212 primus
562 2132 642 2214 apud
671 2129 830 2194 Arabesal
850 2129 963 2206 Barid,
986 2114 1114 2212 Qfill,
1148 2121 1186 2190 td

103 2208 231 2290 βέρεδυν
251 2201 344 2292 dciv
386 2211 442 2288 ξέα
462 2206 591 2294 δρόμον,
616 2215 797 2292 imtituerit,
821 2235 912 2296 quem
939 2211 1189 2274 Mnbammedaui

123 2295 252 2378 rineipes
271 2315 325 2376 per
349 2294 445 2356 multa
473 2295 610 2373 sacciula,
637 2308 668 2357 et
693 2296 793 2358 adbuc
817 2298 936 2359 sacculo
960 2295 1052 2360 xllt.
1082 2315 1186 2358 serra·

139 2389 191 2456 nt,
217 2377 271 2438 sed
294 2387 330 2436 ut
347 2378 447 2460 regale
468 2381 588 2460 privato
608 2379 721 2440 nemini
747 2379 876 2442 licitum.

116 2517 117 2520 ,
159 2459 204 2522 A.
222 2461 253 2522 ὅ.
269 2459 352 2544 [dom
368 2461 414 2604 {tp
436 2456 516 2522 nurci
536 2457 576 2526 roi
596 2458 710 2526 adare.
751 2462 848 2523 Pacta
867 2473 937 2524 sunt
959 2459 1032 2522 alias
1049 2459 1186 2537 tributa,

101 2561 175 2623 quae
194 2563 262 2603 una
281 2565 353 2625 gens
380 2545 465 2604 ateri
487 2566 522 2606 ex
554 2557 641 2629 pacto
665 2556 696 2607 et
724 2545 863 2606 condicto
887 2544 987 2606 debet.
1031 2543 1090 2602 Hic
1116 2551 1188 2604 sunt

102 2625 310 2769 ipsaAfoessdera
324 2671 334 2708 ,
346 2623 1036 2775 gniriffiuiffiliuldifiaemnlliihinlz
1055 2625 1191 2723 Remini:

100 2729 147 2770 aar
197 2754 206 2768 .
251 2729 323 2770 aaa
440 2733 452 2770 ι
506 2735 534 2772 re
603 2735 628 2774 rs
896 2729 999 2770 .mrsst
1089 2728 1190 2787 egsum

100 2795 243 2875 rcrrpams
261 2795 349 2876 pacti
361 2725 451 2854 αἷῗο
472 2797 656 2882 suscapientes
668 2815 751 2857 neore
768 2813 845 2869 suo,
864 2791 901 2853 id
913 2805 955 2852 est
971 2729 1189 2871 lingrilerue·

97 2895 146 2950 cu,
166 2876 276 2936 tanda
291 2879 322 2938 ei
341 2875 493 2940 direrwtt.

176 2959 214 3018 B.
230 2979 261 3042 7.
277 2957 363 3042 [dom
379 2958 448 3043 am]
476 2957 679 3022 Ἑλενοπόλει.
718 2957 792 3020 vid.
814 2954 918 3024 Malal.
938 2955 977 3016 T.
1002 2955 1044 3016 ll.
1067 2977 1099 3037 p.
1117 2975 1164 3017 to.
1176 2953 1188 3034 ,

97 3035 299 3188 ffireopluup⁵
302 3065 330 3124 p.
346 3061 397 3104 aa.
411 3043 451 3104 A.
467 3045 676 3128 9.etScylita.
701 3064 731 3125 p.
756 3037 1187 3124 835.D.3.,1tucmgead

137 3144 185 3184 ex.
234 3167 242 3183 .
307 3147 331 3186 r.

177 3147 457 3293 Biiamons]
487 3207 664 3288 brexiam,
695 3207 742 3270 δὲ.
794 3207 840 3270 lta
867 3218 912 3270 est
933 3207 965 3269 iu
995 3207 1189 3268 membranis.

96 3285 181 3350 Verti
199 3311 241 3350 ac
263 3297 288 3352 si
308 3293 483 3372 reperissem
503 3287 582 3354 ἔνθα
603 3271 658 3352 eei
678 3290 804 3370 δίζηται
818 3289 872 3368 δὲ,
892 3291 944 3351 ubi
960 3288 1189 3350 tanmmuolue·

96 3371 144 3430 rit.
187 3373 303 3434 Rarius
319 3373 448 3436 verbum
471 3373 638 3451 δίζεσθαι,
659 3395 818 3458 quaerere,
837 3395 958 3457 cupere,
979 3372 1094 3467 etolere
1120 3379 1190 3466 tan-

96 3451 1190 3622 tttt‘:titt.ltlat⁶ltpitltttlttt.‘tttltttlt
1216 3507 1221 3516 ·

98 3617 219 3716 vulgari
247 3622 406 3686 Thracum
422 3625 657 3708 byzantinorum
679 3643 819 3686 sermone
837 3620 914 3682 tales
936 3620 1093 3680 retonatis
1118 3615 1192 3680 reli·

96 3721 179 3782 quius
203 3707 414 3768 observamus.
1113 3727 1119 3732 ·

176 3789 215 3848 B.
238 3810 287 3850 rr.
300 3791 386 3870 Mor,
401 3787 446 3876 3.]
474 3785 589 3862 lunone
608 3786 664 3849 aui
688 3785 764 3864 ζῶα.
804 3786 996 3848 Vocabulum
1008 3785 1088 3860 ζῶον
1100 3786 1189 3847 noris
1299 3786 1303 3793 ’

102 3867 228 3933 Graecis
245 3881 277 3933 et
291 3895 396 3958 eqrmm
406 3875 554 3934 etmulam
568 3871 726 3952 signifieat.
750 3872 855 3948 Quum
869 3872 962 3953 igitur
978 3864 1020 3930 toi
1034 3869 1102 3945 ζῶα
1111 3868 1143 3930 lr.
1163 3868 1188 3930 l.

101 3955 182 4032 aruis
196 3969 407 4039 opponantur,
424 3955 522 4016 mulos
534 3954 701 4036 intelligere
713 3973 833 4016 necesse
842 3966 896 4021 est.
918 3955 1039 4036 Integra
1059 3951 1191 4014 dictione

98 4026 177 4102 idm
196 4033 357 4115 μουλικόν
376 4052 421 4101 est
437 4039 519 4122 apud
532 4039 713 4120 Theophan.
726 4059 796 4120 pag.
814 4035 907 4115 144,
930 4038 983 4098 ubi
1011 4035 1189 4098 Anastasius

99 4123 214 4183 eminae
226 4123 384 4194 nathum,
402 4125 465 4184 Leo
483 4123 651 4192 Grammat.
667 4131 773 4182 contra
790 4119 891 4201 pipo.
905 4122 945 4185 D.
959 4121 992 4180 s.
1007 4117 1110 4193 Cnidos
1131 4135 1189 4197 pro

97 4215 168 4286 ‘qrb
190 4207 309 4292 posuit.
354 4207 399 4270 Et
417 4207 458 4269 sic
474 4227 595 4291 quoque
610 4207 726 4266 Latinis
747 4201 864 4266 musal
882 4201 974 4266 modo
995 4213 1041 4266 est
1066 4217 1188 4284 aqum,
