<?xml version="1.0" encoding="UTF-8"?>
<!DOCTYPE html PUBLIC "-//W3C//DTD XHTML 1.0 Transitional//EN"
    "http://www.w3.org/TR/xhtml1/DTD/xhtml1-transitional.dtd">
<html xmlns="http://www.w3.org/1999/xhtml" xml:lang="en" lang="en">
 <head>
  <title>
</title>
<meta http-equiv="Content-Type" content="text/html;charset=utf-8" />
  <meta name='ocr-system' content='tesseract 3.04.00' />
  <meta name='ocr-capabilities' content='ocr_page ocr_carea ocr_par ocr_line ocrx_word'/>
</head>
<body>
  <div class='ocr_page' id='page_1' title='image "./corpusscriptoru45theogoog/corpusscriptoru45theogoog_0537.png"; bbox 0 0 2975 4892; ppageno 0'>
   <div class='ocr_carea' id='block_1_1' title="bbox 152 306 1119 460">
    <p class='ocr_par' dir='ltr' id='par_1_1' title="bbox 152 306 1119 460">
     <span class='ocr_line' id='line_1_1' title="bbox 152 306 1119 460; baseline -0.006 -26"><span class='ocrx_word' id='word_1_1' title='bbox 152 306 227 434; x_wconf 33' lang='lat' dir='ltr'>&#39;sn</span> <span class='ocrx_word' id='word_1_2' title='bbox 254 363 667 460; x_wconf 69' lang='lat' dir='ltr'>sermonumt.</span> <span class='ocrx_word' id='word_1_3' title='bbox 698 365 978 436; x_wconf 72' lang='lat' dir='ltr'>uamnruou.</span> <span class='ocrx_word' id='word_1_4' title='bbox 1041 340 1119 432; x_wconf 85' lang='lat'>531</span> 
     </span>
    </p>
   </div>
   <div class='ocr_carea' id='block_1_2' title="bbox 54 521 1122 692">
    <p class='ocr_par' dir='ltr' id='par_1_2' title="bbox 54 521 1122 692">
     <span class='ocr_line' id='line_1_2' title="bbox 54 521 1122 608; baseline 0.003 -22"><span class='ocrx_word' id='word_1_5' title='bbox 54 526 108 586; x_wconf 89' lang='lat' dir='ltr'>tine</span> <span class='ocrx_word' id='word_1_6' title='bbox 125 525 354 606; x_wconf 78' lang='lat' dir='ltr'>interpretarer,</span> <span class='ocrx_word' id='word_1_7' title='bbox 385 533 470 608; x_wconf 82' lang='lat' dir='ltr'>patet</span> <span class='ocrx_word' id='word_1_8' title='bbox 498 545 534 586; x_wconf 80' lang='lat' dir='ltr'>ex</span> <span class='ocrx_word' id='word_1_9' title='bbox 555 524 808 607; x_wconf 82' lang='lat' dir='ltr'>interpretatione.</span> <span class='ocrx_word' id='word_1_10' title='bbox 853 521 966 586; x_wconf 80' lang='lat' dir='ltr'><strong>Docuit</strong></span> <span class='ocrx_word' id='word_1_11' title='bbox 985 545 1034 586; x_wconf 88' lang='lat' dir='ltr'>mc</span> <span class='ocrx_word' id='word_1_12' title='bbox 1054 526 1122 589; x_wconf 89' lang='lat' dir='ltr'>lon-</span> 
     </span>
     <span class='ocr_line' id='line_1_3' title="bbox 56 605 1121 692; baseline 0.004 -24"><span class='ocrx_word' id='word_1_13' title='bbox 56 611 112 692; x_wconf 80' lang='lat' dir='ltr'>gior</span> <span class='ocrx_word' id='word_1_14' title='bbox 129 629 202 669; x_wconf 79' lang='lat' dir='ltr'>auus</span> <span class='ocrx_word' id='word_1_15' title='bbox 221 620 254 670; x_wconf 91' lang='lat' dir='ltr'>et</span> <span class='ocrx_word' id='word_1_16' title='bbox 272 610 350 686; x_wconf 85' lang='lat' dir='ltr'>dies,</span> <span class='ocrx_word' id='word_1_17' title='bbox 369 605 450 670; x_wconf 86' lang='lat' dir='ltr'>male</span> <span class='ocrx_word' id='word_1_18' title='bbox 468 629 517 669; x_wconf 84' lang='lat' dir='ltr'>rue</span> <span class='ocrx_word' id='word_1_19' title='bbox 535 611 675 683; x_wconf 76' lang='lat' dir='ltr'>vertisse,</span> <span class='ocrx_word' id='word_1_20' title='bbox 694 618 852 690; x_wconf 82' lang='lat' dir='ltr'>potestque</span> <span class='ocrx_word' id='word_1_21' title='bbox 872 617 954 668; x_wconf 88' lang='lat' dir='ltr'>totus</span> <span class='ocrx_word' id='word_1_22' title='bbox 972 607 1055 670; x_wconf 88' lang='lat' dir='ltr'>locus</span> <span class='ocrx_word' id='word_1_23' title='bbox 1075 611 1121 674; x_wconf 84' lang='lat' dir='ltr'>ia-</span> 
     </span>
    </p>
   </div>
   <div class='ocr_carea' id='block_1_3' title="bbox 49 689 1215 4170">
    <p class='ocr_par' dir='ltr' id='par_1_3' title="bbox 49 689 1215 4170">
     <span class='ocr_line' id='line_1_4' title="bbox 55 689 1123 794; baseline 0.006 -43"><span class='ocrx_word' id='word_1_24' title='bbox 55 691 104 752; x_wconf 86' lang='lat' dir='ltr'>cile</span> <span class='ocrx_word' id='word_1_25' title='bbox 122 711 274 794; x_wconf 62' lang='lat' dir='ltr'>quemque</span> <span class='ocrx_word' id='word_1_26' title='bbox 293 691 423 772; x_wconf 84' lang='lat' dir='ltr'>docere,</span> <span class='ocrx_word' id='word_1_27' title='bbox 458 692 735 774; x_wconf 82' lang='lat' dir='ltr'>interpretationem</span> <span class='ocrx_word' id='word_1_28' title='bbox 764 689 848 750; x_wconf 85' lang='lat' dir='ltr'>illam</span> <span class='ocrx_word' id='word_1_29' title='bbox 868 711 931 752; x_wconf 90' lang='lat' dir='ltr'>non</span> <span class='ocrx_word' id='word_1_30' title='bbox 951 693 1123 774; x_wconf 76' lang='lat' dir='ltr'>procedere.</span> 
     </span>
     <span class='ocr_line' id='line_1_5' title="bbox 53 761 1121 855; baseline 0.003 -20"><span class='ocrx_word' id='word_1_31' title='bbox 53 773 122 836; x_wconf 85' lang='lat' dir='ltr'>llam</span> <span class='ocrx_word' id='word_1_32' title='bbox 141 776 169 835; x_wconf 88' lang='lat' dir='ltr'>si</span> <span class='ocrx_word' id='word_1_33' title='bbox 188 761 324 855; x_wconf 74' lang='grc' dir='ltr'><strong><em>ἄρραφα</em></strong></span> <span class='ocrx_word' id='word_1_34' title='bbox 343 785 416 836; x_wconf 76' lang='lat' dir='ltr'>nant</span> <span class='ocrx_word' id='word_1_35' title='bbox 433 785 532 836; x_wconf 79' lang='lat' dir='ltr'>vestes</span> <span class='ocrx_word' id='word_1_36' title='bbox 553 773 687 834; x_wconf 87' lang='lat' dir='ltr'>nondum</span> <span class='ocrx_word' id='word_1_37' title='bbox 703 783 846 834; x_wconf 85' lang='lat' dir='ltr'>consutae</span> <span class='ocrx_word' id='word_1_38' title='bbox 860 785 890 834; x_wconf 89' lang='lat' dir='ltr'>et</span> <span class='ocrx_word' id='word_1_39' title='bbox 910 773 1055 837; x_wconf 80' lang='lat' dir='ltr'>formatae</span> <span class='ocrx_word' id='word_1_40' title='bbox 1075 789 1121 838; x_wconf 85' lang='lat' dir='ltr'>nt·</span> 
     </span>
     <span class='ocr_line' id='line_1_6' title="bbox 55 857 1123 940; baseline 0.005 -24"><span class='ocrx_word' id='word_1_41' title='bbox 55 878 107 938; x_wconf 87' lang='lat' dir='ltr'>que</span> <span class='ocrx_word' id='word_1_42' title='bbox 124 857 284 938; x_wconf 83' lang='lat' dir='ltr'>adaptatae</span> <span class='ocrx_word' id='word_1_43' title='bbox 304 859 483 938; x_wconf 73' lang='lat' dir='ltr'>gestationi,</span> <span class='ocrx_word' id='word_1_44' title='bbox 511 857 663 920; x_wconf 79' lang='lat' dir='ltr'>debuisset</span> <span class='ocrx_word' id='word_1_45' title='bbox 682 867 789 918; x_wconf 81' lang='lat' dir='ltr'>auctor</span> <span class='ocrx_word' id='word_1_46' title='bbox 807 877 869 918; x_wconf 91' lang='lat' dir='ltr'>non</span> <span class='ocrx_word' id='word_1_47' title='bbox 890 861 1123 940; x_wconf 79' lang='lat' dir='ltr'>scaramannin,</span> 
     </span>
     <span class='ocr_line' id='line_1_7' title="bbox 53 939 1122 1022; baseline 0.005 -22"><span class='ocrx_word' id='word_1_48' title='bbox 53 959 107 1000; x_wconf 84' lang='lat' dir='ltr'>uon</span> <span class='ocrx_word' id='word_1_49' title='bbox 126 941 276 1017; x_wconf 65' lang='lat' dir='ltr'>motoria,</span> <span class='ocrx_word' id='word_1_50' title='bbox 296 941 348 1000; x_wconf 90' lang='lat' dir='ltr'>sed</span> <span class='ocrx_word' id='word_1_51' title='bbox 368 960 485 1022; x_wconf 82' lang='lat' dir='ltr'>pannos</span> <span class='ocrx_word' id='word_1_52' title='bbox 513 939 561 1003; x_wconf 84' lang='lat' dir='ltr'>vel</span> <span class='ocrx_word' id='word_1_53' title='bbox 587 939 663 1000; x_wconf 81' lang='lat' dir='ltr'>telas</span> <span class='ocrx_word' id='word_1_54' title='bbox 686 959 742 1020; x_wconf 90' lang='lat' dir='ltr'>pro</span> <span class='ocrx_word' id='word_1_55' title='bbox 762 939 903 1022; x_wconf 78' lang='lat' dir='ltr'>parandis</span> <span class='ocrx_word' id='word_1_56' title='bbox 925 939 994 1000; x_wconf 89' lang='lat' dir='ltr'>inde</span> <span class='ocrx_word' id='word_1_57' title='bbox 1021 961 1122 1004; x_wconf 81' lang='lat' dir='ltr'>scam·</span> 
     </span>
     <span class='ocr_line' id='line_1_8' title="bbox 54 1021 1122 1106; baseline 0.006 -24"><span class='ocrx_word' id='word_1_58' title='bbox 54 1023 173 1083; x_wconf 85' lang='lat' dir='ltr'>nanniis</span> <span class='ocrx_word' id='word_1_59' title='bbox 192 1037 224 1084; x_wconf 88' lang='lat' dir='ltr'>et</span> <span class='ocrx_word' id='word_1_60' title='bbox 242 1024 377 1084; x_wconf 74' lang='lat' dir='ltr'>esoiomis</span> <span class='ocrx_word' id='word_1_61' title='bbox 395 1023 513 1086; x_wconf 75' lang='lat' dir='ltr'>dixisse.</span> <span class='ocrx_word' id='word_1_62' title='bbox 556 1023 652 1106; x_wconf 84' lang='lat' dir='ltr'>Saepe</span> <span class='ocrx_word' id='word_1_63' title='bbox 679 1021 730 1096; x_wconf 78' lang='lat' dir='ltr'>fit,</span> <span class='ocrx_word' id='word_1_64' title='bbox 762 1033 797 1082; x_wconf 88' lang='lat' dir='ltr'>ut</span> <span class='ocrx_word' id='word_1_65' title='bbox 817 1041 872 1104; x_wconf 74' lang='lat' dir='ltr'>pu·</span> <span class='ocrx_word' id='word_1_66' title='bbox 891 1022 1122 1104; x_wconf 77' lang='lat' dir='ltr'>trepidationem</span> 
     </span>
     <span class='ocr_line' id='line_1_9' title="bbox 54 1103 1122 1188; baseline 0.003 -22"><span class='ocrx_word' id='word_1_67' title='bbox 54 1103 211 1183; x_wconf 64' lang='lat' dir='ltr'>maiam,</span> <span class='ocrx_word' id='word_1_68' title='bbox 221 1109 390 1187; x_wconf 84' lang='lat' dir='ltr'>praeteritis</span> <span class='ocrx_word' id='word_1_69' title='bbox 403 1105 588 1176; x_wconf 86' lang='lat' dir='ltr'>melioribus,</span> <span class='ocrx_word' id='word_1_70' title='bbox 605 1107 795 1187; x_wconf 87' lang='lat' dir='ltr'>arripiamus.</span> <span class='ocrx_word' id='word_1_71' title='bbox 826 1103 892 1188; x_wconf 76' lang='lat' dir='ltr'>Ego</span> <span class='ocrx_word' id='word_1_72' title='bbox 905 1105 1028 1188; x_wconf 81' lang='lat' dir='ltr'>quidem</span> <span class='ocrx_word' id='word_1_73' title='bbox 1041 1107 1122 1170; x_wconf 87' lang='lat' dir='ltr'>mul·</span> 
     </span>
     <span class='ocr_line' id='line_1_10' title="bbox 54 1186 1120 1271; baseline 0.004 -24"><span class='ocrx_word' id='word_1_74' title='bbox 54 1196 109 1247; x_wconf 85' lang='lat' dir='ltr'>tum</span> <span class='ocrx_word' id='word_1_75' title='bbox 129 1192 257 1249; x_wconf 74' lang='lat' dir='ltr'>iactans</span> <span class='ocrx_word' id='word_1_76' title='bbox 275 1191 375 1250; x_wconf 88' lang='lat' dir='ltr'>animo</span> <span class='ocrx_word' id='word_1_77' title='bbox 394 1199 556 1271; x_wconf 81' lang='lat' dir='ltr'>antequam</span> <span class='ocrx_word' id='word_1_78' title='bbox 579 1187 654 1248; x_wconf 90' lang='lat' dir='ltr'>haec</span> <span class='ocrx_word' id='word_1_79' title='bbox 673 1186 796 1270; x_wconf 74' lang='lat' dir='ltr'>plagula</span> <span class='ocrx_word' id='word_1_80' title='bbox 810 1187 947 1269; x_wconf 87' lang='lat' dir='ltr'>praelum</span> <span class='ocrx_word' id='word_1_81' title='bbox 968 1187 1120 1266; x_wconf 86' lang='lat' dir='ltr'>liberaret,</span> 
     </span>
     <span class='ocr_line' id='line_1_11' title="bbox 54 1271 1122 1356; baseline 0.005 -28"><span class='ocrx_word' id='word_1_82' title='bbox 54 1271 148 1350; x_wconf 84' lang='lat' dir='ltr'>posui,</span> <span class='ocrx_word' id='word_1_83' title='bbox 165 1291 263 1352; x_wconf 86' lang='lat' dir='ltr'>quum</span> <span class='ocrx_word' id='word_1_84' title='bbox 281 1283 425 1354; x_wconf 74' lang='lat' dir='ltr'>urgerent</span> <span class='ocrx_word' id='word_1_85' title='bbox 443 1291 554 1354; x_wconf 81' lang='lat' dir='ltr'>operae</span> <span class='ocrx_word' id='word_1_86' title='bbox 573 1281 603 1331; x_wconf 87' lang='lat' dir='ltr'>et</span> <span class='ocrx_word' id='word_1_87' title='bbox 620 1291 736 1332; x_wconf 79' lang='lat' dir='ltr'>murum</span> <span class='ocrx_word' id='word_1_88' title='bbox 750 1289 812 1332; x_wconf 92' lang='lat' dir='ltr'>non</span> <span class='ocrx_word' id='word_1_89' title='bbox 826 1271 954 1346; x_wconf 87' lang='lat' dir='ltr'>darent,</span> <span class='ocrx_word' id='word_1_90' title='bbox 1018 1293 1053 1333; x_wconf 87' lang='lat' dir='ltr'>ae</span> <span class='ocrx_word' id='word_1_91' title='bbox 1065 1293 1122 1356; x_wconf 87' lang='lat' dir='ltr'>po-</span> 
     </span>
     <span class='ocr_line' id='line_1_12' title="bbox 55 1351 1121 1438; baseline 0.005 -27"><span class='ocrx_word' id='word_1_92' title='bbox 55 1355 95 1411; x_wconf 82' lang='lat' dir='ltr'>sui</span> <span class='ocrx_word' id='word_1_93' title='bbox 113 1353 142 1412; x_wconf 91' lang='lat' dir='ltr'>in</span> <span class='ocrx_word' id='word_1_94' title='bbox 164 1354 282 1415; x_wconf 85' lang='lat' dir='ltr'>Latinis</span> <span class='ocrx_word' id='word_1_95' title='bbox 296 1399 305 1428; x_wconf 83' lang='lat'>‚</span> <span class='ocrx_word' id='word_1_96' title='bbox 320 1375 384 1415; x_wconf 90' lang='lat' dir='ltr'>non</span> <span class='ocrx_word' id='word_1_97' title='bbox 404 1354 487 1438; x_wconf 88' lang='lat' dir='ltr'>quod</span> <span class='ocrx_word' id='word_1_98' title='bbox 507 1375 579 1416; x_wconf 79' lang='lat' dir='ltr'>vera</span> <span class='ocrx_word' id='word_1_99' title='bbox 599 1357 706 1416; x_wconf 88' lang='lat' dir='ltr'>scirem</span> <span class='ocrx_word' id='word_1_100' title='bbox 726 1364 758 1414; x_wconf 90' lang='lat' dir='ltr'>et</span> <span class='ocrx_word' id='word_1_101' title='bbox 778 1351 930 1435; x_wconf 81' lang='lat' dir='ltr'>explorata</span> <span class='ocrx_word' id='word_1_102' title='bbox 951 1353 991 1416; x_wconf 88' lang='lat' dir='ltr'>ha</span> <span class='ocrx_word' id='word_1_103' title='bbox 1032 1375 1121 1437; x_wconf 88' lang='lat' dir='ltr'>rem,</span> 
     </span>
     <span class='ocr_line' id='line_1_13' title="bbox 54 1435 1123 1519; baseline 0.007 -25"><span class='ocrx_word' id='word_1_104' title='bbox 54 1435 100 1494; x_wconf 86' lang='lat' dir='ltr'>ted</span> <span class='ocrx_word' id='word_1_105' title='bbox 116 1435 199 1519; x_wconf 89' lang='lat' dir='ltr'>quud</span> <span class='ocrx_word' id='word_1_106' title='bbox 213 1436 320 1498; x_wconf 86' lang='lat' dir='ltr'>melius</span> <span class='ocrx_word' id='word_1_107' title='bbox 333 1457 396 1498; x_wconf 90' lang='lat' dir='ltr'>non</span> <span class='ocrx_word' id='word_1_108' title='bbox 416 1447 614 1499; x_wconf 78' lang='lat' dir='ltr'>succurreret.</span> <span class='ocrx_word' id='word_1_109' title='bbox 633 1435 770 1496; x_wconf 85' lang='lat' dir='ltr'>Tandem</span> <span class='ocrx_word' id='word_1_110' title='bbox 790 1435 946 1518; x_wconf 78' lang='lat' dir='ltr'>persuasus</span> <span class='ocrx_word' id='word_1_111' title='bbox 967 1457 1050 1514; x_wconf 82' lang='lat' dir='ltr'>amn,</span> <span class='ocrx_word' id='word_1_112' title='bbox 1065 1440 1123 1502; x_wconf 82' lang='lat' dir='ltr'>rite</span> 
     </span>
     <span class='ocr_line' id='line_1_14' title="bbox 56 1514 1123 1602; baseline 0.006 -22"><span class='ocrx_word' id='word_1_113' title='bbox 56 1537 172 1598; x_wconf 80' lang='lat' dir='ltr'>expensa</span> <span class='ocrx_word' id='word_1_114' title='bbox 191 1539 244 1594; x_wconf 85' lang='lat' dir='ltr'>rc,</span> <span class='ocrx_word' id='word_1_115' title='bbox 272 1515 311 1580; x_wconf 80' lang='lat' dir='ltr'>rai</span> <span class='ocrx_word' id='word_1_116' title='bbox 337 1514 487 1602; x_wconf 71' lang='grc' dir='ltr'>ἆῤῥόφια</span> <span class='ocrx_word' id='word_1_117' title='bbox 515 1539 580 1581; x_wconf 88' lang='lat' dir='ltr'>esse</span> <span class='ocrx_word' id='word_1_118' title='bbox 607 1526 704 1581; x_wconf 82' lang='lat' dir='ltr'>restes</span> <span class='ocrx_word' id='word_1_119' title='bbox 775 1516 880 1580; x_wconf 84' lang='lat' dir='ltr'>tabiles</span> <span class='ocrx_word' id='word_1_120' title='bbox 943 1521 1048 1599; x_wconf 85' lang='lat' dir='ltr'>idem,</span> <span class='ocrx_word' id='word_1_121' title='bbox 1069 1521 1123 1586; x_wconf 86' lang='lat' dir='ltr'>oed</span> 
     </span>
     <span class='ocr_line' id='line_1_15' title="bbox 55 1543 1123 1683; baseline 0.009 -25"><span class='ocrx_word' id='word_1_122' title='bbox 55 1600 209 1683; x_wconf 79' lang='lat' dir='ltr'>inquibus</span> <span class='ocrx_word' id='word_1_123' title='bbox 229 1614 334 1663; x_wconf 78' lang='lat' dir='ltr'>sumre</span> <span class='ocrx_word' id='word_1_124' title='bbox 355 1602 440 1663; x_wconf 89' lang='lat' dir='ltr'>nulla</span> <span class='ocrx_word' id='word_1_125' title='bbox 460 1614 558 1682; x_wconf 78' lang='lat' dir='ltr'>esset,</span> <span class='ocrx_word' id='word_1_126' title='bbox 590 1623 663 1664; x_wconf 87' lang='lat' dir='ltr'>acus</span> <span class='ocrx_word' id='word_1_127' title='bbox 682 1624 723 1663; x_wconf 88' lang='lat' dir='ltr'>nu</span> <span class='ocrx_word' id='word_1_128' title='bbox 749 1624 767 1662; x_wconf 84' lang='lat' dir='ltr'>a</span> <span class='ocrx_word' id='word_1_129' title='bbox 787 1613 864 1664; x_wconf 86' lang='lat' dir='ltr'>esset</span> <span class='ocrx_word' id='word_1_130' title='bbox 884 1543 1042 1683; x_wconf 76' lang='lat' dir='ltr'>adlribita,</span> <span class='ocrx_word' id='word_1_131' title='bbox 1070 1607 1123 1668; x_wconf 90' lang='lat' dir='ltr'>sed</span> 
     </span>
     <span class='ocr_line' id='line_1_16' title="bbox 56 1685 1122 1770; baseline 0.002 -26"><span class='ocrx_word' id='word_1_132' title='bbox 56 1703 124 1762; x_wconf 81' lang='lat' dir='ltr'>quae</span> <span class='ocrx_word' id='word_1_133' title='bbox 142 1685 182 1745; x_wconf 91' lang='lat' dir='ltr'>de</span> <span class='ocrx_word' id='word_1_134' title='bbox 202 1695 267 1746; x_wconf 87' lang='lat' dir='ltr'>toto</span> <span class='ocrx_word' id='word_1_135' title='bbox 286 1696 383 1746; x_wconf 65' lang='lat' dir='ltr'>cassu</span> <span class='ocrx_word' id='word_1_136' title='bbox 402 1695 522 1763; x_wconf 81' lang='lat' dir='ltr'>textae,</span> <span class='ocrx_word' id='word_1_137' title='bbox 542 1705 606 1746; x_wconf 90' lang='lat' dir='ltr'>uuo</span> <span class='ocrx_word' id='word_1_138' title='bbox 625 1685 769 1746; x_wconf 87' lang='lat' dir='ltr'>continuo</span> <span class='ocrx_word' id='word_1_139' title='bbox 789 1695 892 1758; x_wconf 81' lang='lat' dir='ltr'>textu,</span> <span class='ocrx_word' id='word_1_140' title='bbox 915 1689 978 1746; x_wconf 84' lang='lat' dir='ltr'>sive</span> <span class='ocrx_word' id='word_1_141' title='bbox 999 1686 1029 1748; x_wconf 94' lang='lat' dir='ltr'>id</span> <span class='ocrx_word' id='word_1_142' title='bbox 1052 1689 1122 1770; x_wconf 78' lang='lat' dir='ltr'>iugo</span> 
     </span>
     <span class='ocr_line' id='line_1_17' title="bbox 54 1765 1122 1852; baseline 0.006 -26"><span class='ocrx_word' id='word_1_143' title='bbox 54 1769 170 1828; x_wconf 74' lang='lat' dir='ltr'>textorio</span> <span class='ocrx_word' id='word_1_144' title='bbox 191 1765 306 1828; x_wconf 86' lang='lat' dir='ltr'>factum</span> <span class='ocrx_word' id='word_1_145' title='bbox 326 1769 436 1841; x_wconf 71' lang='lat' dir='ltr'>licerit,</span> <span class='ocrx_word' id='word_1_146' title='bbox 458 1770 522 1830; x_wconf 86' lang='lat' dir='ltr'>sive</span> <span class='ocrx_word' id='word_1_147' title='bbox 547 1769 661 1829; x_wconf 86' lang='lat' dir='ltr'>acubus</span> <span class='ocrx_word' id='word_1_148' title='bbox 681 1768 741 1830; x_wconf 88' lang='lat' dir='ltr'>illis</span> <span class='ocrx_word' id='word_1_149' title='bbox 762 1787 815 1828; x_wconf 89' lang='lat' dir='ltr'>seu</span> <span class='ocrx_word' id='word_1_150' title='bbox 835 1767 971 1829; x_wconf 88' lang='lat' dir='ltr'>cannulis</span> <span class='ocrx_word' id='word_1_151' title='bbox 991 1767 1122 1852; x_wconf 79' lang='lat' dir='ltr'>ferreis,</span> 
     </span>
     <span class='ocr_line' id='line_1_18' title="bbox 56 1850 1123 1934; baseline 0.006 -26"><span class='ocrx_word' id='word_1_152' title='bbox 56 1869 174 1928; x_wconf 84' lang='lat' dir='ltr'>quarum</span> <span class='ocrx_word' id='word_1_153' title='bbox 197 1870 254 1931; x_wconf 87' lang='lat' dir='ltr'>ope</span> <span class='ocrx_word' id='word_1_154' title='bbox 272 1850 389 1912; x_wconf 85' lang='lat' dir='ltr'>tibialia</span> <span class='ocrx_word' id='word_1_155' title='bbox 423 1851 509 1912; x_wconf 92' lang='lat' dir='ltr'>lanea</span> <span class='ocrx_word' id='word_1_156' title='bbox 535 1861 683 1934; x_wconf 82' lang='lat' dir='ltr'>parantur</span> <span class='ocrx_word' id='word_1_157' title='bbox 712 1873 731 1912; x_wconf 90' lang='lat' dir='ltr'>a</span> <span class='ocrx_word' id='word_1_158' title='bbox 751 1850 907 1928; x_wconf 80' lang='lat' dir='ltr'>foeminis,</span> <span class='ocrx_word' id='word_1_159' title='bbox 941 1851 1021 1932; x_wconf 88' lang='lat' dir='ltr'>quod</span> <span class='ocrx_word' id='word_1_160' title='bbox 1043 1853 1123 1914; x_wconf 87' lang='lat' dir='ltr'>Ger·</span> 
     </span>
     <span class='ocr_line' id='line_1_19' title="bbox 55 1932 1122 2015; baseline 0.007 -25"><span class='ocrx_word' id='word_1_161' title='bbox 55 1935 126 1992; x_wconf 81' lang='lat' dir='ltr'>mani</span> <span class='ocrx_word' id='word_1_162' title='bbox 143 1933 298 2015; x_wconf 49' lang='lat' dir='ltr'>proult,</span> <span class='ocrx_word' id='word_1_163' title='bbox 318 1933 425 1994; x_wconf 80' lang='lat' dir='ltr'>Batavi</span> <span class='ocrx_word' id='word_1_164' title='bbox 443 1935 578 2014; x_wconf 75' lang='lat' dir='ltr'>gebreyt,</span> <span class='ocrx_word' id='word_1_165' title='bbox 600 1933 711 1994; x_wconf 82' lang='lat' dir='ltr'>Franci</span> <span class='ocrx_word' id='word_1_166' title='bbox 731 1932 859 2008; x_wconf 76' lang='lat' dir='ltr'>bmcize&#39;,</span> <span class='ocrx_word' id='word_1_167' title='bbox 884 1935 985 1995; x_wconf 56' lang='lat' dir='ltr'>eminete</span> <span class='ocrx_word' id='word_1_168' title='bbox 1003 1935 1122 1999; x_wconf 89' lang='lat' dir='ltr'>dicunt.</span> 
     </span>
     <span class='ocr_line' id='line_1_20' title="bbox 56 2015 1124 2086; baseline 0.007 -14"><span class='ocrx_word' id='word_1_169' title='bbox 56 2015 178 2076; x_wconf 85' lang='lat' dir='ltr'>Multum</span> <span class='ocrx_word' id='word_1_170' title='bbox 190 2017 266 2078; x_wconf 85' lang='lat' dir='ltr'>mihi</span> <span class='ocrx_word' id='word_1_171' title='bbox 281 2015 475 2076; x_wconf 85' lang='lat' dir='ltr'>dubitationis</span> <span class='ocrx_word' id='word_1_172' title='bbox 489 2019 591 2086; x_wconf 84' lang='lat' dir='ltr'>iniecit</span> <span class='ocrx_word' id='word_1_173' title='bbox 605 2015 768 2078; x_wconf 72' lang='lat' dir='ltr'>Salmasius</span> <span class='ocrx_word' id='word_1_174' title='bbox 786 2015 825 2076; x_wconf 91' lang='lat' dir='ltr'>de</span> <span class='ocrx_word' id='word_1_175' title='bbox 843 2019 945 2077; x_wconf 89' lang='lat' dir='ltr'>tunica</span> <span class='ocrx_word' id='word_1_176' title='bbox 966 2037 1028 2080; x_wconf 88' lang='lat' dir='ltr'>non</span> <span class='ocrx_word' id='word_1_177' title='bbox 1050 2039 1124 2080; x_wconf 88' lang='lat' dir='ltr'>oon-</span> 
     </span>
     <span class='ocr_line' id='line_1_21' title="bbox 57 2097 1123 2184; baseline 0.01 -31"><span class='ocrx_word' id='word_1_178' title='bbox 57 2097 127 2158; x_wconf 84' lang='lat' dir='ltr'>suuli</span> <span class='ocrx_word' id='word_1_179' title='bbox 147 2101 190 2161; x_wconf 88' lang='lat' dir='ltr'>D.</span> <span class='ocrx_word' id='word_1_180' title='bbox 216 2099 254 2165; x_wconf 89' lang='lat' dir='ltr'>N.</span> <span class='ocrx_word' id='word_1_181' title='bbox 269 2099 294 2159; x_wconf 96' lang='lat' dir='ltr'>l.</span> <span class='ocrx_word' id='word_1_182' title='bbox 309 2100 346 2159; x_wconf 89' lang='lat' dir='ltr'>C.</span> <span class='ocrx_word' id='word_1_183' title='bbox 368 2101 524 2182; x_wconf 86' lang='lat' dir='ltr'>disputans</span> <span class='ocrx_word' id='word_1_184' title='bbox 543 2100 582 2159; x_wconf 88' lang='lat' dir='ltr'>ad</span> <span class='ocrx_word' id='word_1_185' title='bbox 602 2099 712 2180; x_wconf 82' lang='lat' dir='ltr'>Script.</span> <span class='ocrx_word' id='word_1_186' title='bbox 734 2099 815 2159; x_wconf 85' lang='lat' dir='ltr'>llist.</span> <span class='ocrx_word' id='word_1_187' title='bbox 836 2099 919 2181; x_wconf 74' lang='lat' dir='ltr'>Aug.</span> <span class='ocrx_word' id='word_1_188' title='bbox 941 2101 981 2160; x_wconf 88' lang='lat' dir='ltr'>T.</span> <span class='ocrx_word' id='word_1_189' title='bbox 996 2101 1037 2162; x_wconf 93' lang='lat' dir='ltr'>ll.</span> <span class='ocrx_word' id='word_1_190' title='bbox 1053 2121 1123 2184; x_wconf 80' lang='lat' dir='ltr'>pag.</span> 
     </span>
     <span class='ocr_line' id='line_1_22' title="bbox 55 2177 1125 2268; baseline 0.006 -28"><span class='ocrx_word' id='word_1_191' title='bbox 55 2177 117 2240; x_wconf 81' lang='lat'>566.</span> <span class='ocrx_word' id='word_1_192' title='bbox 137 2193 168 2244; x_wconf 87' lang='lat' dir='ltr'>et</span> <span class='ocrx_word' id='word_1_193' title='bbox 197 2203 305 2262; x_wconf 85' lang='lat' dir='ltr'>parum</span> <span class='ocrx_word' id='word_1_194' title='bbox 326 2182 450 2258; x_wconf 82' lang='lat' dir='ltr'>aberat,</span> <span class='ocrx_word' id='word_1_195' title='bbox 479 2183 553 2264; x_wconf 91' lang='lat' dir='ltr'>quin</span> <span class='ocrx_word' id='word_1_196' title='bbox 583 2183 615 2241; x_wconf 90' lang='lat' dir='ltr'>in</span> <span class='ocrx_word' id='word_1_197' title='bbox 636 2201 722 2242; x_wconf 86' lang='lat' dir='ltr'>suam</span> <span class='ocrx_word' id='word_1_198' title='bbox 742 2185 921 2243; x_wconf 88' lang='lat' dir='ltr'>sententiam</span> <span class='ocrx_word' id='word_1_199' title='bbox 941 2203 989 2244; x_wconf 87' lang='lat' dir='ltr'>me</span> <span class='ocrx_word' id='word_1_200' title='bbox 1008 2177 1125 2268; x_wconf 78' lang='lat' dir='ltr'>pertra-</span> 
     </span>
     <span class='ocr_line' id='line_1_23' title="bbox 55 2257 1125 2362; baseline 0.003 -38"><span class='ocrx_word' id='word_1_201' title='bbox 55 2257 142 2325; x_wconf 79' lang='lat' dir='ltr'>huet.</span> <span class='ocrx_word' id='word_1_202' title='bbox 184 2267 265 2326; x_wconf 88' lang='lat' dir='ltr'>Tam</span> <span class='ocrx_word' id='word_1_203' title='bbox 294 2269 427 2362; x_wconf 88' lang='lat' dir='ltr'>speciosa</span> <span class='ocrx_word' id='word_1_204' title='bbox 456 2275 520 2325; x_wconf 88' lang='lat' dir='ltr'>erat</span> <span class='ocrx_word' id='word_1_205' title='bbox 538 2265 775 2348; x_wconf 77' lang='lat' dir='ltr'>argumentatio,</span> <span class='ocrx_word' id='word_1_206' title='bbox 804 2287 864 2346; x_wconf 87' lang='lat' dir='ltr'>qun</span> <span class='ocrx_word' id='word_1_207' title='bbox 892 2287 978 2328; x_wconf 83' lang='lat' dir='ltr'>auem</span> <span class='ocrx_word' id='word_1_208' title='bbox 1005 2277 1125 2328; x_wconf 88' lang='lat' dir='ltr'>senten-</span> 
     </span>
     <span class='ocr_line' id='line_1_24' title="bbox 54 2345 1125 2432; baseline 0.011 -30"><span class='ocrx_word' id='word_1_209' title='bbox 54 2345 118 2404; x_wconf 81' lang='lat' dir='ltr'>tiam</span> <span class='ocrx_word' id='word_1_210' title='bbox 137 2346 237 2409; x_wconf 80' lang='lat' dir='ltr'>liricit.</span> <span class='ocrx_word' id='word_1_211' title='bbox 279 2347 352 2408; x_wconf 77' lang='lat' dir='ltr'>Vidi</span> <span class='ocrx_word' id='word_1_212' title='bbox 365 2359 467 2410; x_wconf 87' lang='lat' dir='ltr'>tamen</span> <span class='ocrx_word' id='word_1_213' title='bbox 491 2350 626 2425; x_wconf 86' lang='lat' dir='ltr'>taudem,</span> <span class='ocrx_word' id='word_1_214' title='bbox 641 2367 745 2408; x_wconf 84' lang='lat' dir='ltr'>veram</span> <span class='ocrx_word' id='word_1_215' title='bbox 765 2369 831 2408; x_wconf 89' lang='lat' dir='ltr'>eam</span> <span class='ocrx_word' id='word_1_216' title='bbox 852 2369 914 2408; x_wconf 88' lang='lat' dir='ltr'>non</span> <span class='ocrx_word' id='word_1_217' title='bbox 933 2367 1020 2424; x_wconf 79' lang='lat' dir='ltr'>esee,</span> <span class='ocrx_word' id='word_1_218' title='bbox 1042 2351 1125 2432; x_wconf 86' lang='lat' dir='ltr'>quod</span> 
     </span>
     <span class='ocr_line' id='line_1_25' title="bbox 53 2429 1125 2516; baseline 0.003 -26"><span class='ocrx_word' id='word_1_219' title='bbox 53 2441 144 2506; x_wconf 79' lang='lat' dir='ltr'>postea</span> <span class='ocrx_word' id='word_1_220' title='bbox 170 2431 411 2492; x_wconf 81' lang='lat' dir='ltr'>demonstratum</span> <span class='ocrx_word' id='word_1_221' title='bbox 438 2429 530 2491; x_wconf 85' lang='lat' dir='ltr'>dabo.</span> <span class='ocrx_word' id='word_1_222' title='bbox 572 2431 664 2492; x_wconf 87' lang='lat' dir='ltr'>Prius</span> <span class='ocrx_word' id='word_1_223' title='bbox 696 2431 936 2512; x_wconf 83' lang='lat' dir='ltr'>cognoscendum</span> <span class='ocrx_word' id='word_1_224' title='bbox 958 2442 1002 2492; x_wconf 86' lang='lat' dir='ltr'>cst</span> <span class='ocrx_word' id='word_1_225' title='bbox 1013 2479 1024 2510; x_wconf 91' lang='lat'>,</span> <span class='ocrx_word' id='word_1_226' title='bbox 1051 2433 1125 2516; x_wconf 89' lang='lat' dir='ltr'>quid</span> 
     </span>
     <span class='ocr_line' id='line_1_26' title="bbox 53 2505 1126 2596; baseline 0.007 -26"><span class='ocrx_word' id='word_1_227' title='bbox 53 2507 99 2570; x_wconf 77' lang='lat' dir='ltr'>illc</span> <span class='ocrx_word' id='word_1_228' title='bbox 115 2523 204 2595; x_wconf 88' lang='lat' dir='ltr'>putet</span> <span class='ocrx_word' id='word_1_229' title='bbox 222 2525 321 2576; x_wconf 84' lang='lat' dir='ltr'>vestes</span> <span class='ocrx_word' id='word_1_230' title='bbox 344 2505 514 2596; x_wconf 74' lang='grc' dir='ltr'><strong><em>ἀρ’ῥάφοας</em></strong></span> <span class='ocrx_word' id='word_1_231' title='bbox 535 2512 638 2574; x_wconf 82' lang='lat' dir='ltr'>luisse.</span> <span class='ocrx_word' id='word_1_232' title='bbox 681 2513 809 2574; x_wconf 87' lang='lat' dir='ltr'>Necesse</span> <span class='ocrx_word' id='word_1_233' title='bbox 828 2525 895 2591; x_wconf 87' lang='lat' dir='ltr'>est,</span> <span class='ocrx_word' id='word_1_234' title='bbox 917 2525 952 2574; x_wconf 88' lang='lat' dir='ltr'>ut</span> <span class='ocrx_word' id='word_1_235' title='bbox 972 2514 1126 2596; x_wconf 86' lang='lat' dir='ltr'>potissima</span> 
     </span>
     <span class='ocr_line' id='line_1_27' title="bbox 53 2593 1126 2670; baseline 0.009 -20"><span class='ocrx_word' id='word_1_236' title='bbox 53 2593 109 2654; x_wconf 84' lang='lat' dir='ltr'>cius</span> <span class='ocrx_word' id='word_1_237' title='bbox 125 2597 223 2658; x_wconf 81' lang='lat' dir='ltr'>verba</span> <span class='ocrx_word' id='word_1_238' title='bbox 242 2597 303 2658; x_wconf 87' lang='lat' dir='ltr'>huc</span> <span class='ocrx_word' id='word_1_239' title='bbox 319 2595 543 2658; x_wconf 80' lang='lat' dir='ltr'>transscribam.</span> <span class='ocrx_word' id='word_1_240' title='bbox 572 2595 670 2656; x_wconf 89' lang='lat' dir='ltr'>Docta</span> <span class='ocrx_word' id='word_1_241' title='bbox 689 2605 759 2654; x_wconf 85' lang='lat' dir='ltr'>sunt</span> <span class='ocrx_word' id='word_1_242' title='bbox 777 2607 806 2655; x_wconf 89' lang='lat' dir='ltr'>et</span> <span class='ocrx_word' id='word_1_243' title='bbox 825 2597 998 2670; x_wconf 86' lang='lat' dir='ltr'>instruunt,</span> <span class='ocrx_word' id='word_1_244' title='bbox 1021 2607 1051 2658; x_wconf 86' lang='lat' dir='ltr'>et</span> <span class='ocrx_word' id='word_1_245' title='bbox 1063 2597 1126 2660; x_wconf 91' lang='lat' dir='ltr'>huc</span> 
     </span>
     <span class='ocr_line' id='line_1_28' title="bbox 52 2676 1127 2826; baseline 0.007 -8"><span class='ocrx_word' id='word_1_246' title='bbox 52 2676 973 2824; x_wconf 38' lang='lat' dir='ltr'>33...¹335ppodffiphmafflbgzffspfflg</span> <span class='ocrx_word' id='word_1_247' title='bbox 991 2682 1127 2826; x_wconf 61' lang='lat' dir='ltr'>23²⁰ng</span> 
     </span>
     <span class='ocr_line' id='line_1_29' title="bbox 52 2785 1126 2926; baseline 0.003 -22"><span class='ocrx_word' id='word_1_248' title='bbox 52 2785 156 2905; x_wconf 52' lang='lat' dir='ltr'>tonilla</span> <span class='ocrx_word' id='word_1_249' title='bbox 177 2845 255 2907; x_wconf 77' lang='lat' dir='ltr'>alias</span> <span class='ocrx_word' id='word_1_250' title='bbox 274 2839 526 2926; x_wconf 59' lang='lat' dir='ltr'>fuisseogcororlc</span> <span class='ocrx_word' id='word_1_251' title='bbox 546 2844 626 2926; x_wconf 89' lang='lat' dir='ltr'>apud</span> <span class='ocrx_word' id='word_1_252' title='bbox 649 2803 781 2918; x_wconf 61' lang='lat' dir='ltr'>retered:</span> <span class='ocrx_word' id='word_1_253' title='bbox 799 2863 878 2926; x_wconf 87' lang='lat' dir='ltr'>quae</span> <span class='ocrx_word' id='word_1_254' title='bbox 902 2855 932 2904; x_wconf 90' lang='lat' dir='ltr'>ct</span> <span class='ocrx_word' id='word_1_255' title='bbox 945 2807 1126 2924; x_wconf 59' lang='lat' dir='ltr'>’pumdi&#39;di-</span> 
     </span>
     <span class='ocr_line' id='line_1_30' title="bbox 50 2920 1127 3010; baseline 0.008 -27"><span class='ocrx_word' id='word_1_256' title='bbox 50 2923 192 2989; x_wconf 79' lang='lat' dir='ltr'>cebantur</span> <span class='ocrx_word' id='word_1_257' title='bbox 202 2939 234 2988; x_wconf 90' lang='lat' dir='ltr'>et</span> <span class='ocrx_word' id='word_1_258' title='bbox 246 2926 477 3010; x_wconf 78' lang='grc' dir='ltr'><strong><em>συμπορπητοί,</em></strong></span> <span class='ocrx_word' id='word_1_259' title='bbox 498 2927 572 2990; x_wconf 82' lang='lat' dir='ltr'>alias</span> <span class='ocrx_word' id='word_1_260' title='bbox 586 2920 777 3007; x_wconf 76' lang='grc' dir='ltr'><strong><em>ἆρ’ῥάφαας,</em></strong></span> <span class='ocrx_word' id='word_1_261' title='bbox 793 2947 871 3008; x_wconf 87' lang='lat' dir='ltr'>quae</span> <span class='ocrx_word' id='word_1_262' title='bbox 891 2947 927 2987; x_wconf 82' lang='lat' dir='ltr'>ex</span> <span class='ocrx_word' id='word_1_263' title='bbox 945 2937 1010 2988; x_wconf 90' lang='lat' dir='ltr'>toto</span> <span class='ocrx_word' id='word_1_264' title='bbox 1029 2937 1127 2992; x_wconf 87' lang='lat' dir='ltr'>tectae</span> 
     </span>
     <span class='ocr_line' id='line_1_31' title="bbox 52 3007 1127 3094; baseline 0.007 -27"><span class='ocrx_word' id='word_1_265' title='bbox 52 3010 286 3093; x_wconf 80' lang='lat' dir='ltr'>conclusacque,</span> <span class='ocrx_word' id='word_1_266' title='bbox 316 3023 347 3073; x_wconf 88' lang='lat' dir='ltr'>et</span> <span class='ocrx_word' id='word_1_267' title='bbox 365 3009 451 3072; x_wconf 90' lang='lat' dir='ltr'>nulla</span> <span class='ocrx_word' id='word_1_268' title='bbox 470 3021 556 3094; x_wconf 84' lang='lat' dir='ltr'>parte</span> <span class='ocrx_word' id='word_1_269' title='bbox 576 3007 681 3072; x_wconf 85' lang='lat' dir='ltr'>sutiles</span> <span class='ocrx_word' id='word_1_270' title='bbox 699 3007 911 3091; x_wconf 82' lang='lat' dir='ltr'>scissilesque,</span> <span class='ocrx_word' id='word_1_271' title='bbox 931 3012 1127 3094; x_wconf 80' lang='lat' dir='ltr'>quemadmo-</span> 
     </span>
     <span class='ocr_line' id='line_1_32' title="bbox 52 3088 1127 3172; baseline 0.007 -23"><span class='ocrx_word' id='word_1_272' title='bbox 52 3088 118 3152; x_wconf 88' lang='lat' dir='ltr'>dum</span> <span class='ocrx_word' id='word_1_273' title='bbox 139 3106 215 3154; x_wconf 86' lang='lat' dir='ltr'>sunt</span> <span class='ocrx_word' id='word_1_274' title='bbox 227 3097 368 3156; x_wconf 85' lang='lat' dir='ltr'>camisiae</span> <span class='ocrx_word' id='word_1_275' title='bbox 383 3105 517 3170; x_wconf 69' lang='lat' dir='ltr'>nomme,</span> <span class='ocrx_word' id='word_1_276' title='bbox 537 3103 569 3154; x_wconf 92' lang='lat' dir='ltr'>et</span> <span class='ocrx_word' id='word_1_277' title='bbox 587 3091 748 3169; x_wconf 81' lang='lat' dir='ltr'>interulae,</span> <span class='ocrx_word' id='word_1_278' title='bbox 769 3092 832 3154; x_wconf 85' lang='lat' dir='ltr'>sive</span> <span class='ocrx_word' id='word_1_279' title='bbox 852 3091 957 3154; x_wconf 88' lang='lat' dir='ltr'>laneae</span> <span class='ocrx_word' id='word_1_280' title='bbox 974 3094 1034 3155; x_wconf 87' lang='lat' dir='ltr'>sint</span> <span class='ocrx_word' id='word_1_281' title='bbox 1048 3093 1127 3172; x_wconf 88' lang='lat' dir='ltr'>illae,</span> 
     </span>
     <span class='ocr_line' id='line_1_33' title="bbox 51 3169 1127 3260; baseline 0.007 -28"><span class='ocrx_word' id='word_1_282' title='bbox 51 3173 108 3235; x_wconf 77' lang='lat' dir='ltr'>aire</span> <span class='ocrx_word' id='word_1_283' title='bbox 127 3175 248 3256; x_wconf 77' lang='lat' dir='ltr'>lineae3</span> <span class='ocrx_word' id='word_1_284' title='bbox 267 3169 395 3255; x_wconf 74' lang='grc' dir='ltr'><strong><em>σχισταί</em></strong></span> <span class='ocrx_word' id='word_1_285' title='bbox 407 3178 501 3258; x_wconf 82' lang='lat' dir='ltr'>igitur</span> <span class='ocrx_word' id='word_1_286' title='bbox 515 3176 648 3254; x_wconf 75' lang='grc' dir='ltr'><strong><em>χιτῶνες</em></strong></span> <span class='ocrx_word' id='word_1_287' title='bbox 658 3186 756 3251; x_wconf 85' lang='lat' dir='ltr'>erant,</span> <span class='ocrx_word' id='word_1_288' title='bbox 778 3177 831 3257; x_wconf 89' lang='lat' dir='ltr'>qui</span> <span class='ocrx_word' id='word_1_289' title='bbox 856 3197 890 3236; x_wconf 87' lang='lat' dir='ltr'>ex</span> <span class='ocrx_word' id='word_1_290' title='bbox 901 3187 1030 3259; x_wconf 85' lang='lat' dir='ltr'>utraque</span> <span class='ocrx_word' id='word_1_291' title='bbox 1041 3189 1127 3260; x_wconf 87' lang='lat' dir='ltr'>parte</span> 
     </span>
     <span class='ocr_line' id='line_1_34' title="bbox 51 3252 1128 3344; baseline 0.001 -25"><span class='ocrx_word' id='word_1_292' title='bbox 51 3255 78 3313; x_wconf 82' lang='lat' dir='ltr'>in</span> <span class='ocrx_word' id='word_1_293' title='bbox 106 3257 243 3321; x_wconf 83' lang='lat' dir='ltr'>humeris</span> <span class='ocrx_word' id='word_1_294' title='bbox 271 3259 367 3322; x_wconf 77' lang='lat' dir='ltr'>fibula</span> <span class='ocrx_word' id='word_1_295' title='bbox 396 3257 630 3344; x_wconf 77' lang='lat' dir='ltr'>stringebantur.</span> <span class='ocrx_word' id='word_1_296' title='bbox 672 3257 802 3320; x_wconf 85' lang='lat' dir='ltr'>Pollux:</span> <span class='ocrx_word' id='word_1_297' title='bbox 833 3252 908 3320; x_wconf 77' lang='grc' dir='ltr'>ὅδὲ</span> <span class='ocrx_word' id='word_1_298' title='bbox 927 3253 1054 3336; x_wconf 80' lang='grc' dir='ltr'><strong><em>σχιστός</em></strong></span> <span class='ocrx_word' id='word_1_299' title='bbox 1075 3281 1128 3340; x_wconf 74' lang='grc' dir='ltr'>χι·</span> 
     </span>
     <span class='ocr_line' id='line_1_35' title="bbox 50 3331 1215 3425; baseline 0.006 -29"><span class='ocrx_word' id='word_1_300' title='bbox 50 3333 105 3399; x_wconf 69' lang='grc' dir='ltr'>τὸν</span> <span class='ocrx_word' id='word_1_301' title='bbox 123 3339 279 3418; x_wconf 74' lang='grc' dir='ltr'><strong><em>περόναις</em></strong></span> <span class='ocrx_word' id='word_1_302' title='bbox 296 3336 375 3404; x_wconf 75' lang='grc' dir='ltr'>κατὰ</span> <span class='ocrx_word' id='word_1_303' title='bbox 395 3338 469 3414; x_wconf 78' lang='grc' dir='ltr'>τούς</span> <span class='ocrx_word' id='word_1_304' title='bbox 489 3331 598 3418; x_wconf 75' lang='grc' dir='ltr'><strong><em>ὤμους</em></strong></span> <span class='ocrx_word' id='word_1_305' title='bbox 614 3337 740 3422; x_wconf 80' lang='grc' dir='ltr'><strong><em>διἐιρτο.</em></strong></span> <span class='ocrx_word' id='word_1_306' title='bbox 756 3333 905 3424; x_wconf 82' lang='grc' dir='ltr'><strong><em>Περόνας</em></strong></span> <span class='ocrx_word' id='word_1_307' title='bbox 926 3341 993 3402; x_wconf 86' lang='lat' dir='ltr'>illus</span> <span class='ocrx_word' id='word_1_308' title='bbox 1015 3339 1127 3425; x_wconf 75' lang='grc' dir='ltr'><strong><em>ῥαφὰς</em></strong></span> <span class='ocrx_word' id='word_1_309' title='bbox 1204 3350 1215 3359; x_wconf 85' lang='grc'><em>“</em></span> 
     </span>
     <span class='ocr_line' id='line_1_36' title="bbox 52 3419 1127 3507; baseline 0.004 -27"><span class='ocrx_word' id='word_1_310' title='bbox 52 3423 133 3483; x_wconf 61' lang='lat' dir='ltr'>mam</span> <span class='ocrx_word' id='word_1_311' title='bbox 155 3425 302 3487; x_wconf 88' lang='lat' dir='ltr'>dicebant</span> <span class='ocrx_word' id='word_1_312' title='bbox 321 3435 352 3486; x_wconf 89' lang='lat' dir='ltr'>et</span> <span class='ocrx_word' id='word_1_313' title='bbox 383 3419 545 3507; x_wconf 70' lang='grc' dir='ltr'>ῥαφίδαςε</span> <span class='ocrx_word' id='word_1_314' title='bbox 584 3423 667 3505; x_wconf 89' lang='lat' dir='ltr'>quod</span> <span class='ocrx_word' id='word_1_315' title='bbox 687 3421 819 3494; x_wconf 75' lang='lat' dir='ltr'>studiose</span> <span class='ocrx_word' id='word_1_316' title='bbox 837 3423 928 3485; x_wconf 86' lang='lat' dir='ltr'>velim</span> <span class='ocrx_word' id='word_1_317' title='bbox 948 3423 1127 3484; x_wconf 85' lang='lat' dir='ltr'>observari:</span> 
     </span>
     <span class='ocr_line' id='line_1_37' title="bbox 49 3506 1128 3588; baseline 0.005 -26"><span class='ocrx_word' id='word_1_318' title='bbox 49 3523 113 3567; x_wconf 79' lang='lat' dir='ltr'>nans</span> <span class='ocrx_word' id='word_1_319' title='bbox 144 3511 179 3568; x_wconf 90' lang='lat' dir='ltr'>in</span> <span class='ocrx_word' id='word_1_320' title='bbox 210 3530 247 3570; x_wconf 85' lang='lat' dir='ltr'>eo</span> <span class='ocrx_word' id='word_1_321' title='bbox 277 3519 399 3569; x_wconf 87' lang='lat' dir='ltr'>nostrae</span> <span class='ocrx_word' id='word_1_322' title='bbox 425 3507 516 3568; x_wconf 83' lang='lat' dir='ltr'>huius</span> <span class='ocrx_word' id='word_1_323' title='bbox 541 3527 639 3566; x_wconf 84' lang='lat' dir='ltr'>norae</span> <span class='ocrx_word' id='word_1_324' title='bbox 657 3506 912 3588; x_wconf 83' lang='lat' dir='ltr'>interpretationis</span> <span class='ocrx_word' id='word_1_325' title='bbox 931 3507 1063 3587; x_wconf 87' lang='lat' dir='ltr'>positum</span> <span class='ocrx_word' id='word_1_326' title='bbox 1084 3515 1128 3567; x_wconf 83' lang='lat' dir='ltr'>est</span> 
     </span>
     <span class='ocr_line' id='line_1_38' title="bbox 52 3581 1128 3674; baseline 0.001 -26"><span class='ocrx_word' id='word_1_327' title='bbox 52 3585 291 3654; x_wconf 79' lang='lat' dir='ltr'>fundamentum.</span> <span class='ocrx_word' id='word_1_328' title='bbox 337 3589 525 3674; x_wconf 83' lang='lat' dir='ltr'>Hesychius:</span> <span class='ocrx_word' id='word_1_329' title='bbox 559 3582 803 3668; x_wconf 63' lang='lat' dir='ltr'>supercumulat,</span> <span class='ocrx_word' id='word_1_330' title='bbox 837 3587 887 3650; x_wconf 87' lang='lat' dir='ltr'>vel</span> <span class='ocrx_word' id='word_1_331' title='bbox 922 3581 1128 3668; x_wconf 76' lang='lat' dir='ltr'>odpnopuor,</span> 
     </span>
     <span class='ocr_line' id='line_1_39' title="bbox 51 3661 1130 3838; baseline 0.004 -28"><span class='ocrx_word' id='word_1_332' title='bbox 51 3661 1130 3838; x_wconf 48' lang='lat' dir='ltr'>:tfu“feruutur:serracaaazia</span> 
     </span>
     <span class='ocr_line' id='line_1_40' title="bbox 301 3797 953 3831; baseline 0 0"><span class='ocrx_word' id='word_1_333' title='bbox 301 3804 310 3831; x_wconf 75' lang='lat' dir='ltr'>t</span> <span class='ocrx_word' id='word_1_334' title='bbox 714 3797 724 3831; x_wconf 76' lang='lat' dir='ltr'>t</span> <span class='ocrx_word' id='word_1_335' title='bbox 923 3798 953 3816; x_wconf 78' lang='lat'>⁶·</span> 
     </span>
     <span class='ocr_line' id='line_1_41' title="bbox 51 3779 1129 3919; baseline 0.004 -25"><span class='ocrx_word' id='word_1_336' title='bbox 51 3779 286 3918; x_wconf 52' lang='grc' dir='ltr'><strong><em>αχαλοςεῖααὶν</em></strong></span> <span class='ocrx_word' id='word_1_337' title='bbox 303 3832 448 3909; x_wconf 70' lang='grc' dir='ltr'>δουλικὸς</span> <span class='ocrx_word' id='word_1_338' title='bbox 466 3832 648 3919; x_wconf 77' lang='grc' dir='ltr'><strong><em>ἐργατικὸς,</em></strong></span> <span class='ocrx_word' id='word_1_339' title='bbox 682 3832 825 3898; x_wconf 69' lang='lat' dir='ltr'>eludenti</span> <span class='ocrx_word' id='word_1_340' title='bbox 850 3831 907 3917; x_wconf 70' lang='grc' dir='ltr'>τὴν</span> <span class='ocrx_word' id='word_1_341' title='bbox 929 3827 1039 3919; x_wconf 70' lang='grc' dir='ltr'><strong><em>ἑτέραν</em></strong></span> <span class='ocrx_word' id='word_1_342' title='bbox 1065 3857 1129 3914; x_wconf 89' lang='grc' dir='ltr'>μα-</span> 
     </span>
     <span class='ocr_line' id='line_1_42' title="bbox 51 3905 1213 4003; baseline 0.003 -27"><span class='ocrx_word' id='word_1_343' title='bbox 51 3916 166 3999; x_wconf 74' lang='grc' dir='ltr'><em>σχάλην</em></span> <span class='ocrx_word' id='word_1_344' title='bbox 187 3905 277 4002; x_wconf 63' lang='grc' dir='ltr'><strong><em>ἔχειν</em></strong></span> <span class='ocrx_word' id='word_1_345' title='bbox 297 3913 513 4003; x_wconf 75' lang='grc' dir='ltr'>ἐρ’ῥαμμένην,</span> <span class='ocrx_word' id='word_1_346' title='bbox 533 3921 615 4003; x_wconf 82' lang='lat' dir='ltr'>quod</span> <span class='ocrx_word' id='word_1_347' title='bbox 632 3921 757 3980; x_wconf 81' lang='lat' dir='ltr'>alteram</span> <span class='ocrx_word' id='word_1_348' title='bbox 773 3921 943 3982; x_wconf 84' lang='lat' dir='ltr'>manuleam</span> <span class='ocrx_word' id='word_1_349' title='bbox 957 3935 1053 3981; x_wconf 75' lang='lat' dir='ltr'>uuam</span> <span class='ocrx_word' id='word_1_350' title='bbox 1073 3921 1130 3980; x_wconf 80' lang='lat' dir='ltr'>lm-</span> <span class='ocrx_word' id='word_1_351' title='bbox 1206 3925 1213 3939; x_wconf 93' lang='grc'><strong>’</strong></span> 
     </span>
     <span class='ocr_line' id='line_1_43' title="bbox 50 3996 1130 4085; baseline 0 -23"><span class='ocrx_word' id='word_1_352' title='bbox 50 3999 152 4062; x_wconf 61' lang='lat' dir='ltr'>beret!</span> <span class='ocrx_word' id='word_1_353' title='bbox 195 4006 322 4066; x_wconf 82' lang='lat' dir='ltr'>Addere</span> <span class='ocrx_word' id='word_1_354' title='bbox 339 4022 463 4085; x_wconf 89' lang='lat' dir='ltr'>possum</span> <span class='ocrx_word' id='word_1_355' title='bbox 487 4003 646 4064; x_wconf 85' lang='lat' dir='ltr'>Plutarchi</span> <span class='ocrx_word' id='word_1_356' title='bbox 667 4000 783 4081; x_wconf 88' lang='lat' dir='ltr'>locum,</span> <span class='ocrx_word' id='word_1_357' title='bbox 802 4005 833 4063; x_wconf 90' lang='lat' dir='ltr'>in</span> <span class='ocrx_word' id='word_1_358' title='bbox 855 4023 916 4085; x_wconf 86' lang='lat' dir='ltr'>quo</span> <span class='ocrx_word' id='word_1_359' title='bbox 937 3996 1029 4085; x_wconf 73' lang='grc' dir='ltr'>ῥαφῆ</span> <span class='ocrx_word' id='word_1_360' title='bbox 1050 4002 1130 4062; x_wconf 86' lang='lat' dir='ltr'>fibu-</span> 
     </span>
     <span class='ocr_line' id='line_1_44' title="bbox 50 4078 1131 4170; baseline 0.001 -27"><span class='ocrx_word' id='word_1_361' title='bbox 50 4080 105 4143; x_wconf 80' lang='lat' dir='ltr'>lam</span> <span class='ocrx_word' id='word_1_362' title='bbox 125 4099 228 4150; x_wconf 85' lang='lat' dir='ltr'>notat.</span> <span class='ocrx_word' id='word_1_363' title='bbox 249 4090 306 4150; x_wconf 88' lang='lat' dir='ltr'>Est</span> <span class='ocrx_word' id='word_1_364' title='bbox 327 4087 360 4147; x_wconf 89' lang='lat' dir='ltr'>in</span> <span class='ocrx_word' id='word_1_365' title='bbox 380 4087 460 4147; x_wconf 88' lang='lat' dir='ltr'>Vitis</span> <span class='ocrx_word' id='word_1_366' title='bbox 479 4107 511 4168; x_wconf 89' lang='lat' dir='ltr'>p.</span> <span class='ocrx_word' id='word_1_367' title='bbox 532 4087 641 4169; x_wconf 77' lang='lat'>1507.=</span> <span class='ocrx_word' id='word_1_368' title='bbox 659 4081 716 4164; x_wconf 74' lang='grc' dir='ltr'>τὴν</span> <span class='ocrx_word' id='word_1_369' title='bbox 737 4079 847 4170; x_wconf 74' lang='grc' dir='ltr'><strong><em>ῥαφὴν</em></strong></span> <span class='ocrx_word' id='word_1_370' title='bbox 866 4078 1131 4168; x_wconf 78' lang='grc' dir='ltr'><strong><em>παραλυσάμενος</em></strong></span> 
     </span>
    </p>
   </div>
   <div class='ocr_carea' id='block_1_4' title="bbox 49 4156 1210 4340">
    <p class='ocr_par' dir='ltr' id='par_1_4' title="bbox 49 4156 1210 4340">
     <span class='ocr_line' id='line_1_45' title="bbox 49 4156 1131 4254; baseline -0.003 -28"><span class='ocrx_word' id='word_1_371' title='bbox 49 4165 80 4221; x_wconf 72' lang='grc' dir='ltr'>ἐκ</span> <span class='ocrx_word' id='word_1_372' title='bbox 99 4170 159 4229; x_wconf 77' lang='grc' dir='ltr'>τοῦ</span> <span class='ocrx_word' id='word_1_373' title='bbox 183 4169 293 4244; x_wconf 78' lang='grc' dir='ltr'><strong><em>δεξιοῦ</em></strong></span> <span class='ocrx_word' id='word_1_374' title='bbox 312 4156 427 4246; x_wconf 70' lang='grc' dir='ltr'><em>ὅμου,</em></span> <span class='ocrx_word' id='word_1_375' title='bbox 449 4169 570 4247; x_wconf 71' lang='lat' dir='ltr'>emtas</span> <span class='ocrx_word' id='word_1_376' title='bbox 591 4168 788 4254; x_wconf 74' lang='lat' dir='ltr'>sibiflbulam</span> <span class='ocrx_word' id='word_1_377' title='bbox 806 4171 921 4229; x_wconf 69' lang='lat' dir='ltr'>amicae</span> <span class='ocrx_word' id='word_1_378' title='bbox 942 4167 990 4247; x_wconf 89' lang='lat' dir='ltr'>(de</span> <span class='ocrx_word' id='word_1_379' title='bbox 1009 4167 1131 4227; x_wconf 88' lang='lat' dir='ltr'>chitonc</span> 
     </span>
     <span class='ocr_line' id='line_1_46' title="bbox 50 4249 1210 4340; baseline 0.001 -33"><span class='ocrx_word' id='word_1_380' title='bbox 50 4249 92 4310; x_wconf 78' lang='lat' dir='ltr'>rel</span> <span class='ocrx_word' id='word_1_381' title='bbox 111 4253 291 4314; x_wconf 84' lang='lat' dir='ltr'>tunica&#39;ibi</span> <span class='ocrx_word' id='word_1_382' title='bbox 320 4273 420 4313; x_wconf 86' lang='lat' dir='ltr'>sermo</span> <span class='ocrx_word' id='word_1_383' title='bbox 452 4255 516 4333; x_wconf 82' lang='lat' dir='ltr'>est)</span> <span class='ocrx_word' id='word_1_384' title='bbox 538 4251 641 4313; x_wconf 67' lang='lat' dir='ltr'>hsta</span> <span class='ocrx_word' id='word_1_385' title='bbox 665 4251 828 4334; x_wconf 66' lang='lat' dir='ltr'>admrngi,</span> <span class='ocrx_word' id='word_1_386' title='bbox 863 4271 897 4311; x_wconf 85' lang='lat' dir='ltr'>er</span> <span class='ocrx_word' id='word_1_387' title='bbox 922 4251 1063 4340; x_wconf 70' lang='lat' dir='ltr'>tiesssict</span> <span class='ocrx_word' id='word_1_388' title='bbox 1080 4249 1131 4309; x_wconf 66' lang='lat' dir='ltr'>dri·</span> <span class='ocrx_word' id='word_1_389' title='bbox 1207 4291 1210 4296; x_wconf 87' lang='lat'><em>-</em></span> 
     </span>
    </p>
   </div>
   <div class='ocr_carea' id='block_1_5' title="bbox 0 0 1492 4892">
    <p class='ocr_par' dir='ltr' id='par_1_5' title="bbox 0 0 1492 4892">
     <span class='ocr_line' id='line_1_47' title="bbox 0 0 1492 4892; baseline 0 0"><span class='ocrx_word' id='word_1_390' title='bbox 0 0 1492 4892; x_wconf 95' lang='lat' dir='ltr'> </span> 
     </span>
    </p>
   </div>
  </div>
 </body>
</html>
