2975 4892
149 334 622 414 inconstantiorem.
650 348 706 412 nn
733 345 871 414 cnam
899 349 977 415 un.
1007 349 1048 413 u.
1077 315 1165 408 633

101 507 221 566 muniar
235 518 372 585 ιααηςσιιι
387 518 417 566 et
437 506 554 567 boivent
576 525 679 566 encore
698 505 775 568 dans
805 503 916 587 l'dglc'se
936 503 1035 574 tundis
1054 527 1110 589 que
1123 506 1166 568 tes

89 591 207 663 sirenes
226 589 425 663 mnouuelleru
446 591 522 650 leurs
536 589 762 668 hnrentationse
781 593 861 648 -ὰ
891 589 923 647 ia
931 589 987 673 fin
1006 589 1046 649 de
1061 589 1096 648 lu
1116 587 1167 650 oe'-

99 671 216 730 rebronie
233 693 272 732 on
285 670 382 732 donne
410 693 475 732 aux
490 675 567 732 amc's
588 671 630 730 du
645 671 715 732 bled
733 687 763 733 et
776 671 819 732 du
838 674 882 731 ris
901 672 1006 732 bonelli
1015 715 1024 746 ,
1050 671 1092 732 du
1109 672 1165 732 αιἰι

100 754 185 814 etrier
204 755 302 833 sruits
335 775 405 814 sees.
461 755 538 814 Certe
561 755 699 838 pectique
725 776 837 816 σοιιιιιια
850 775 915 837 pon
934 755 964 814 te
979 774 1049 816 nom
1071 753 1110 813 de
1125 747 1166 812 eoi

101 836 207 918 σπέρνα
233 857 320 920 posse
339 839 444 919 parmi
462 859 523 898 eur
535 838 688 920 pueritie
707 837 869 899 cl’wcetres
889 838 1004 918 gruude
1024 833 1174 918 umiqmte'

100 929 152 980 etc.
191 919 245 979 Est
266 939 336 978 saue
348 961 357 994 ,
389 930 424 980 ut
449 919 575 980 edictis
614 919 759 982 hactenus
789 931 898 1002 patet,
919 940 986 980 mos
1005 920 1167 1000 antiquos,

101 1003 147 1080 qui
176 1000 288 1062 natales
317 999 406 1063 debet
425 1005 549 1064 crunati
579 1013 609 1063 et
628 1007 740 1084 agapis.
783 1003 925 1064 Gerlach.
948 1002 1031 1063 hune
1050 1021 1169 1062 morem

101 1083 138 1142 sie
156 1081 293 1144 describit
318 1105 350 1165 p.
364 1083 432 1162 65,
451 1087 536 1146 cuius
561 1084 653 1146 verba
674 1085 780 1146 Latine
799 1085 936 1148 reddam.
978 1084 1079 1163 „Post
1093 1084 1169 1144 cele·

100 1166 205 1226 iratum
224 1167 333 1227 αιΙιιιιιν
356 1168 491 1230 divinum
519 1181 548 1228 et
573 1167 759 1230 distributam
785 1170 911 1254 Agonen
929 1167 1051 1254 fiebant
1082 1189 1169 1228 exse-

100 1251 177 1330 quiae
195 1251 353 1328 foeminae
387 1251 557 1324 cuiusdam,
592 1251 628 1311 id
660 1266 703 1312 est
731 1253 921 1330 ιααιαόαιασς
998 1273 1029 1312 m
1049 1263 1170 1310 corcucm

97 1328 654 1498 tittctttttttttt‘tlittt
669 1335 879 1478 iffi
922 1439 972 1476 a„
992 1333 1170 1498 iiiii

99 1435 209 1575 anina
236 1460 318 1571 aisa,
343 1500 509 1575 aecum,
534 1501 566 1559 n
583 1459 698 1580 maian
715 1439 846 1561 impii
861 1462 900 1561 α’
914 1441 1063 1583 opion
1079 1459 1170 1583 iane

100 1601 190 1640 torum
212 1583 333 1642 ιη’ὸιιιια
355 1585 514 1666 exposito,
546 1585 658 1642 interea
697 1581 767 1644 dum
785 1581 900 1643 Psultes
916 1605 983 1644 eum
1006 1584 1069 1643 stult
1079 1582 1170 1642 desci-

98 1663 169 1742 pulis
186 1666 363 1762 antiobonas
377 1677 502 1732 caneret.
545 1665 696 1728 Postremo
710 1667 834 1745 fiaecurs
862 1666 912 1733 itti
932 1667 1171 1726 wnsecmticum

99 1743 295 1807 delibue'sumo
324 1750 394 1810 vino
412 1747 501 1809 ncbrn
520 1749 598 1808 iuter
615 1750 781 1809 concionem
803 1747 1059 1808 ἆίωἰὸαεὶιαιιιιιν.
1104 1748 1171 1830 Quo

90 1829 179 1903 sacto,
201 1833 308 1904 missae
320 1829 410 1892 dacae
421 1829 612 1892 etdiseessum
618 1831 723 1909 suit.’'
736 1832 826 1891 Dona
837 1829 925 1907 baec,
938 1829 1037 1892 lances
1046 1832 1172 1910 iuquam

97 1921 206 1974 ¹saturas
238 1912 393 1974 dulciariis
414 1924 445 1976 et
464 1914 537 1974 vino
563 1923 593 1972 et
613 1912 744 1974 bellariis
763 1924 888 1975 onustas
914 1923 945 1974 et
964 1915 998 1974 in
1017 1914 1171 1973 memoriis

101 1993 262 2075 Martyrum
282 2005 335 2056 aut
362 1997 491 2069 aliorum
511 1994 645 2056 fidelium
666 1995 808 2057 ecclesiae
826 1996 943 2058 oblatas
963 2007 994 2057 et
1013 1998 1046 2056 in
1065 1998 1173 2056 conci·

99 2094 151 2136 oue
168 2077 409 2156 distribuendas,
431 2080 587 2155 κανίσκια,
605 2079 766 2163 sportulas,
787 2077 861 2141 olim
880 2078 1082 2162 appellebant.
1102 2079 1175 2140 Bul·

100 2178 175 2220 samo
188 2161 226 2220 ad
256 2160 410 2240 canoni.
432 2161 589 2244 Apostol.:
610 2156 649 2222 coi
670 2161 724 2224 ἐπὶ
742 2169 814 2235 ταῖς
830 2156 973 2245 μνήμαις
990 2163 1054 2223 τῶν
1073 2153 1177 2240 cirinen

101 2241 149 2300 eui
176 2245 237 2303 coir
277 2241 507 2322 κατοιχομένων
542 2239 784 2340 προσφερόμενα
823 2243 879 2306 καί
910 2243 1053 2307 κανίσκια
1087 2238 1175 2323 λιγύ·

99 2343 169 2397 μονα
201 2321 255 2386 διὰ
288 2326 463 2388 πολυειδῶν
491 2319 624 2406 ὄπασσον
651 2323 851 2406 κοσμούμενα
889 2329 934 2412 τῷ
952 2325 1172 2410 θυσιαστηρίῳ
1300 2370 1302 2379 =

100 2407 336 2488 προσφέρονται.
357 2409 418 2470 Sed
437 2408 528 2471 redeo
547 2410 588 2471 ad
608 2411 760 2490 inceptum
779 2411 818 2472 de
833 2421 965 2474 mannate
991 2431 1171 2471 sermonem.

101 2487 228 2552 Manavit
246 2490 296 2571 ,ab
329 2491 388 2553 hoc
423 2502 554 2554 oramate
586 2512 639 2553 seu
670 2493 882 2555 distributione
911 2492 1047 2554 bucellae
1125 2493 1174 2554 nis

102 2589 163 2632 cum
182 2574 293 2635 haustu
313 2577 376 2634 vini
402 2587 455 2637 aut
488 2573 624 2636 bucellae
661 2579 734 2637 vino
761 2578 906 2638 intinctae
939 2585 992 2635 ont
1011 2574 1084 2653 oocb
1098 2573 1175 2636 caris

33 2653 35 2682 ¹
99 2655 158 2713 uini
178 2679 246 2717 cunr
268 2656 372 2719 intrito
390 2657 440 2719 vei
459 2661 569 2720 iniecto
588 2660 674 2740 ponis
692 2656 811 2736 frusto,
842 2669 1004 2738 numquam
1024 2679 1059 2718 ex
1079 2656 1177 2720 ecclee

102 2739 140 2796 sia
158 2737 380 2818 discederetur,
402 2763 468 2802 mos
487 2741 571 2803 laicis
602 2740 745 2822 poculum
765 2741 906 2823 negandi.
949 2739 1114 2800 Nemeum
1128 2741 1176 2800 vi-

103 2839 169 2880 uum
199 2845 261 2884 non
294 2825 373 2884 male
391 2836 507 2906 saperet
539 2823 729 2886 sacerdotum
757 2825 878 2906 palato,
909 2821 1015 2905 illique
1034 2821 1091 2882 sibi
1111 2825 1176 2882 eius

102 2904 235 2966 accedere
264 2906 347 2987 quod
381 2906 463 2970 laicis
483 2907 660 2986 decederet,
681 2927 744 2967 uon
766 2927 854 2990 aegre
875 2905 1007 2982 serrem,
1040 2915 1177 2986 praeter-

100 3005 190 3066 eaque
211 2989 296 3050 laicis
316 2993 647 3072 postcommunionem
669 2989 779 3050 soleret
806 2993 839 3050 in
859 2991 952 3050 mixto
971 2988 1098 3051 haustus
1112 2989 1178 3049 viui

101 3066 180 3144 dari,
209 3073 359 3153 putabant
376 3076 448 3134 satis
478 3093 560 3150 esse,
578 3077 602 3134 si
622 3071 713 3133 semel
733 3077 841 3133 vinum
861 3071 929 3134 laici
949 3083 1124 3154 gustarent,
1144 3073 1179 3132 iu

101 3151 187 3212 mixto
206 3175 333 3237 nempe3
355 3175 417 3216 non
437 3177 512 3239 opus
532 3177 607 3232 esse,
630 3165 664 3216 ut
687 3155 747 3233 bis,
769 3159 800 3214 in
819 3159 1031 3217 communione
1043 3175 1178 3236 qnoque,

102 3245 272 3315 gustureut3
301 3239 466 3300 verendum
496 3237 628 3317 scilicet,
658 3259 696 3298 ne
718 3239 954 3300 inebriarentur·
996 3239 1089 3299 Venit
1108 3250 1179 3297 tuu-

102 3313 164 3392 dem
192 3341 331 3382 suecessu
358 3323 502 3403 temporis
532 3325 621 3382 etiam
642 3341 742 3382 orama
771 3321 803 3381 in
823 3321 1070 3395 desuetudinem,
1090 3322 1181 3382 etsie
1239 3336 1243 3347 ”

102 3398 228 3480 iactum,
258 3415 297 3464 ut
322 3401 389 3463 laici
409 3425 532 3485 prorsus
563 3403 655 3464 calice
678 3403 867 3478 exciderent,
891 3416 981 3485 atque
1001 3425 1057 3484 pro
1078 3423 1179 3464 sacru-

101 3494 196 3544 mento
217 3485 248 3544 id
267 3507 363 3547 unum
391 3490 573 3559 retinerent,
593 3486 676 3568 quod
702 3487 812 3548 Graeci
833 3482 955 3566 ἀγάπην
974 3497 1027 3545 aut
1047 3481 1180 3544 o’rct'duss

103 3581 153 3637 oce
180 3567 348 3650 appellant,
384 3571 514 3631 frustum
551 3572 637 3652 panis
673 3573 858 3646 consecrati,
888 3567 970 3652 quod
1003 3570 1035 3628 in
1056 3565 1189 3632 ecelesia.

103 3647 211 3710 Graeca
244 3650 320 3712 solet
339 3673 402 3714 uon
430 3653 720 3714 communicantibus
740 3653 892 3714 distribui.
935 3652 1083 3711 Cromatis
1103 3671 1182 3732 quo·

103 3749 156 3806 que
175 3737 288 3813 species
316 3746 361 3795 est
389 3735 441 3797 illa
468 3736 588 3818 largitio
607 3735 838 3806 monachorum,
864 3732 903 3795 de
923 3755 984 3815 qua
1004 3735 1122 3794 Gnarus
1142 3733 1183 3808 nd

103 3809 318 3898 Euchniogium
336 3839 366 3960 Β.
382 3819 453 3900 715.
486 3819 588 3890 refert,
622 3817 717 3880 solere
737 3839 789 3880 eos
807 3819 857 3878 die
874 3817 1033 3960 rubetis,
1126 3817 1182 3875 ctis

100 3896 205 3958 ¹missae
217 3899 334 3959 solenni
357 3921 401 3976 us,
412 3911 685 3982 panes,easeu1net
699 3921 756 3960 ova
776 3904 808 3961 in
823 3922 873 3961 ecc
886 3901 946 3960 osia
967 3898 1026 3958 ben
1066 3901 1142 3958 icere
1153 3908 1185 3955 et

107 3981 328 4046 consistentibus
366 3984 396 4044 iu
423 3983 567 4047 narthece
597 3993 666 4044 ante
694 3983 854 4044 lautiorem
875 3981 977 4043 cibum
996 3978 1182 4064 degustanda

104 4079 168 4119 cum
188 4063 399 4126 benedictione
418 4087 581 4150 opponere.
634 4065 798 4127 Ordinorie
817 4087 918 4126 oroma
950 4063 1133 4127 consistebat
1150 4065 1184 4121 in

108 4139 197 4204 insto
216 4167 279 4206 uno
299 4150 387 4228 punis
399 4154 439 4208 -et
458 4149 568 4211 haustu
589 4149 666 4225 vini,
686 4150 839 4210 interdum
856 4170 977 4232 quoque
996 4146 1184 4207 addebantur

105 4223 242 4322 terimi,
259 4229 354 4312 fieus,
377 4231 504 4314 duculi,
529 4231 705 4316 amygdalo,
729 4235 801 4296 item
821 4233 1005 4296 saccharam.
1046 4224 1185 4292 Mescin-
