2975 4892
218 323 276 390 an
305 322 530 390 cosmam.
556 319 707 390 nonna.
737 322 792 388 na
819 316 958 391 cmm.
982 323 1056 392 arn
1084 325 1112 390 1.
1152 297 1242 416 4⁰9

153 477 197 542 ds
217 479 433 546 sawdndbus.
476 481 624 544 Maximus
644 481 676 540 ia
698 477 820 546 scholiis
839 481 879 543 ad
904 479 980 564 Cap.
994 476 1026 543 S.
1042 481 1182 568 Dionysii
1201 483 1243 546 de

153 563 361 626 Hier-ambiar
383 559 440 646 τὴν
468 558 640 644 ἄνᾶρ’ρησίν
659 581 759 644 φασιν
780 557 856 624 ὅταν
877 562 911 628 lv
931 561 1081 648 crispiani
1098 585 1241 650 χειροτο-

153 639 1244 813 tzi'tttl‘tl.'.lht“⁹⁰.‘tf.⁰.”'.t‘:.⁰’.'²,l“l.tit‘.‘..“ttttt‘³“

149 812 346 896 peliacioroem
368 812 498 894 imperii.
531 798 800 892 Ἀναγσρευτὴρια
818 807 933 888 θύειν,
955 809 1065 874 offerre
1083 813 1151 874 Deo
1171 752 1243 874 di:

151 913 231 956 nera
251 895 283 955 in
303 895 381 978 grati
400 893 492 954 animi
513 892 761 977 significationem
781 913 837 979 pro
855 913 911 954 sue
937 895 977 955 ad
997 894 1158 978 imperinm
1179 893 1241 958 ets

113 993 119 1010 ⁸
150 979 296 1054 vatione,
318 977 464 1038 electione
484 985 515 1038 et
534 979 781 1054 renuntiatione,
816 975 910 1038 habet
929 977 1050 1040 Menas
1078 979 1243 1042 Choniates

150 1061 186 1120 in
209 1060 295 1120 Mau.
317 1059 473 1122 Comneno
498 1059 535 1120 L.
552 1059 599 1136 l.;
627 1053 841 1140 ἅνακλητῆρια
853 1059 984 1144 appellnt
1002 1059 1150 1146 Polybius
1169 1083 1207 1146 pe
1230 1104 1239 1124 .

153 1143 230 1226 773.
255 1163 287 1226 9.
307 1143 357 1204 ed.
381 1139 522 1205 Wechel.
562 1142 611 1203 De
631 1143 823 1218 cerimoniis,
851 1143 962 1226 quibus
993 1143 1163 1226 imperator
1182 1083 1241 1206 sili

151 1223 300 1307 collegam
316 1235 370 1286 aut
381 1225 539 1287 Caesarem
551 1225 740 1302 assumebat,
760 1228 821 1308 egit
831 1225 929 1288 Hadr.
938 1224 1076 1288 Valesius
1088 1227 1128 1290 ed
1137 1225 1243 1290 Aram.

149 1307 291 1368 Marcell.
306 1329 376 1392 pag.
398 1307 470 1390 534.
494 1307 535 1370 A.
577 1309 666 1369 Ritus
695 1305 812 1390 aliquot
831 1319 898 1369 tum
918 1310 1114 1383 matos,
1144 1331 1242 1391 quum

149 1389 296 1452 Tiberius
316 1413 334 1452 a
355 1392 474 1454 lustina
495 1389 606 1452 Caesar
625 1401 873 1476 annumeretur,
902 1403 934 1454 et
958 1394 1126 1454 orationem
1146 1393 1240 1456 boios

148 1471 320 1552 adilian,
348 1471 442 1536 habet
468 1472 669 1556 Theophanes
693 1493 725 1555 p.
750 1495 823 1536 ara.
848 1477 944 1536 Geor.
967 1475 1007 1536 ad
1027 1473 1115 1537 illurn
1136 1473 1240 1538 locum

147 1555 306 1636 obseram,
319 1554 476 1620 Tiberium
496 1559 627 1640 primum
649 1556 821 1618 musaeum
834 1554 915 1641 εὐχῇ
927 1569 1115 1622 cosarianum.
1134 1557 1240 1643 Vulgo

146 1650 258 1710 nonna
277 1649 402 1722 putatau
421 1639 484 1701 Leo
506 1641 550 1702 M.
567 1683 576 1718 ,
598 1637 636 1702 de
655 1660 716 1723 quo
743 1637 803 1702 hoe
822 1641 921 1722 capite
938 1651 1099 1717 narratur,
1119 1645 1239 1724 primns

147 1741 257 1784 noriam
292 1723 404 1802 fuisse,
437 1723 491 1806 qui
517 1719 693 1785 solennibus
724 1741 795 1784 cum
826 1724 999 1785 cerimoniis
1026 1743 1045 1784 a
1085 1724 1239 1786 atriarcha

145 1803 276 1866 CPtaoo
295 1805 430 1866 coronati
451 1805 595 1884 fiaenmt3
614 1805 680 1868 vid.
697 1803 823 1866 liuberti
837 1805 950 1868 Pontii.
962 1827 1034 1890 pag.
1073 1825 1124 1890 η.
1167 1805 1238 1904 *fla

144 1887 264 1972 templo
293 1887 326 1950 S.
350 1887 483 1971 Sophiae
507 1887 633 1950 CPtano
660 1887 753 1949 fiebat
781 1887 1002 1969 imperatorum
1032 1890 1238 1970 inauguratio.

144 1968 249 2032 Nicer.
263 1991 327 2054 pa
351 1970 381 2050 4.
425 1969 588 2034 Theodora
609 1973 641 2032 in
661 1991 772 2054 magno
791 1970 906 2054 templo
920 1982 1002 2032 veste
1014 1993 1056 2052 pn
1096 1993 1169 2034 nrea
1189 1975 1239 2032 iu·

144 2053 223 2115 duta
244 2075 315 2116 cum
329 1989 397 2115 {od
416 2053 556 2135 Augusta
577 2053 732 2121 salutatem.
757 2053 886 2116 Cedren
905 2075 976 2138 pag.
993 1993 1101 2140 pbrlll‘
1144 2055 1244 2116 Obti-

145 2137 242 2199 nebat
262 2137 294 2197 id
312 2147 381 2222 post
398 2139 556 2198 conditum
589 2159 639 2198 ma
661 2159 733 2201 num
770 2157 824 2198 seu
853 2138 886 2203 S.
916 2135 1046 2220 Sophiae
1074 2137 1234 2219 templum.
1247 2147 1401 2224 lietb-rap

144 2219 207 2282 Sed
228 2230 393 2304 antequam
414 2221 602 2282 lastinianus
621 2161 660 2282 id
676 2220 841 2299 conderet,
873 2220 966 2281 tiebat
994 2223 1180 2282 manuario
1203 2220 1238 2284 in

143 2301 264 2384 templo
292 2305 325 2364 S.
359 2304 479 2365 loannis
506 2303 656 2386 Baptistae
686 2304 768 2386 apud
787 2303 1007 2378 Hebdomum,
1040 2317 1076 2366 ut
1095 2325 1113 2366 e
1130 2303 1237 2364 Theo-

142 2385 249 2467 phane
268 2407 299 2469 p.
317 2385 388 2466 243.
404 2387 441 2448 Β.
466 2397 496 2448 et
519 2406 536 2448 e
557 2391 651 2450 nostri
672 2387 784 2448 codicis
801 2389 898 2468 capite
920 2387 998 2462 hoc,
1021 2387 1053 2450 in
1074 2407 1136 2472 quo
1157 2406 1230 2448 ver-

141 2489 273 2547 eamur,
301 2481 392 2567 patet.
437 2469 519 2530 llaec
536 2471 655 2530 enime
687 2471 781 2532 Petro
806 2471 949 2552 Magistro
977 2470 1125 2552 particula
1151 2471 1229 2532 ritus

141 2553 378 2620 renuntiationis
393 2553 628 2634 'Imperatorum
656 2553 822 2614 iustiniano
851 2563 882 2614 et
910 2552 1025 2633 templo
1044 2555 1076 2612 S.
1096 2552 1230 2636 Sophiae

141 2637 353 2718 antiquiorum
374 2637 506 2718 exponit.
528 2635 596 2720 '‘[ln
617 2635 726 2696 theatri
748 2639 831 2696 circo
850 2635 1056 2696 consalutatus
1077 2637 1154 2718 lmp.
1169 2633 1228 2694 Ba-

142 2717 233 2779 ailins
253 2742 286 2802 p.
304 2723 375 2804 397.
392 2719 504 2800 Script.
522 2729 591 2800 post
610 2720 638 2779 T
640 2719 791 2802 heophan.
815 2719 983 2800 Imperator
1002 2729 1123 2778 creatur
1143 2727 1229 2799 patre

139 2803 218 2862 vivo
249 2805 376 2864 loannes
405 2801 499 2865 Nicet.
523 2801 573 2862 Du
594 2803 698 2884 Gange
718 2803 758 2862 ad
781 2799 918 2868 Aleriad.
940 2823 977 2883 pa
1000 2799 1096 2881 4323.
1139 2801 1230 2862 nont.

141 2883 387 2946 witichindus
408 2883 643 2966 inauguratione
663 2885 706 2944 lm
731 2929 738 2944 .
761 2886 888 2945 Ottonis
908 2885 945 2944 1..
965 2821 1008 2944 ll.
1020 2883 1103 2944 Gest.
1115 2883 1229 2944 Saron
1327 2915 1331 2930 =

137 2969 207 3028 Lex
221 2969 427 3030 Romanorum
443 2967 540 3049 lmpp.
552 2907 728 3029 absolvendi
743 2989 810 3028 reos
822 2971 854 3028 in
869 2969 1114 3050 inauguratione.
1138 2969 1229 3028 (lent.

137 3050 303 3194 Cpnsczapt.
326 3053 351 3116 1.
363 3050 438 3195 pig.
481 3051 548 3112 Hoc
568 3053 660 3112 etiam
683 3051 782 3112 adhuc
801 3071 861 3112 usu
881 3047 1008 3134 venit]*
1036 3051 1110 3111 Vid.
1131 3051 1227 3112 Goar.

135 3153 160 3197 a
268 3155 311 3194 m.
351 3155 411 3196 ,ια
438 3153 494 3194 .n.
533 3177 542 3194 .

207 3155 375 3317 238.'C.p3.
401 3131 550 3302 [lroql]
578 3216 758 3296 γενομένου.
800 3217 851 3282 Sic
884 3215 998 3278 dabant
1032 3215 1227 3276 membranae

134 3318 200 3388 pm
220 3319 431 3464 ycnlilwfdlo,
447 3381 496 3468 8.]
531 3378 655 3468 κη’μπῳ.
712 3383 852 3464 stampe,
879 3379 930 3442 vel
954 3379 1067 3465 (lampa
1086 3379 1224 3453 Marah,

132 3463 338 3552 quaternate
362 3467 490 3530 naiores
514 3487 619 3528 onmes
639 3465 730 3526 urbes
751 3477 850 3545 erant,
871 3477 906 3525 ut
925 3465 1055 3538 Rornae,
1076 3463 1225 3544 Byzantii,

132 3569 198 3632 per
218 3548 411 3630 provincias,
443 3561 473 3610 et
493 3549 597 3648 quales
618 3560 688 3610 ante
707 3548 797 3610 urbes
820 3551 948 3608 maiores
969 3545 1150 3608 llollandiae
1169 3546 1226 3606 ob-

131 3635 216 3700 sitae
250 3633 382 3713 proceris
414 3633 573 3694 arboribus
601 3631 752 3694 delectare
779 3631 883 3692 oculos
902 3627 1022 3704 solent,
1045 3630 1227 3690 exercendae

132 3717 291 3778 iuventuti
313 3717 346 3776 in
369 3714 443 3776 ludo
471 3715 734 3798 sphaerodromico
762 3714 943 3791 servientes,
966 3714 1047 3774 unde
1066 3713 1158 3796 volgo
1176 3714 1227 3774 die

134 3799 328 3860 Mar'llebalm
341 3797 520 3882 appellatur.
563 3799 691 3884 Campos
711 3799 792 3860 enim
813 3799 903 3860 fluisse
924 3797 1087 3858 destinatos
1107 3799 1228 3879 potissi·

131 3901 224 3954 anum
236 3883 398 3944 iuvenibus
421 3886 453 3944 in
475 3885 567 3943 armis
587 3893 616 3942 et
638 3882 703 3942 aliis
724 3883 917 3965 gymnasticis
937 3879 1109 3943 exercendis
1129 3883 1227 3941 nemi·

131 3965 169 4024 ni
190 3964 275 4025 latet.
300 3965 382 4024 inira
403 3987 432 4050 p.
455 3969 526 4029 251.
550 3967 590 4025 D.
615 3975 716 4048 autep.
739 3976 925 4026 memoratur
947 3983 1071 4046 campus
1083 3963 1226 4022 Caesare·

131 4067 174 4110 ae
194 4047 413 4129 Cappadociae.
463 4049 529 4108 Non
559 4049 665 4108 dubito
687 4069 829 4130 campum
858 4049 940 4108 hunc
967 4057 1069 4112 secuto
1089 4057 1225 4126 tempore

131 4129 228 4202 subse
248 4131 455 4212 Philopatium
476 4133 613 4208 dictum,
635 4131 718 4212 quod
741 4132 783 4192 ibi
805 4131 938 4193 iucunda
957 4140 1057 4192 essent
1077 4127 1226 4188 dearnbu·

131 4209 219 4283 lucra
250 4227 281 4278 et
307 4218 527 4298 equitationes,
549 4225 733 4300 quapropter
755 4212 879 4278 Nicotae
899 4236 927 4298 p.
954 4213 986 4283 6.
1002 4214 1041 4274 D.
1072 4207 1107 4272 τὸ
1129 4203 1226 4288 ἱππή-
