2975 4892
378 299 465 416 ‘²74
577 321 635 392 ιο.
664 321 746 391 mc.
779 323 926 390 natam
941 393 944 406 ,
961 319 1236 390 centaurum

361 481 460 562 ,dona
485 478 587 541 fuisse.
630 468 674 540 Ti
693 473 849 560 προσῆκον
878 466 1044 553 ἆπσνέμειν
1077 472 1170 555 σέβας
1200 471 1287 536 habet
1306 469 1411 536 Cedrea.

368 582 407 728 p
416 559 695 726 6applicati.'¹penult.
717 560 802 621 Idem
820 559 914 640 σέβας
935 579 992 641 pro
1007 558 1066 620 lide
1079 571 1167 642 atque
1186 558 1317 641 religione
1331 559 1414 640 posuit

455 738 762 881 B.3.[241‚2.]ii.
804 791 839 854 td
859 801 904 853 est
926 793 1116 872 νομίσματα.
1156 793 1221 854 Mos
1240 788 1288 854 ille
1314 788 1366 850 tuit
1383 786 1416 850 li⁴

371 880 486 955 hrarii,
515 891 551 939 ut
574 878 704 961 plurales
731 897 872 938 numeros
896 897 951 958 per
979 876 1155 958 compendia
1180 874 1304 937 scribens
1323 872 1417 934 litteras

377 966 562 1046 geminaret,
583 973 618 1022 nt
642 980 717 1020 κσκσ
732 969 804 1020 suunt
828 961 969 1034 comites,
994 961 1031 1020 λλ
1047 970 1117 1019 sunt
1132 957 1252 1039 λίτραι,
1270 956 1318 1015 ubi
1339 969 1418 1014 unum

371 1066 408 1107 κσ
425 1047 528 1106 suisset
547 1038 643 1124 κόμης
661 1054 691 1104 et
709 1063 804 1102 sinum
824 1044 842 1100 l.
861 1063 923 1105 una
937 1041 1025 1102 libra.
1068 1042 1248 1100 Nomismnta
1264 1049 1353 1098 autern
1363 1043 1420 1096 sunt

370 1127 488 1190 nummi
506 1129 609 1199 aurei,
642 1146 772 1207 quorum
800 1145 864 1184 roo.
888 1125 974 1185 initio
1007 1125 1160 1184 etrsacutis
1186 1120 1355 1203 temporibus
1375 1137 1416 1200 pn.

255 1241 262 1246 -
370 1209 580 1271 tantummodo
607 1207 717 1268 libram
748 1208 815 1266 nuri
832 1195 1019 1284 efficiebant,
1048 1217 1079 1268 et
1093 1205 1212 1292 singula
1228 1203 1356 1264 duodena
1373 1200 1420 1260 mi·

369 1291 488 1353 liaresia
511 1289 715 1351 continebant.

451 1375 488 1434 Β.
505 1374 534 1434 5.
552 1371 640 1456 [adm
654 1371 699 1455 4.]
720 1367 924 1447 μεταδάῖωσι.
967 1371 1012 1430 Μ.
1033 1369 1198 1449 perariciis,
1218 1369 1276 1431 hoc
1292 1375 1333 1428 est
1342 1383 1422 1445 μετα·

370 1450 462 1518 δι’δει.
503 1456 680 1537 Saepissime
701 1456 810 1514 Noster
824 1452 922 1514 ciuilem
932 1473 989 1535 pro
1005 1447 1130 1515 διδόναι
1147 1463 1281 1536 usurpat.

451 1539 488 1598 B.
501 1536 532 1598 8.
550 1537 638 1623 [²4¹5
653 1534 697 1621 7.]
733 1533 960 1616 διαμερίζεται.
1006 1535 1084 1597 Vult
1113 1537 1229 1598 dicere:
1265 1545 1325 1595 tota
1350 1527 1424 1592 turba

367 1619 600 1682 silentiariorum
622 1632 849 1700 ceterorumque
878 1615 1073 1697 officialium,
1105 1623 1158 1701 qui
1189 1639 1289 1680 recens
1314 1616 1424 1676 honora

367 1712 435 1763 tum
448 1703 625 1786 obsequiare
643 1713 675 1763 et
693 1723 763 1762 cum
784 1721 893 1784 pompa
904 1700 1029 1761 domurn
1047 1700 1197 1764 deducere
1216 1701 1343 1776 debent,
1366 1707 1424 1756 tuno

368 1807 432 1847 sese
458 1787 583 1861 dividit,
603 1785 637 1847 hi
653 1807 686 1846 se
705 1785 778 1845 huic
802 1784 946 1867 patricio,
969 1783 1021 1845 alii
1048 1783 1202 1861 secundo,
1230 1781 1280 1843 alii
1309 1781 1427 1842 tertioet

368 1871 412 1929 nic
436 1891 527 1952 porro
552 1879 727 1952 aggregant,
750 1877 780 1927 et
814 1887 883 1927 enm
913 1866 1098 1948 obsequiant.
1116 1853 1328 1949 Ἀμφότεροι,
1351 1871 1381 1921 ut
1399 1861 1424 1917 in

367 1953 616 2032 praecedentibus
639 1954 700 2011 iarn
727 1948 885 2031 aliquoties
906 1949 1108 2027 offendimus,
1139 1971 1240 2010 omnes
1261 1955 1356 2020 notat,
1376 1959 1428 2003 non

365 2035 469 2094 orabo.
505 2037 663 2116 Quotquot
687 2033 811 2093 demum
839 2031 952 2092 fuerint
975 2033 1111 2117 patricii,
1145 2025 1329 2115 alipedisque,
1355 2020 1427 2087 simul

364 2135 481 2176 omnes.

449 2198 484 2257 C.
502 2195 639 2280 5.[241‚
659 2195 717 2279 rt]
735 2193 852 2281 ἀριστᾷ
870 2195 937 2274 μετ’
958 2196 1070 2260 adteri.
1111 2197 1162 2258 De
1176 2195 1322 2258 conviviis
1336 2191 1429 2254 amico·

364 2298 435 2340 rnm
443 2301 512 2340 eum
526 2302 629 2341 recens
648 2291 748 2342 creato
772 2301 954 2364 quocunque
985 2283 1166 2364 magistratu
1198 2280 1248 2340 die
1274 2280 1320 2340 sui
1338 2273 1431 2348 officii,

364 2383 425 2422 seu-
439 2385 494 2436 eo,
519 2385 580 2444 quo
600 2366 731 2445 primum
752 2374 910 2445 promotus
929 2363 1007 2446 suit,
1036 2385 1067 2424 v.
1092 2362 1203 2424 Vales.
1232 2362 1272 2422 ad
1298 2360 1433 2421 Ammian.

364 2444 501 2506 Marcell.
523 2469 556 2528 p.
579 2444 631 2524 84.
655 2447 690 2507 Β.
715 2456 745 2506 et
764 2446 843 2506 infra
863 2468 895 2528 p.
917 2445 989 2524 412.
1013 2446 1055 2506 A.
1076 2445 1110 2508 8.

447 2526 715 2612 c.8.[241,18.]
745 2525 803 2606 τήν
833 2521 1083 2609 δωδεκαήμερσν.
1129 2527 1235 2590 Nihilo
1268 2526 1335 2612 plus
1370 2521 1455 2600 edito¹

368 2612 412 2677 M.
431 2611 482 2672 hic
502 2612 559 2672 loci
580 2611 703 2673 habent.
744 2611 945 2682 Nihilominus
965 2623 1080 2672 certum
1100 2623 1149 2674 est
1184 2610 1301 2694 aliquid
1332 2607 1434 2678 deesse,

363 2715 392 2754 e.
415 2716 442 2754 c.
465 2690 564 2771 otta,
585 2693 635 2770 vel
656 2688 750 2773 εἰμὴ
772 2689 892 2772 μόνον,
913 2692 962 2755 vel
984 2684 1061 2754 ὅταν
1080 2691 1118 2755 di
1140 2689 1230 2759 κατὰ.
1272 2693 1320 2754 Ut
1340 2686 1437 2750 duode-

365 2778 425 2836 cim
446 2786 532 2837 erant
553 2777 616 2837 dies
632 2796 651 2837 a
671 2776 747 2837 fecto
768 2777 940 2840 Natiuitatis
955 2776 1065 2838 Christi
1085 2797 1186 2862 usquc
1208 2777 1248 2838 ad
1270 2777 1372 2836 satum
1385 2772 1437 2829 Lu·

245 2885 252 2908 »
364 2860 482 2918 minum
517 2879 570 2919 seu
602 2858 835 2941 Theophaniae,
866 2859 978 2942 quibus
996 2869 1060 2920 tota
1076 2863 1170 2922 curia
1192 2859 1304 2922 hilaria
1323 2854 1437 2938 agebat,

362 2941 407 2999 ita
427 2962 548 3022 quoque
568 2941 809 3002 convivabantur
819 2944 851 3001 in
873 2942 942 3002 aula
961 2963 1016 3024 per
1032 2937 1067 3001 τὸ
1089 2935 1282 3023 ἓξαήμερσν,
1304 2961 1352 3000 sex
1368 2937 1437 3006 diest

362 3022 417 3105 qni
439 3023 548 3103 festum
568 3023 724 3084 Paschatis
746 3034 776 3085 et
796 3035 933 3086 octavam
953 3027 986 3086 in
1007 3023 1083 3086 albis
1104 3024 1348 3086 intercedebant.

445 3106 482 3165 C.
505 3102 652 3187 ro.[241,
669 3109 735 3186 no.]
761 3107 905 3187 κσριακῆ.
925 3107 990 3166 καί.
1029 3109 1074 3167 Μ.
1088 3108 1141 3169 hic
1163 3109 1318 3170 minorem
1339 3113 1441 3164 tantm

363 3185 590 3250 distinctionem
609 3199 779 3249 monstrant
807 3201 836 3250 et
857 3169 986 3272 itingunt
1009 3192 1168 3272 sequentia
1190 3185 1438 3296 praecedentibus.

326 3294 333 3309 ·
429 3269 746 3350 142.A.1o.[242‚
776 3270 841 3354 15.]
871 3271 1109 3350 παρακσπτικσῦ
1138 3275 1275 3355 φιαλης.
1319 3273 1384 3348 Quo
1402 3265 1444 3325 dio

362 3355 532 3438 Imperator
552 3355 584 3414 in
598 3353 714 3436 ,phiala
735 3375 798 3416 sese
819 3364 964 3417 monstrat
985 3353 1104 3436 populis
1117 3356 1326 3438 pyrrhichium
1345 3349 1443 3413 sultan-

361 3437 443 3499 tihus
464 3449 496 3498 et
516 3449 582 3498 acta
602 3435 848 3497 acclamantibus.
890 3437 945 3497 Est
975 3447 1076 3497 antem
1096 3439 1208 3520 phiala
1229 3437 1354 3520 proprie
1373 3433 1455 3494 lacus

361 3539 562 3594 mamercus,
584 3539 694 3601 aquam
707 3541 742 3580 ex
755 3521 985 3601 superimposito
1003 3521 1129 3601 siphone
1144 3521 1359 3602 prosilientem
1378 3515 1455 3574 erci-¹

361 3601 463 3682 piens,
486 3602 584 3683 qualis
604 3604 719 3662 eratin
739 3601 928 3677 Triconcbo,
951 3601 1033 3682 quod
1055 3602 1254 3686 Theophilus
1279 3605 1355 3685 lmp.
1373 3607 1443 3659 stru-

362 3696 464 3762 xerat,
487 3695 517 3744 et
538 3685 677 3766 deinceps
698 3683 750 3746 illa
770 3688 833 3766 ipsa
855 3705 945 3756 area,
977 3686 1007 3743 in
1029 3707 1087 3766 qua
1110 3688 1259 3748 exstabat
1281 3686 1333 3747 ille
1353 3685 1446 3752 lacus,

361 3767 444 3825 circa
474 3787 565 3847 quem
594 3766 735 3827 sactiones
762 3771 846 3828 statis
866 3766 1053 3847 temporibus
1075 3767 1302 3844 desultahant,
1325 3768 1455 3846 tmpera-

360 3857 428 3908 tore
448 3868 466 3907 e
485 3847 615 3908 fenestra
637 3861 867 3931 prospectante,
896 3850 979 3931 quod
1001 3861 1046 3910 est
1064 3845 1271 3930 προκύπτειν
1300 3861 1331 3912 et
1355 3864 1450 3922 παρα·

359 3922 496 3995 κύπτειν.
538 3931 584 3991 lta
602 3930 713 3992 dicitnr
733 3930 863 3992 Michae'l
874 3931 1052 4012 Calaphates
1071 3926 1253 4012 προκύψας
1273 3933 1311 3996 ἐκ
1330 3929 1387 3991 τοῦ
1398 3945 1448 3984 κσ-

358 4009 513 4087 debueras
528 4010 588 4093 δημ
631 4019 733 4094 opet'v,
753 4014 894 4076 deorsum
907 4016 1090 4097 prospiciens
1106 4035 1123 4074 e
1138 4013 1291 4079 fenestris
1304 4011 1355 4076 uel
1368 4011 1451 4072 etiam

358 4112 377 4153 c
397 4097 555 4154 moeniano
572 4094 731 4157 trbunalis
751 4097 913 4176 Circensis,
935 4097 1087 4158 Cathisma
1106 4095 1214 4177 dicti,
1247 4100 1290 4160 ad
1311 4092 1455 4180 populum}

332 4171 528 4259 'perarasse‚
549 4177 630 4262 apud
650 4178 781 4243 Cedren.
801 4199 834 4264 p,
865 4180 937 4266 7⁵¹·
963 4179 1001 4241 B.
1022 4177 1092 4242 line.
1138 4179 1241 4244 Cons.
1265 4201 1303 4265 p.
1327 4178 1398 4270 761·
1417 4171 1448 4235 B·
