2975 4892
326 263 408 378 784
528 287 583 353 1o.
615 285 694 352 nc.
722 282 869 354 ausui
898 282 1183 354 mutuamina

190 452 194 459 '
320 469 389 510 rom
413 467 463 508 res
487 456 573 508 retas
598 445 699 507 babet.
741 445 788 506 De
807 442 1013 526 Longabardia
1040 443 1230 508 solummodo
1252 438 1401 526 appellata

320 544 367 592 est
384 529 483 591 Gallia
506 530 674 611 Cisalpina,
701 549 779 610 quae
801 527 965 588 hodienum
997 527 1096 588 adhuc
1131 527 1221 589 nobis
1240 527 1401 586 Germania

320 615 372 676 dte
383 613 571 692 lombardey
590 612 688 687 audit,
710 611 781 671 olim
796 609 1022 690 longobardiae
1035 631 1163 692 regnum
1178 621 1210 672 et
1224 610 1401 692 Langobar

320 697 374 758 dia
393 698 506 758 minor.
550 695 666 756 Verum
686 692 809 754 alterius
822 692 1052 774 Longobardiae
1070 696 1209 771 minoris,
1231 692 1401 753 Calabria

321 791 353 841 et
373 779 515 862 Apuliam
538 776 728 858 complexae,
753 795 864 836 nornen
885 775 926 836 ab
944 773 1094 836 Arabibns
1115 772 1325 859 repetendum
1348 786 1399 836 est.

324 877 448 942 Habent
470 877 513 938 illi
532 897 635 938 rocem
648 890 700 962 j,
733 875 839 953 Barr,
870 893 948 956 qnae
967 883 1080 936 tanam
1106 877 1347 953 continentem,
1372 874 1402 934 iu

323 964 421 1045 specie
444 961 641 1036 maritimam,
661 962 692 1018 ri
726 960 824 1033 riam,
846 965 942 1018 notat.
981 958 1030 1018 Sit
1051 959 1122 1018 barr
1142 959 1178 1020 al
1194 959 1332 1018 Adwalr
1354 979 1403 1038 ap·

323 1045 669 1188 ifflaiiliffi.
690 1041 903 1186 Ηῗῗᾙῗ
914 1041 1405 1208 &minim

322 1214 401 1271 etiva
415 1208 555 1268 reddidit.
578 1207 623 1267 At
638 1207 722 1266 Barr
738 1217 772 1266 at
789 1205 924 1281 Tlrawil,
944 1206 1063 1288 longam
1077 1208 1196 1268 barrum
1211 1228 1265 1268 seu
1281 1209 1404 1287 longam

321 1293 464 1378 reperiam
496 1300 549 1351 aut
573 1292 765 1350 contineruem
794 1287 944 1372 appellant
968 1299 1067 1350 totum
1091 1299 1222 1350 tractum
1250 1289 1365 1351 ltaliae
1388 1311 1406 1349 a

320 1377 397 1436 freto
428 1372 530 1435 Siculo
556 1393 651 1455 usqne
683 1372 722 1432 ad
747 1371 870 1432 clisuras
890 1372 1012 1432 Genuae
1039 1383 1069 1433 et
1088 1373 1216 1433 confinia
1235 1372 1404 1434 Franciae.

276 1501 284 1519 .
320 1455 537 1518 bombardiam
560 1468 661 1518 autem
682 1457 805 1537 proprie
825 1453 961 1533 domm,
982 1461 1015 1514 in
1034 1477 1092 1538 qua
1111 1454 1330 1516 Mediolanum
1352 1467 1405 1531 est,

320 1553 375 1624 ns
394 1542 488 1633 gut,
512 1555 547 1616 n
564 1554 793 1630 Lantndnm,
811 1563 844 1620 ‚et
867 1540 1025 1637 nandi,
1056 1555 1090 1614 at
1108 1554 1330 1616 romanam
1352 1577 1404 1636 af.

319 1571 483 1720 pelsbant.
522 1639 636 1698 Vocem
655 1637 772 1698 Banna
791 1636 832 1696 ab
850 1635 924 1719 ipsis
950 1657 1012 1698 uon
1033 1637 1159 1719 Hispani
1179 1647 1331 1716 tantum,
1354 1637 1405 1699 aed

321 1733 353 1782 et
370 1720 484 1790 Franci
503 1732 534 1782 et
560 1719 628 1780 ltali
648 1731 862 1781 assumserunt.
906 1721 1040 1782 Aimoin.
1058 1720 1234 1781 Continuat.
1253 1720 1294 1785 L.
1316 1721 1360 1782 V.
1378 1742 1404 1786 c.

322 1824 397 1866 am:
420 1805 565 1866 Saraceni
582 1803 620 1863 de
640 1803 742 1863 Barra
763 1801 810 1886 [id
831 1813 876 1864 est
893 1801 1014 1886 Africa]
1044 1803 1218 1884 egredientes
1241 1817 1270 1862 et
1290 1805 1404 1864 Ιιοεεειι

320 1887 468 1949 erdovrbr'
488 1900 557 1972 port
583 1900 696 1964 tergum
726 1901 882 1984 sequentes.
925 1886 975 1946 Cf.
1002 1885 1109 1946 Abulf.
1139 1886 1222 1950 Anu.
1241 1885 1284 1946 T.
1312 1887 1402 1968 tp.

326 1969 393 2053 ¹47·
420 1993 505 2053 seqq.
542 1968 602 2052 [De
623 1966 789 2028 differentia
807 1969 1006 2032 lombardiae
1019 1979 1049 2028 et
1061 1968 1311 2050 Langobardiae,
1331 1971 1401 2029 item

321 2052 360 2115 de
382 2057 494 2115 maiore
513 2063 543 2113 et
565 2054 680 2112 minore
701 2051 902 2130 lombardia,
921 2051 972 2112 illa
983 2049 1084 2114 Gallia
1103 2051 1243 2130 Pedana,
1262 2051 1326 2114 hac
1343 2052 1400 2111 du·

321 2146 391 2196 catu
403 2137 625 2208 Beneventano,
649 2134 782 2214 disputat
800 2155 970 2218 anonymus
989 2133 1112 2215 quidam
1134 2133 1308 2196 Monachus
1327 2135 1401 2194 Gas-

321 2220 445 2282 siuensis
464 2219 496 2278 in
515 2219 593 2278 notis
614 2216 653 2277 ad
673 2217 817 2279 Moreuae
840 2219 995 2280 historiam
1016 2216 1114 2278 Laudi
1140 2239 1171 2299 p.
1196 2217 1286 2279 1130.
1312 2218 1401 2278 Tomi

321 2299 380 2362 vl.
411 2301 522 2383 Script.
547 2301 618 2360 Rer.
652 2297 719 2364 ltnl.
741 2301 855 2366 Murat.
895 2299 1088 2383 Expeudatur
1109 2299 1192 2360 locus
1214 2299 1274 2360 Nili
1297 2301 1403 2362 Doro·

321 2373 411 2464 patrii
447 2383 485 2444 de
510 2382 643 2465 quinque
675 2383 947 2463 patriarchalibus:
980 2381 1050 2442 ἐπεὶ
1077 2377 1137 2464 ycip
1164 2377 1199 2442 ri
1234 2380 1402 2446 Aonxdrar

319 2461 423 2547 πάσης
439 2459 700 2544 Acyyqtnpdrbr,
733 2464 788 2545 τῆς
812 2463 950 2536 παλαιᾶς
965 2459 1110 2537 Ἑλλάδος
1138 2453 1255 2546 οὔσης,
1275 2455 1318 2544 ἦν
1342 2461 1401 2526 tut

319 2542 375 2608 τὸν
405 2549 540 2626 βασιλέα
567 2546 936 2620 Κωνσταντινουπόλεως.
990 2547 1111 2630 Ergone
1139 2567 1249 2630 magna
1269 2549 1403 2611 Graecia

320 2640 386 2690 erat
405 2634 502 2713 patria
525 2629 703 2708 Helleuum,
736 2640 766 2689 et
785 2633 906 2712 proprie
925 2629 1015 2700 olim,
1047 2641 1116 2690 ante
1136 2629 1265 2691 Romam
1292 2633 1404 2692 conffl-

320 2722 406 2792 tam,
427 2713 530 2776 Hellas
549 2713 650 2786 diem,
685 2711 767 2773 unde
794 2717 910 2774 traiecti
938 2715 969 2772 in
990 2713 1146 2773 Graeciam
1167 2711 1313 2776 Hellcaes
1332 2717 1404 2777 huic

323 2798 439 2880 regioni
455 2817 563 2858 nomen
576 2816 665 2858 auum
681 2798 907 2878 imposuerunt?
923 2795 979 2857 Ex
992 2793 1149 2879 Aduena]

403 2879 446 2941 A.
468 2878 584 2964 penult.
614 2877 704 2964 [661‚
735 2875 793 2964 ra]
827 2869 987 2960 ὄνυχίτου.
1034 2877 1093 2940 Vel
1112 2869 1305 2958 ὀνυχιτινόν.
1357 2881 1403 2943 H.

409 2975 428 3016 r

323 3029 415 3114 ὄνυχι

405 3185 445 3245 A.
459 3186 573 3268 penult.
595 3183 686 3272 [eon
704 3185 764 3269 tq]
786 3177 877 3247 itna
897 3131 1002 3248 altit.
1053 3184 1207 3248 Extrieare
1234 3187 1295 3248 hoc
1316 3205 1404 3249 eom·

321 3265 465 3351 pendium
485 3273 649 3351 scripturae
668 3291 730 3332 non
750 3267 840 3333 valui.
890 3269 925 3330 ln
947 3269 1061 3330 Latinis
1087 3279 1122 3330 ut
1151 3269 1266 3352 aliquid
1294 3271 1401 3332 darem

210 3416 214 3429 ¹
322 3372 383 3412 non
397 3372 520 3434 prorsus
538 3354 680 3431 alienum,
699 3352 769 3415 dedi
791 3350 1021 3434 Heliopolitana.
1060 3349 1154 3434 Saepe
1164 3353 1248 3423 Ket
1264 3353 1301 3414 Η
1320 3375 1342 3415 a
1362 3353 1401 3414 li-

321 3433 430 3497 brariis
450 3437 636 3517 permutari,
665 3435 841 3498 demonstro
870 3435 909 3494 ad
929 3455 960 3516 p.
977 3435 1050 3518 439.
1066 3433 1102 3494 Β.
1119 3457 1159 3513 ι.,
1183 3447 1214 3496 et
1233 3439 1267 3496 in
1288 3441 1400 3498 nostris

321 3518 503 3579 membranis
523 3518 630 3580 ambae
651 3518 767 3579 litterae
787 3532 849 3580 tam
870 3515 1003 3601 gemellis
1023 3528 1109 3578 erant
1128 3517 1225 3579 modis
1245 3532 1396 3594 exaratae,

320 3610 356 3659 ut
375 3621 468 3662 ovum
488 3623 547 3663 ovo
567 3602 694 3663 similius
714 3623 778 3663 esse
796 3610 937 3683 nequeat.
975 3600 1022 3659 De
1042 3603 1121 3661 vitro
1149 3601 1181 3661 in
1206 3613 1307 3663 tractu
1327 3603 1398 3663 Tri-

320 3681 397 3762 polis
419 3684 605 3746 Palaestinae
624 3694 654 3745 et
672 3683 816 3745 Baalbeki
838 3704 889 3744 seu
913 3681 1074 3764 Heliopolis
1105 3693 1134 3744 et
1162 3685 1244 3766 apud
1265 3686 1396 3768 Byblum

321 3785 355 3824 ex
376 3785 468 3828 arena
488 3767 570 3828 fluvii
592 3765 712 3848 Byblini
730 3771 807 3828 mire
827 3766 954 3827 candida
973 3777 1003 3825 et
1023 3765 1173 3846 pellucida
1194 3768 1345 3842 fictitata,
1366 3780 1397 3828 et

320 3857 455 3926 veteres,
484 3862 519 3911 ut
539 3850 678 3924 Plinius,
706 3862 737 3912 et
758 3851 937 3910 recentiores
958 3848 1104 3909 ltinerarii
1125 3849 1281 3911 adunam
1303 3872 1398 3932 paene

320 3941 424 3991 omues
445 3943 624 3994 memorant.
663 3934 704 3996 ln
723 3931 903 4016 compendio
922 3951 1043 4013 quoque
1061 3953 1108 3994 nr
1122 3931 1217 3994 latere
1230 3929 1395 4012 nolrrc'roe,

1144 4030 1183 4066 m

320 4082 369 4142 vix
390 4091 435 4142 eat
455 4081 591 4144 dubium.
636 4085 673 4144 ln
693 4083 888 4146 liberatam
912 4084 1056 4166 scriptum
1077 4085 1149 4144 ano
1181 4129 1188 4144 .
1232 4086 1326 4146 Unde
1345 4085 1398 4146 eti·

320 4167 395 4225 amsi
429 4163 520 4225 velles
554 4163 759 4246 ulrannrpnrri
791 4166 929 4246 efficere,
967 4166 1040 4226 mibi
1076 4167 1199 4250 quidem
1236 4169 1275 4230 de
1311 4169 1394 4231 vitiis

321 4247 513 4331 Cleopatricis
533 4271 594 4311 non
615 4261 742 4312 constat.
