2975 4892
187 338 246 405 aa
276 338 501 411 comana.
531 340 765 439 romana
797 341 937 411 cmm.
966 346 1042 411 mr.
1072 352 1098 412 r.
1128 319 1213 437 4²7

126 495 212 557 festis
227 506 282 557 aut
301 482 361 562 alia
382 495 514 578 (pradum
542 496 738 571 solennitate,
757 496 812 559 ubi
837 496 943 579 religio
958 509 1012 560 aut
1030 510 1116 563 vetus
1137 504 1215 565 ritus

126 600 179 639 eos
192 578 310 641 iuberet
325 581 472 643 modestia
493 582 559 656 uti,
579 591 609 639 et
626 580 774 661 degrada
799 602 855 641 suo
873 602 906 643 ae
925 583 1094 644 demittere.
1120 584 1214 647 Cuius

127 663 172 721 rei
190 665 300 743 passim
319 667 414 725 nostri
437 662 548 729 corbeis
571 674 706 743 prostant
726 664 879 745 exempla,
908 677 939 727 et
960 664 1051 747 paulo
1075 670 1213 747 superius

126 744 167 805 ad
186 768 219 827 p.
236 743 307 825 arlo.
321 746 358 807 C.
371 747 403 809 6.
424 767 443 807 a
463 745 551 808 nobis
569 744 661 807 allata
677 746 767 807 iidem
782 747 907 808 faciunt.
949 749 1074 809 Veteres
1090 748 1214 831 quidem

128 828 330 910 Imperatores
357 828 417 901 illis
442 833 541 911 capita
567 828 844 905 deosculabantur,
874 828 986 911 quibus
1015 832 1214 895 osculandum

86 931 89 947 ·
128 912 218 971 sunia
241 922 345 993 pectam
358 923 564 995 opponerent,
587 923 622 972 ut
643 912 851 974 exAmmiauo
867 912 1047 977 Marcellino
1066 915 1215 994 discitur;

129 994 312 1058 moestiores
334 994 374 1056 ad
395 995 584 1057 insolentiam
606 994 676 1057 elati
696 994 774 1058 nibil
798 995 931 1072 borum,
957 999 1030 1059 satis
1055 998 1216 1060 indulsisse

129 1088 283 1158 putantes,
301 1078 327 1138 si
347 1098 471 1143 manum
492 1080 688 1161 porrigerent.
710 1079 970 1140 Locrubmmiaui
990 1091 1036 1141 est
1055 1082 1212 1143 xxvia:

126 1180 172 1221 ex
187 1162 236 1221 bis
252 1160 377 1246 graiium
393 1184 459 1225 eum
470 1162 597 1235 subitari
604 1164 770 1245 pectoribus
794 1163 935 1246 oppositis
944 1176 1118 1246 coeperunt,
1132 1185 1216 1225 osor·

128 1242 222 1313 larda
244 1247 344 1325 caprio
357 1246 391 1305 in
410 1246 531 1306 modian
550 1259 701 1307 tmuumm
719 1247 879 1307 mainnerius
901 1245 965 1305 obl‘
982 1258 1084 1307 uanus
1107 1247 1216 1307 adata

129 1326 239 1389 toribus
263 1325 391 1408 affimat
418 1350 524 1391 marnes
553 1342 605 1389 ιιιιι
621 1350 718 1409 genua
741 1327 921 1389 manda.
979 1329 1047 1389 nfra
1069 1350 1137 1410 cap.
1162 1328 1215 1390 51.

131 1404 203 1467 libri
225 1408 348 1471 secundi
368 1410 479 1473 dicitur
499 1411 668 1491 praelectus
688 1410 759 1471 urbi
779 1411 900 1495 quando
920 1431 1098 1473 ascensurus
1117 1422 1163 1473 est
1183 1412 1216 1473 in

131 1490 336 1567 corruebam,
367 1497 401 1555 in
420 1516 481 1576 qua
501 1514 572 1555 cum
593 1494 780 1575 Imperatore
801 1493 1013 1576 procederem
1034 1494 1143 1555 horrea
1161 1495 1218 1556 de-

132 1572 209 1656 bet,¹
222 1576 251 1635 ei
270 1596 369 1659 genua
388 1578 543 1657 osculari3
565 1576 660 1640 mulio
680 1587 801 1649 autem,
819 1587 980 1658 antequam
1001 1578 1099 1638 iussus
1117 1579 1218 1639 consi·

129 1655 201 1719 dcst
229 1659 269 1719 ad
303 1662 437 1743 regimen
467 1680 615 1744 equorum
644 1658 879 1741 capessendum,
911 1659 1003 1739 pedes
1024 1660 1218 1741 Imperatoris

132 1740 273 1802 osculari.
316 1742 377 1805 Sed
406 1764 444 1805 an
472 1744 544 1807 solis
572 1742 681 1805 licebat
709 1740 944 1824 lmperatoribus
972 1740 1076 1802 oscula
1103 1744 1216 1825 pedum

131 1822 317 1887 admittere?
342 1836 395 1887 aut
414 1827 563 1889 licebatne
580 1826 757 1909 proceribus
779 1825 842 1907 pati
854 1824 985 1886 eundem
999 1822 1145 1885 bonorem
1158 1825 1217 1887 sibi

131 1926 151 1965 a
171 1908 234 1969 suis
263 1908 423 1971 clientibus
447 1910 577 1971 baberi?
618 1902 689 1970 Nou
719 1910 869 1969 succurrit
895 1905 1066 1989 exemplum
1086 1908 1218 1969 bominis

131 1990 265 2071 privati,
288 1994 338 2053 eui
359 2004 443 2059 muta
464 1994 669 2055 demonstrata
690 1992 784 2052 luerit
803 1993 969 2052 veneratio.
989 1984 1098 2050 Genua
1116 2002 1219 2051 tamea

95 2102 97 2107 .
132 2082 164 2131 et
182 2094 290 2135 manus
313 2076 502 2157 patriarchae
521 2074 649 2139 oseulari
671 2096 737 2135 mos
758 2085 844 2149 erat,
866 2073 958 2157 pedes
977 2092 1039 2134 non
1059 2076 1145 2134 item.
1173 2074 1219 2135 At

131 2158 286 2235 womodo
305 2160 500 2221 osculabatur
520 2156 692 2243 patriarcba
706 2158 940 2241 imperatorem,
965 2167 997 2219 et
1015 2155 1066 2217 bic
1086 2158 1219 2217 vicissim

133 2236 220 2301 illum
241 2243 274 2301 in
296 2242 401 2325 Agape
421 2265 474 2305 seu
494 2244 598 2305 osculo
618 2244 726 2324 pacis?
755 2242 946 2315 Labratoue‚
979 2262 1020 2301 au
1040 2260 1095 2321 per
1112 2260 1219 2321 porre-

132 2332 214 2385 ctam
240 2326 372 2387 vicissim
399 2332 545 2387 crucem?
587 2326 677 2386 Certe
708 2325 877 2390 sacerdotes
907 2323 1018 2397 laicis,
1053 2323 1163 2404 quibus
1182 2344 1218 2386 os
1342 2366 1346 2374 ·

133 2416 187 2465 aut
214 2404 264 2467 vel
290 2430 397 2469 manus
426 2410 571 2491 praebere
601 2408 863 2491 dedignabantur,
893 2426 1014 2467 erucem
1045 2416 1220 2487 argenteam

132 2498 187 2547 aut
196 2488 352 2559 Christum
361 2492 537 2555 crucifixum
557 2496 590 2555 iu
609 2491 721 2553 tabula
728 2493 846 2573 pictum
863 2488 1058 2571 porrigebant
1077 2488 1219 2550 osculan-
1243 2484 1252 2503 ‘

132 2568 220 2633 dum.
261 2573 510 2641 Mabammedani
537 2577 593 2639 sibi
624 2576 753 2637 invicem
780 2583 973 2635 ocemrentes
998 2570 1124 2631 barbam
1144 2573 1219 2633 deo·

133 2653 302 2717 sculantur.
344 2657 399 2719 llle
426 2670 526 2721 tumen
557 2664 634 2720 ritus
661 2662 712 2719 vix
742 2656 865 2719 videtur
885 2653 965 2736 apud
986 2654 1118 2715 Graecos
1138 2656 1221 2715 obti-

134 2738 256 2817 nuisse,
278 2742 330 2821 qui
351 2740 461 2804 barbas
483 2744 590 2805 radere
611 2740 769 2823 solebant3
789 2742 928 2822 quamvis
947 2736 1136 2821 patriarchae
1155 2736 1221 2819 ple·-¹

134 2822 221 2903 rique
241 2843 293 2885 cas
312 2823 438 2886 alerent.

218 2906 261 2967 D.
277 2928 347 2987 pen.
363 2906 447 3006 [dul.
466 2906 524 2992 sp]
545 2904 693 2995 podrbbor
712 2904 864 2986 χρυσοῦν.
908 2901 1063 2999 Modiolus
1076 2913 1148 3000 ‘erat
1167 2924 1220 2985 ges

133 3007 194 3047 nus
214 3010 345 3051 coronae
366 2992 528 3073 rmperialis
554 2992 680 3053 turritae
709 2994 741 3051 in
776 3009 897 3050 summo
916 2986 1053 3061 latiorrs,
1076 3008 1107 3047 ιιι
1128 2988 1217 3061 imo,

133 3090 197 3151 qna
217 3084 309 3154 eaput
327 3074 489 3157 tangebat,
510 3076 715 3158 angustioris,
735 3071 776 3135 ad
795 3074 891 3133 instar
909 3071 1017 3135 situlae
1031 3068 1127 3153 (unde
1141 3092 1220 3152 quo·

157 3174 196 3213 ue
224 3158 315 3217 stuta
336 3160 436 3228 medio
466 3180 542 3219 aevo
570 3158 716 3218 modiolis
745 3157 803 3217 fuit
821 3157 923 3228 dicta,
954 3154 1018 3216 vid.
1046 3155 1098 3213 Du
1118 3155 1221 3234 Gange

133 3176 238 3299 blase.
269 3241 339 3301 Lat.
369 3240 403 3301 b.
423 3241 480 3325 v.)
511 3252 564 3303 aut
586 3243 682 3301 instar
702 3242 781 3301 vasis
799 3240 935 3322 potorii,
956 3237 1082 3302 modioli
1099 3258 1222 3317 quoque

134 3318 233 3395 dicti,
256 3324 359 3407 quod,
384 3334 506 3387 auctore
525 3326 693 3399 Vitruvio,
718 3323 800 3406 apnd
828 3324 964 3384 Goarum
991 3320 1032 3380 ad
1052 3320 1180 3381 Cedren.
1193 3340 1225 3400 p.

131 3398 209 3481 485.
226 3404 267 3467 A.
281 3410 394 3486 citato,
415 3406 462 3467 ad
473 3428 616 3471 summram
634 3408 744 3469 elatum
770 3419 829 3480 est,
849 3407 893 3466 cd
910 3408 1002 3468 amm
1023 3405 1166 3478 avena,
1188 3402 1200 3463 i

135 3497 182 3559 est
204 3483 391 3570 ἀναχωρεῖ,
413 3494 567 3574 angustius
588 3491 644 3565 fit,
665 3491 697 3551 ia
716 3500 811 3551 semet
832 3492 902 3550 coit.
923 3484 1079 3547 Modiolus
1101 3505 1224 3567 quoque

133 3573 284 3633 terminus
304 3574 461 3637 labrorum
490 3574 688 3657 lignariorum
708 3584 778 3648 est,
808 3572 888 3632 Sirm
912 3568 962 3629 vel
993 3568 1121 3644 crass,
1150 3590 1223 3651 pro·

135 3650 284 3715 iacturam
304 3654 352 3719 vel
366 3658 525 3719 maeniana
546 3656 755 3721 columnarum
769 3654 819 3716 vel
833 3657 982 3737 parietum
1002 3664 1133 3730 notans,
1153 3654 1223 3734 qui·

134 3734 194 3797 bus
212 3742 329 3820 imponi
352 3742 467 3825 aliquid
488 3751 597 3823 potest.
640 3742 697 3802 Est
729 3758 851 3825 quoqne
868 3731 1016 3797 modiolus
1043 3735 1096 3796 illa
1123 3735 1223 3818 lignea

134 3840 220 3903 sepes
249 3823 398 3886 columnis
429 3824 601 3908 stylitarum
621 3822 784 3907 quondam
802 3825 834 3881 iu
857 3841 975 3881 summo
995 3819 1222 3896 eircmndueta‚

135 3906 221 3967 velut
241 3928 375 3983 corona,
405 3930 445 3969 ne
472 3909 503 3968 in
526 3909 675 3970 columnis
695 3906 867 3967 habitantes
885 3904 1079 3980 deciderent;
1102 3924 1132 3963 v.
1156 3906 1225 3963 Mae
1266 3936 1270 3945 ·

136 3988 200 4050 ielli
227 3990 343 4055 dissert.
371 3991 410 4053 de
442 3990 560 4076 Stylitis
588 3992 671 4074 apud
704 3990 929 4053 Assemannum
954 3988 985 4048 iu
1005 3984 1225 4070 Martyrulpgio

136 4072 176 4133 Τ.
205 4074 247 4134 ll.
293 4076 328 4136 ln
353 4078 529 4138 universum
553 4077 654 4137 omnia
686 4072 818 4135 rotunda
839 4076 872 4133 iu
901 4076 962 4131 imo
985 4075 1169 4154 angrrstiora,
1191 4072 1223 4128 in

135 4170 256 4226 mmmo
285 4158 391 4223 latiora
417 4170 449 4222 et
477 4158 622 4242 ampliora
655 4158 771 4221 modios
803 4169 833 4219 et
851 4157 996 4217 modiolos
1018 4153 1224 4237 appellabant.

136 4238 187 4303 Sic
213 4241 333 4309 modius
359 4256 424 4311 crat
446 4242 496 4305 illc
527 4238 648 4333 πύργος
671 4240 721 4316 rel
748 4240 896 4328 turricula
915 4239 1032 4324 lignea,
1055 4260 1110 4320 per
1130 4256 1223 4319 quam
