2975 4892
171 253 222 318 sn
243 254 463 320 cosmam.
500 251 649 316 rosen.
679 253 734 316 na
761 250 900 316 maru.
932 253 1006 314 un.
1035 255 1060 314 r.
1093 221 1178 335 359

114 413 196 472 mines
227 413 381 494 prodirent
421 421 473 472 aut
494 411 607 487 Gothi,
639 409 749 472 autad
771 411 934 470 Gothicum
955 429 1071 470 morem
1094 431 1177 470 eom·

113 497 206 575 positi,
229 497 258 556 in
279 493 480 578 Cyclopibes‚
502 497 555 577 qui
574 493 697 575 Satyros
720 505 751 554 et
771 497 920 563 rusticos,
944 493 1106 574 opiliones,
1124 515 1174 554 ca·

23 625 24 644 ,
112 577 260 660 primulgos
294 581 423 639 Graecos
453 577 611 638 referrent.
665 577 709 636 Ut
739 580 770 637 in
798 577 877 638 ludis
905 577 1041 638 Gothicis
1068 575 1176 638 licebat

22 655 24 688 ³
113 664 232 722 convicia
255 664 285 724 in
306 663 543 737 circumstantes,
566 661 741 742 praesertim
761 662 784 719 si
804 664 855 743 qui
870 659 1047 741 rogantibus
1068 662 1176 741 stipem

110 745 301 822 uenderent,
322 765 478 828 spargere,
503 748 545 806 sic
567 743 674 805 licebat
702 764 823 826 quoque
848 743 963 825 Satyris
983 753 1013 802 et
1034 741 1127 825 Cyclo
1149 745 1176 802 i-

110 825 166 886 bus.
206 829 320 890 Revera
341 832 455 912 origine
475 838 563 888 tenus
588 827 664 888 nibil
690 827 869 888 differebant
889 839 1006 909 satyrae
1025 849 1044 886 a
1064 765 1176 908 Cyclb·

108 911 201 990 pibus3
222 911 311 972 ambo
331 923 416 975 eram
435 911 500 972 ludi
521 912 677 974 rusticani.
719 909 766 972 Ut
786 911 896 971 urbani
917 931 986 970 suas
1006 911 1175 990 tragoedias

111 1003 135 1050 et
150 995 313 1056 comoedias
336 993 507 1071 habebant,
542 995 678 1056 dramata
699 1015 771 1055 suae
791 997 911 1076 utrique
932 993 1091 1070 fortunae,
1116 1015 1175 1053 no·

22 1075 24 1122 l
108 1073 192 1136 biliori
211 1087 241 1139 et
260 1077 415 1140 humiliori
436 1079 582 1160 propria:
616 1081 658 1138 sic
678 1077 832 1139 habebant
851 1080 955 1138 rustici
976 1096 1098 1159 quoque
1118 1097 1174 1138 sua

22 1207 24 1242 ,
108 1155 242 1236 dumah,
263 1183 372 1244 nernpe
393 1161 538 1242 Cyclopes
561 1183 613 1222 seu
633 1161 778 1244 Satyros,
811 1163 864 1244 qui
893 1160 1034 1240 deinceps
1062 1161 1199 1242 satyri-U

22 1327 23 1338 Ν
107 1243 880 1410 tltttthtttlllliaf⁰⁰sltll⁸bittit?
899 1241 1171 1410 delibitati

107 1404 165 1481 des,
192 1411 241 1470 sed
270 1413 380 1492 integri
408 1411 543 1472 homines
570 1410 702 1492 caprillis
730 1411 858 1492 pellibus
887 1409 984 1471 induti
994 1455 1006 1482 ,
1040 1431 1171 1492 quarum

107 1507 180 1551 crtrra
199 1493 399 1576 dependentia
420 1493 554 1556 subulam
585 1495 623 1554 de
644 1493 758 1576 Satyris
779 1493 983 1576 hircipcdibus
1009 1492 1169 1555 dederunt.

106 1571 210 1634 Possem
224 1577 272 1638 bic
294 1578 443 1660 quaedam
456 1578 493 1638 de
505 1577 626 1640 licentia
646 1578 787 1638 omnibus
803 1596 897 1660 pacare
911 1575 1068 1658 gentilium
1089 1577 1172 1636 lestis

22 1721 23 1724 Ἴ
109 1661 259 1738 mmmuni,
291 1662 426 1720 convicia
454 1672 485 1722 ct
506 1661 632 1720 dicteria
663 1663 692 1720 in
721 1661 830 1722 obvios
850 1681 984 1742 quosque
1014 1659 1168 1732 iactandi,

22 1737 24 1796 ἰ
107 1759 170 1816 quae
187 1745 276 1804 etiam
300 1765 317 1803 a
340 1742 474 1804 Gothicis
495 1743 575 1804 ludis
594 1765 654 1804 non
669 1744 793 1816 aberat,
817 1743 934 1804 afferre.
977 1741 1101 1802 Saucia
1123 1763 1171 1802 sa·

22 1807 24 1888 i
105 1823 189 1901 lyricis
205 1826 285 1888 ludis
305 1827 470 1908 regnabat,
490 1827 572 1888 unde
592 1829 682 1888 etiam
696 1828 813 1888 dictum
827 1827 884 1886 luit
905 1827 1013 1922 satyris
1029 1821 1171 1914 ‘alirprern

109 1908 252 1988 exagitare,
277 1921 310 1970 et
330 1920 502 1992 satyrarum
520 1931 630 1972 nomen
652 1933 706 1992 pro
729 1909 924 1974 mordacibus
942 1907 1051 1968 hbcllrs
1066 1918 1171 1967 natum

105 1997 148 2048 ‘sl-
184 1992 240 2052 Sed
260 1993 426 2054 abduceret
447 2013 496 2054 me
515 1992 566 2054 illa
586 2017 634 2054 res
656 1995 695 2054 ab
721 1995 869 2054 instituto.
914 1991 949 2052 ld
973 2000 1093 2052 tantum
1123 1991 1201 2051 di-'

105 2089 173 2148 tam,
201 2097 234 2136 ex
261 2077 324 2138 illis
350 2076 485 2140 Gothicis
515 2077 595 2138 ludis
622 2077 720 2138 adhuc
742 2077 833 2138 hodie
853 2097 969 2138 morem
990 2095 1168 2155 superesse,

106 2174 156 2232 quo
180 2159 308 2235 tudites,
336 2163 466 2232 musici,
501 2159 669 2221 scholastici
691 2181 761 2220 cum
785 2164 849 2222 suis
871 2160 1038 2220 rectoribus
1059 2157 1170 2217 Calen-

22 2303 23 2308 ἵ
105 2235 140 2296 dis
156 2239 299 2302 lanuariis
319 2243 357 2302 ad
378 2243 465 2302 aedes
484 2243 713 2304 honoratiorem
735 2265 805 2304 cum
826 2247 987 2325 tympanis,
1010 2241 1092 2301 tubis
1112 2239 1168 2300 ali-

22 2325 24 2358 *
104 2319 170 2400 ¹uque
190 2326 397 2388 instrumentis
418 2327 539 2386 musicis
559 2327 724 2400 accedunt,
743 2339 885 2404 cantant,
915 2347 1031 2385 norum
1053 2345 1168 2383 annum

22 2429 24 2456 τ
101 2406 268 2482 grantanter
300 2420 331 2470 et
364 2411 473 2489 stipem
499 2421 616 2492 rogant.
662 2411 791 2492 Vigcbat
811 2410 862 2470 ille
885 2431 972 2483 mos,
993 2403 1049 2467 τὸν
1069 2405 1168 2484 dyve-
1198 2405 1202 2413 ’

102 2481 150 2554 μὸν
175 2491 258 2570 dico,
292 2503 429 2575 tempore
463 2493 610 2573 Tactzae,
639 2495 692 2575 qui
724 2492 857 2553 Chiliad.
888 2491 978 2552 Xlll.
1014 2511 1060 2550 vs.
1093 2487 1167 2569 ²³l3·

102 2563 159 2630 baec
176 2572 287 2636 habet:

165 2648 248 2718 Ὅσοι
269 2659 341 2718 κατ’
361 2651 536 2740 ἅρχᾲιρτον
556 2653 613 2740 τὴν
629 2659 824 2738 Ἰανουαρίοα

181 2739 248 2800 Κατ’
267 2741 309 2824 τῇ
324 2739 473 2820 Χριστοῦ
493 2735 634 2822 γεννήσει
656 2741 691 2802 δὲ
712 2741 769 2801 κατ’
787 2741 825 2822 τῇ
846 2735 962 2823 φώτων
984 2736 1087 2824 ἡμέρᾳ

175 2817 301 2884 Ὁπόσοι
322 2823 543 2905 περττρέχοθαι
563 2821 620 2896 τὰς
641 2823 748 2904 θύρας
768 2825 1020 2903 προσαιτοῦντες.

101 2899 224 2966 Peruenit
251 2907 304 2968 ille
336 2928 402 2968 mos
434 2905 572 2988 deinceps
600 2929 618 2966 a
646 2908 770 2968 Graccis
789 2907 829 2966 ad
850 2929 906 2968 nos
936 2919 965 2969 et
989 2907 1028 2966 ad
1056 2905 1169 2968 Russus

101 3001 218 3070 quoque,
241 2991 279 3051 de
301 3011 432 3071 qnorum
449 2987 585 3073 ,α’γαρμρῖ
611 2989 711 3051 locum
740 2989 904 3051 notabilem
925 3013 959 3052 es
979 2991 1058 3051 libro
1086 2991 1171 3051 Ger·'
1200 2989 1204 2995 ’

102 3073 220 3150 manico,
248 3076 304 3156 qui
327 3072 500 3132 inscribitur
522 3073 692 3133 Ven'indert
719 3075 855 3136 Rrulund
877 3078 985 3136 Latine
1013 3073 1167 3136 redditum

99 3150 255 3216 adscribam.
282 3155 422 3216 Habctur
435 3157 477 3216 ibi
489 3155 574 3238 μᾶς).
626 3157 766 3217 Calendis
776 3159 848 3241 ι’ρτὶτ
856 3161 930 3219 novi
938 3161 1022 3231 aursi,
1034 3159 1088 3241 ραί
1104 3155 1168 3214 dies

101 3237 280 3314 mutusne
297 3242 376 3299 inter
391 3241 624 3318 marimefi’stos
640 3255 700 3312 est,
731 3275 747 3287 ·
759 3255 850 3324 -post
870 3243 1023 3303 meridiem
1045 3241 1167 3320 incrpc'e-

101 3313 138 3375 lat
156 3321 323 3404 Imperator
343 3343 409 3382 crura
430 3324 601 3406 proceribus
619 3325 752 3386 omnibus
773 3325 823 3399 id,
848 3327 929 3409 ραοιί
948 3327 1035 3384 lilasi
1052 3324 1169 3382 sluwcre

100 3405 282 3482 appellabant.
330 3405 461 3465 Verbum
495 3407 574 3466 illia!
599 3407 713 3466 slatveu
742 3422 826 3467 notat
843 3411 962 3488 [σταται
992 3407 1072 3465 diem
1092 3405 1167 3463 rele-

99 3477 167 3546 lrarr
183 3510 230 3548 seu
250 3489 308 3550 deo
328 3491 441 3570 gratans
462 3511 550 3569 agere
571 3487 849 3574 [α’τιευχαριστεῖν]
866 3493 1071 3574 rontinrmtqioe
1091 3487 1170 3547 r'lliul

99 3565 237 3632 ῠαΐᾰταατα
263 3594 324 3656 per
350 3585 414 3632 octo
446 3571 509 3634 dies
533 3573 587 3633 hoc
615 3573 711 3637 modo
755 3573 826 3634 Duo
855 3575 939 3634 Bassi
963 3572 1165 3657 praeordinat,

98 3665 216 3724 gesturum
232 3659 454 3716 instrumentum
463 3657 605 3734 ferreum
623 3701 631 3732 ,
654 3671 797 3740 tympmw
815 3659 930 3732 simile,·
952 3657 1085 3741 pistilla,
1099 3659 1166 3737 ραί·

100 3727 137 3790 bur
159 3737 191 3796 id
219 3741 362 3821 psalmat,
401 3739 557 3798 imbetandi
586 3742 652 3800 soni
679 3761 769 3800 curua
800 3763 904 3825 parum
930 3741 1064 3801 implica
1088 3754 1164 3800 sunt.

101 3811 151 3874 Hor
165 3825 292 3904 seqru'tur
316 3823 426 3882 Οταττιτ
450 3843 514 3881 curu
535 3837 593 3882 toto
614 3825 691 3883 clem
715 3838 744 3884 ct
774 3825 885 3904 ingenti
910 3828 1046 3884 corru'tatu
1075 3827 1166 3884 (irre-

100 3914 175 3960 soram
200 3919 227 3964 et
242 3906 436 3964 Botororum.
484 3905 514 3962 Τ
510 3919 558 3964 otu
576 3923 696 3966 iuterim
711 3910 803 3966 turbis
821 3931 908 3991 super
925 3911 1019 3984 glarie
1039 3911 1167 3968 relative

101 3983 194 4044 idion
221 4003 250 4048 et
285 3989 328 4048 od
357 3991 535 4070 praecipuos
568 3992 719 4072 palestinos
752 3995 863 4050 r'nuiu't.
910 3995 991 4074 (lain
1019 3994 1050 4050 in
1077 3993 1164 4051 orclas

100 4071 234 4146 mnne,
254 4085 375 4130 coritant
401 4073 443 4128 ibi
471 4073 586 4132 llussice
610 4075 771 4151 tyrannm.-
799 4076 841 4134 Te
865 4073 964 4134 Derim
985 4074 1162 4142 lrrrrdrumas,

22 4163 24 4230 ἶ
100 4157 121 4202 ²¹
132 4155 309 4228 nudantur
323 4175 431 4215 ηουιιητ
455 4177 577 4216 annunt.
624 4157 735 4240 Quibus
750 4159 846 4238 sartis
873 4157 973 4242 hospes
997 4159 1113 4232 eun-0,
1135 4169 1168 4217 ut
