2975 4892
119 282 174 350 so
204 285 429 354 cosmam.
458 287 607 356 roura
636 291 691 354 ns
718 289 855 358 crnru.
884 294 961 358 ur.
999 298 1024 357 r.
1052 263 1147 380 4⁶9

67 443 187 523 mydum
208 447 240 506 ln
266 444 370 507 oculos
389 448 603 526 incurrebant,
635 460 665 509 et
685 451 850 509 maxlmum
869 460 956 511 erant
975 449 1143 534 chlamydis

65 539 270 588 ornamentum
291 539 322 590 et
342 534 500 590 ostentatio
514 531 688 592 divitiarum
728 533 877 613 raecipua.
920 533 1039 594 Aureae
1060 537 1142 596 enim

66 607 238 693 plerumque
265 624 376 691 erant,
399 615 558 674 artilicioso
580 635 671 696 opere
695 553 865 676 elaboratae
886 626 916 675 et
941 620 1064 698 gemmis
1083 617 1142 678 lul·

67 693 197 769 gentibus
228 695 355 760 obsitae.
406 695 485 756 Hinc
518 707 601 780 patet
627 699 659 759 in
687 695 754 758 loco
787 697 1018 781 chrysostomi,
1050 721 1142 782 quem

68 774 260 837 Casaubonus
279 777 318 838 ad
337 777 401 838 Sor.
432 778 514 862 Aug.
554 779 758 841 Hist.1’.ll.
792 801 822 861 p.
846 801 897 842 aa.
921 784 1014 858 citat,
1035 803 1054 843 e
1073 781 1143 842 lan·

67 854 182 920 datione
203 859 334 942 Babylae
362 881 419 942 pro
436 857 586 938 χλανίδος
615 860 674 946 legi
692 871 833 944 oportere
850 858 1026 942 χλαμύδος.
1079 865 1142 926 De-

67 940 164 1002 scribit
194 941 237 1002 ibi
266 963 406 1026 pompam
426 953 457 1004 et
482 943 660 1026 φαντασίαν
688 967 739 1007 seu
774 950 979 1028 apparentiam
999 945 1141 1030 imperia-

67 1020 130 1084 lem.
159 1017 371 1106 Ὑπύγραψον,
387 1029 442 1104 ait,
463 1021 561 1088 αδτδν
580 1021 692 1105 σεμνὸν
706 1022 769 1088 ent
790 1030 854 1088 τοδν
873 1025 1008 1102 ἱματίων
1028 1023 1142 1112 φοινό-

16 1165 18 1172 ,
66 1123 170 1182 μενον,
192 1108 249 1168 καί
266 1108 321 1190 τῆς
341 1105 524 1191 ἁλουργίδας
546 1103 603 1170 καί
622 1111 684 1171 τοῖν
704 1107 803 1171 tium
821 1110 884 1171 τῶν
895 1111 1057 1190 πανταχοῦ
1076 1109 1142 1171 διι-

66 1188 265 1268 σπαρμίνυον,
289 1186 367 1252 κατὰ
389 1186 445 1272 την
466 1185 592 1268 δεξιὰν,
623 1187 702 1254 κατὰ
724 1187 782 1271 την
803 1187 965 1272 συμβολην
984 1193 1041 1272 τῆς
1060 1196 1141 1272 χλα-

67 1264 182 1348 μύδος,
217 1271 280 1334 τῶν
298 1264 360 1334 οἷπδ
396 1273 455 1334 τοῦ
482 1265 687 1351 διαδήματος.
735 1274 797 1334 Per
866 1277 1011 1334 ormesta
1030 1276 1142 1336 dextra

67 1365 185 1432 possunt
206 1375 340 1437 gemmae
361 1357 393 1416 in
412 1355 626 1418 dextrocheriis
670 1377 723 1416 seu
756 1297 881 1418 annillis
901 1356 1049 1440 intelligi,
1070 1379 1142 1438 pos-

69 1449 132 1498 sunt
153 1459 276 1520 quoque
308 1436 491 1499 annulorum
509 1457 654 1522 getninae.
699 1438 804 1516 Quum
825 1437 960 1523 chlamys
980 1461 1032 1501 seu
1053 1439 1141 1520 polu·
1236 1442 1240 1456 “

68 1517 237 1580 dementum
266 1521 297 1581 in
331 1521 431 1582 locum
452 1533 538 1604 togae
558 1521 732 1582 successerit
763 1533 794 1582 et
821 1532 909 1604 togae
928 1525 1074 1584 successio
1095 1533 1142 1584 at-

68 1621 120 1681 quc
139 1605 386 1681 imitamentum,
407 1605 467 1665 lori
484 1614 574 1686 puta,
604 1603 763 1684 perpaucis
782 1614 812 1665 et
832 1605 944 1686 oppido
964 1625 1034 1664 raro
1053 1625 1141 1664 asur·

69 1697 223 1824 parentur,
244 1697 308 1747 erat
329 1685 463 1768 chlamys
483 1687 650 1748 communis
669 1707 742 1746 usus
762 1687 898 1747 omnium
917 1688 1141 1769 uniusquemi-

81 1770 143 1840 iliae
165 1789 344 1850 procerum,
367 1769 466 1830 ssltirn
486 1767 673 1850 temporibus
693 1769 851 1829 Iustiniani
872 1770 918 1829 Μ.
960 1769 1036 1828 Nam
1055 1789 1142 1829 secu·

69 1851 102 1909 tis
118 1849 255 1934 chlamys
274 1861 338 1913 erat
358 1853 440 1933 apud
460 1853 583 1912 Latinos
610 1849 732 1932 quidem
752 1851 954 1913 honoratioris
974 1854 1145 1932 cuiusque,

70 1933 143 2012 apud
174 1936 306 1996 Graecos
338 1945 439 1994 autern
475 1933 566 1996 solius
588 1935 803 2016 Imperatoris,
839 1955 896 2016 pro
925 1955 986 2016 quo
1006 1954 1145 2015 proceres

71 2019 272 2078 scaramannio
298 2017 473 2078 utebantur.
524 2017 604 2078 Hinc
624 2010 853 2098 στρατιωτικὴν
869 2013 1022 2116 χλαμύδα
1041 2014 1145 2097 appel·

70 2093 109 2156 lat
129 2099 313 2161 Themistins
331 2121 362 2182 p.
391 2119 459 2184 ¹⁰9·
481 2097 518 2160 C.
539 2098 570 2178 4.
593 2111 623 2160 et
641 2121 672 2240 p.
698 2096 767 2160 116.
788 2097 829 2160 A.
847 2118 898 2160 ω
923 2119 1001 2176 αχρι
1021 2083 1146 2176 χλαμύ-

70 2177 119 2247 δος
136 2181 191 2242 καί
209 2175 308 2262 ζώνης
329 2177 536 2262 στρατιώτην.
580 2181 640 2242 Phi
653 2191 783 2242 ostratus
801 2203 834 2264 p.
859 2181 931 2243 aab.
956 2179 1047 2245 ces.
1061 2191 1195 2247 amo-Ed.
1205 2189 1233 2243 1..
1247 2189 1297 2262 ¹4⁸

68 2283 127 2322 reru
145 2258 311 2342 χλαμύδος
337 2259 393 2325 καί
412 2259 606 2344 στρατιώτου
625 2263 697 2343 βίου
718 2265 884 2346 coniungit.
936 2264 1052 2323 Verum
1073 2285 1146 2345 pm-

70 2345 182 2407 oeribus
200 2357 320 2429 togatae
348 2367 469 2430 quoque
496 2345 619 2406 militiae
645 2345 814 2424 tribuitur,
844 2357 874 2407 et
892 2341 1010 2425 πόρπη,
1020 2345 1142 2430 fibula,

71 2427 100 2487 id
119 2439 162 2490 est
181 2429 341 2512 chlamys,
362 2432 448 2491 cuius
470 2451 540 2511 pars
560 2439 636 2490 esset
656 2428 773 2509 fibula,
793 2449 849 2512 pro
870 2429 1023 2489 lirnefione
1043 2427 1144 2509 splen·

68 2510 209 2574 didissimi
237 2515 381 2594 cuimque
403 2517 593 2594 magistratus
620 2511 729 2572 urbani
749 2511 989 2572 comitatensisve
1006 2512 1143 2591 ponitur.

70 2592 250 2656 Plutarchus
278 2597 392 2677 Opuso.
421 2617 452 2678 p.
474 2593 546 2674 884.
571 2593 636 2655 15.:
658 2588 829 2656 δυσίππου
849 2587 945 2666 τινὸς,
965 2581 987 2673 ἢ
1008 2586 1145 2673 πόρπης,

67 2665 87 2754 ἢ
105 2672 251 2758 τοιαύτης
282 2673 363 2749 τινὸς
383 2675 555 2757 εὐημερίας
574 2671 728 2755 τύχωσιν,
752 2690 785 2736 ατ
802 2697 929 2760 ιριιιυα,
951 2674 1143 2759 rufihulam,

68 2771 96 2817 ut
113 2761 202 2820 talem
230 2759 362 2845 alriyuam
377 2761 557 2841 felicitatem
586 2780 671 2820 conse
811 2803 820 2833 ,
842 2757 934 2818 idest
953 2767 988 2816 ut
1008 2758 1144 2837 equites,

67 2851 98 2900 ut
116 2853 293 2920 senatores,
315 2853 350 2904 ut
371 2843 430 2904 alia
449 2841 520 2902 talia
540 2841 624 2902 fiant.
699 2845 896 2924 ieronymus:
936 2839 1018 2923 quod
1034 2841 1067 2899 ιἰι
1084 2859 1146 2922 ρα-

68 2922 160 2985 latha
181 2927 291 2986 militia
309 2927 359 2986 sub
378 2925 533 3004 eldamyde
553 2937 583 2984 et
602 2923 743 2984 condente
764 2925 854 2984 linteo
877 2943 982 3006 corpus
999 2922 1061 2981 erin
1078 2923 1145 2981 cili-

16 3069 17 3082 ,
68 3007 108 3066 cio
127 3009 230 3068 bitum
249 3011 297 3082 sit,
320 3008 352 3069 id
372 3019 417 3070 est
437 3027 532 3090 quum
553 3009 685 3088 primurn
705 3007 900 3067 candidatum
919 3005 1063 3086 principis
1074 3024 1146 3086 pro·

68 3097 210 3150 tectorem
231 3101 333 3174 ageret
352 3101 382 3152 et
403 3090 543 3170 deinceps
563 3090 601 3149 ad
623 3089 801 3150 illustriores
817 3088 948 3149 honores
969 3088 1146 3147 comitaten-

68 3191 110 3232 ses
129 3183 287 3255 promotus
316 3183 452 3236 mereret.
477 3171 563 3232 Cous.
595 3170 741 3252 Agathias
761 3193 793 3253 p.
821 3193 888 3254 ¹09·
914 3191 965 3253 ²7·
986 3216 994 3242 ‚
1017 3167 1070 3230 ubi
1089 3163 1147 3248 τὴν

67 3249 187 3335 πόρπην
206 3266 238 3317 et
255 3249 312 3336 τήν
326 3249 478 3336 χλαμύδα
499 3253 581 3315 velut
601 3255 818 3352 insigniarepni
839 3254 949 3314 eoniun
971 3255 1006 3328 it,
1023 3246 1086 3332 χρὴ
1108 3247 1149 3309 ου’

66 3338 101 3419 ιη’
117 3335 225 3422 πόρπη
248 3337 304 3399 ναί
319 3337 365 3422 τῷ
381 3335 549 3420 χλαμυδίῳ
568 3336 623 3397 ναί
634 3339 698 3409 τοῖς
718 3329 807 3406 ἕκτος
826 3355 945 3417 φαινομ
979 3331 1148 3412 οιςδγκαλ-

68 3421 246 3496 λυπίσμασι
267 3415 386 3502 ταύτην
405 3417 591 3500 προσνέμειν
609 3413 666 3499 τὴν
685 3417 868 3496 ἐπωνυμίαν
900 3420 1020 3496 (nempe
1039 3413 1146 3496 regni).

70 3501 134 3564 Vid.
153 3505 267 3566 Petav.
298 3503 338 3564 ad
364 3501 511 3565 Themist.
540 3523 571 3584 p.
599 3500 669 3584 378.
718 3498 930 3561 Sacerdotibus
958 3507 1058 3557 antem
1086 3514 1150 3556 non

70 3581 174 3650 licebat
206 3585 379 3668 chlamydes
411 3595 536 3668 gestare.
584 3585 663 3645 Hinc
696 3603 791 3666 quum
819 3581 858 3643 ad
880 3601 912 3642 se
932 3599 1037 3662 rapere
1057 3575 1150 3639 vellet

71 3687 237 3749 supremam
257 3678 433 3750 potestatem
453 3670 575 3764 eiusque
595 3669 721 3750 iusignia
742 3667 896 3726 Romanus
914 3662 1067 3745 pontifex,
1091 3660 1151 3720 lin·

71 3755 159 3830 guda
180 3754 247 3814 erat
261 3752 394 3826 donatio,
409 3754 442 3811 in
455 3771 515 3832 qua
530 3771 591 3832 ipse
610 3749 666 3812 sibi
685 3769 756 3810 oum
767 3747 833 3808 aliis
852 3770 871 3809 a
889 3745 1056 3808 sacerdotio
1076 3742 1150 3804 elie·

71 3836 112 3894 nis
122 3835 317 3919 chlamydem
325 3847 355 3897 et
369 3835 501 3896 tunicam
517 3835 686 3894 coccineam
701 3843 731 3892 ct
751 3831 853 3892 omnia
876 3827 1040 3911 imperialia
1060 3847 1151 3887 orna·

72 3931 165 3980 menta
187 3921 343 4000 permittit.
388 3918 643 3999 '‘[Constantiuus
663 3917 694 3975 iu
716 3914 879 3974 donatione
898 3911 1051 3994 sylvestro
1073 3911 1152 3970 lacta

70 4005 214 4077 permittit
234 4003 290 4084 ipsi
310 4019 454 4061 coronam
476 4001 766 4081 gerumisintertam,
790 3995 972 4078 epomidem,
993 3990 1153 4076 quaeeol·
1220 4005 1227 4016 ·

73 4079 130 4144 lum
174 4086 292 4167 cingat,
333 4081 522 4164 chlamydem
562 4100 765 4164 purpuream,
797 4078 966 4140 coccineam
998 4078 1151 4145 tunicam,

71 4165 233 4252 qrhippia,
265 4167 375 4250 qirihus
408 4167 476 4248 equi
507 4165 580 4246 regii
617 4173 818 4243 sternuntur,
841 4173 966 4261 ,sceptra
987 4156 1155 4240 etreliqua
