2975 4892
87 322 136 387 sn
168 322 393 389 coummu
420 326 571 391 roura.
602 326 656 390 nn
684 326 822 392 cmm.
852 328 927 392 us.
948 332 991 393 u.
1023 294 1109 393 865

39 479 123 539 mines
141 479 288 543 sederent.
327 482 467 545 Conferri
489 493 621 545 meretum
642 486 777 544 namatio
798 482 977 568 Luitprsndi
991 483 1030 545 de
1044 504 1111 544 mo-

38 558 85 637 do,
102 582 159 642 quo
178 564 241 644 ipse
262 565 319 627 fuit
339 578 477 648 exceptus
498 568 527 627 in
549 570 690 627 convivio
709 577 850 642 alianto.
892 567 982 629 Haud
1002 588 1111 653 parum
1197 636 1201 643 Ι

39 646 112 705 enim
132 666 193 705 rem
216 658 350 708 nostram
371 650 502 712 illustrat
522 661 552 713 et
572 651 651 712 dicta
672 650 842 710 confirmat.

58 806 72 821 .
112 726 151 789 D.
177 750 203 789 1.
228 729 314 813 [740.
339 730 389 814 1.]
418 729 498 815 πρὸς
524 729 558 794 τό
587 728 704 804 orituris
732 733 767 793 ἐν
787 734 831 816 τῷ
852 730 988 816 δευτέρῳ
1009 730 1110 818 με’νσῳ

35 828 86 887 της
104 812 251 893 τραπέζης
272 812 450 893 τυγχάνειν.
489 818 562 877 Tria
588 815 703 877 fercula
724 814 862 875 solebant
881 817 913 874 in
936 815 1111 875 convivium

37 902 187 972 angustum
205 896 319 957 inferri.
348 898 495 973 Primum,
512 900 594 981 quod
609 898 825 981 promulsidem
838 899 933 980 possis
946 896 1111 979 appellare,

34 978 215 1054 provocando
234 983 401 1059 appetitui3
425 980 511 1041 alteri
533 1004 643 1043 nomeu
664 994 728 1043 erat
747 976 782 1043 to*
804 977 1008 1059 ὄπτόμινσον,
1039 983 1113 1039 mis·

36 1077 81 1115 sus
100 1080 178 1119 ursae
193 1066 312 1134 curum,
330 1067 453 1124 tertium
475 1060 510 1124 τὸ
533 1061 669 1141 doviulr,
701 1065 908 1145 placentarum
929 1074 960 1123 et
981 1060 1113 1123 mellito-

36 1160 100 1199 rum
131 1143 178 1203 vel
207 1157 429 1206 saccaratorum
462 1150 581 1208 missus.
633 1149 681 1207 De
711 1148 757 1207 bis
778 1148 918 1209 missibus
942 1165 1042 1206 sermo
1062 1144 1112 1206 bic

37 1220 90 1281 loci
111 1246 169 1285 uon
194 1238 255 1301 est,
286 1230 339 1289 sed
367 1230 427 1290 alio
447 1250 535 1291 sensu
557 1230 646 1291 debet
666 1229 849 1291 vocabulum
869 1233 972 1291 melma
992 1228 1042 1288 bic
1062 1250 1113 1289 ac·
1187 1224 1191 1239 '

37 1307 104 1386 cipi.
143 1310 190 1369 De
210 1331 393 1393 unoquoque
407 1316 546 1393 superius
561 1314 710 1373 dictorum
725 1316 870 1373 missuum
891 1310 1112 1393 participabant

37 1392 175 1451 convivae
195 1413 311 1455 omnes.
337 1396 418 1473 Quia
432 1416 515 1469 vero,
539 1407 573 1457 ut
594 1418 611 1455 e
634 1396 825 1477 Luitpraudo
844 1404 876 1455 et
886 1396 1008 1456 Graecis
1038 1396 1114 1455 scri-

37 1472 166 1551 ptoribus
187 1487 317 1553 constat,
351 1498 414 1538 non
436 1482 547 1539 mensis
568 1477 693 1557 siugulis
724 1479 824 1539 lances
849 1477 945 1559 epulis
972 1488 1115 1538 oneratae

34 1556 269 1637 imponebantur,
290 1559 342 1621 sed
364 1559 553 1623 solummodo
573 1564 604 1621 in
626 1580 762 1622 mensam
779 1560 914 1644 regiam,
935 1580 954 1619 e
971 1580 1032 1641 qua
1052 1560 1114 1620 lm·

34 1652 150 1719 perator
169 1642 332 1723 unicnique
350 1664 436 1704 suam
456 1648 624 1727 portionem
643 1644 801 1723 mittebat,
821 1662 940 1704 neeesse
961 1653 1046 1715 erat,
1080 1654 1117 1705 ut

34 1721 192 1783 admodum
210 1726 338 1807 grandes
356 1738 457 1787 essent
478 1726 599 1807 lances,
628 1748 706 1807 quae
734 1727 881 1811 imperiali
905 1746 1027 1785 mensae
1056 1726 1116 1784 im·

34 1819 236 1885 ponerentur3
265 1818 423 1891 propterea
452 1811 541 1871 etiam
563 1810 705 1893 leguntur
726 1808 797 1869 illae
815 1809 955 1871 curribus
980 1811 1118 1868 invectae

35 1900 64 1946 ct
84 1887 221 1951 trochleis
240 1902 331 1972 atque
351 1892 472 1954 funibus
491 1893 664 1955 sublevatae
684 1904 776 1975 etque
795 1895 838 1953 sic
859 1896 891 1952 in
909 1912 993 1951 sacra
1013 1910 1118 1951 mense

35 1970 182 2051 depositae
214 1974 317 2034 fuisse.
366 1976 570 2053 Quantumvis
599 1987 701 2037 autem
732 1996 859 2057 magnae
888 1984 988 2035 essent
1017 1973 1116 2033 lancoe

35 2053 115 2133 illae,
131 2076 191 2116 nou
204 2066 344 2138 poterent
355 2062 445 2119 unius
459 2058 565 2120 ferculi
589 2080 641 2120 seu
663 2058 723 2118 cibi
744 2069 863 2119 tantum
884 2076 1002 2139 capere,
1019 2076 1118 2137 quiam

35 2148 100 2197 tum
122 2138 192 2201 228.
215 2139 388 2201 hominihus
411 2140 571 2203 sufficeret.
611 2143 806 2225 Quapropter
826 2162 887 2201 una
907 2140 992 2201 lance
1005 2160 1119 2199 vacua-

35 2230 82 2297 ta,
105 2220 233 2283 debebat
252 2220 347 2283 altera
364 2224 471 2285 eodem
498 2224 612 2287 ferculo
642 2228 730 2306 pleua
758 2224 886 2301 inferri,
915 2234 946 2282 et
969 2223 1057 2283 tertia
1088 2231 1119 2281 et

34 2315 152 2384 quarta,
175 2316 205 2365 et
227 2306 269 2365 sic
292 2326 395 2388 porro,
412 2306 508 2369 donec
528 2330 634 2369 omncs
646 2309 683 2369 de
698 2308 805 2369 eodem
822 2305 937 2367 ferculo
948 2305 1119 2387 portionem

35 2408 120 2447 suam
142 2390 334 2469 accepissent.
378 2389 455 2450 Cum
475 2392 607 2451 secundo
629 2391 742 2452 ferculo
762 2411 816 2451 seu
843 2410 925 2450 assae
950 2391 1050 2449 caruis
1089 2397 1121 2448 et

33 2471 123 2530 tertio
143 2472 247 2531 eodem
266 2472 358 2532 modo
376 2474 606 2556 procedebatur.
649 2475 747 2535 Erant
769 2476 914 2553 cuiusque
935 2469 1040 2532 ferculi
1053 2469 1121 2553 plu-

35 2574 83 2613 rcs
106 2556 220 2616 missus.
260 2556 382 2617 Primus
411 2559 520 2617 mbsus
546 2557 710 2617 destinatus
736 2567 803 2615 erat
821 2554 995 2615 sedentibus
1016 2557 1048 2613 in
1069 2574 1122 2635 pe·

34 2634 142 2695 euliari
164 2636 211 2697 rel
235 2650 372 2719 separata
390 2658 495 2701 mensa
517 2639 619 2721 regia3
649 2638 800 2699 secundus
822 2637 956 2719 patriciis
985 2647 1015 2695 et
1038 2638 1123 2696 simi·
1197 2676 1200 2679 ·

34 2717 134 2796 libus;
157 2720 265 2781 tertius
285 2733 315 2781 et
336 2721 445 2805 reliqui
462 2721 686 2804 magistratibus
707 2721 911 2781 inferioribus.
951 2718 1053 2791 Petet,
1075 2729 1124 2777 ta-

35 2800 95 2861 lem
110 2803 290 2865 convivandi
311 2804 435 2865 modum
456 2806 596 2865 inscrtum
618 2814 648 2863 et
666 2806 759 2865 taedii
777 2802 987 2882 tumultusque
999 2801 1124 2883 plenum

35 2896 66 2944 et
85 2906 204 2967 prorsus
225 2884 402 2949 illiberalem
423 2888 525 2949 fuisse.
568 2888 737 2968 Imperator
758 2889 821 2968 ipse
846 2885 996 2945 diribebat
1026 2894 1126 2966 partes

34 2978 65 3027 et
90 2970 200 3049 cuique
219 2970 366 3031 mittebat.
409 2971 542 3033 Putasne
570 2992 694 3053 operam
721 2970 814 3031 talem
842 2969 1028 3050 Imperatore
1058 2988 1127 3026 ma-

33 3054 92 3133 gis,
114 3070 206 3133 quem
226 3072 328 3133 servo,
349 3053 482 3135 dignam,
506 3055 616 3135 inqua
630 3054 760 3113 multum
776 3054 921 3133 temporis
936 3052 1127 3111 consumitur

33 3155 136 3215 neque
157 3156 265 3217 parum
288 3136 439 3196 sudatur?
468 3136 510 3197 Et
543 3138 596 3218 qui
629 3139 728 3219 potuit
749 3156 829 3197 riuus
849 3132 923 3195 228.
941 3144 989 3195 ter
1011 3135 1043 3193 iu
1063 3153 1127 3192 nno

32 3218 188 3289 convivio,
211 3218 242 3278 id
260 3229 304 3279 est
316 3217 390 3298 684.
411 3220 601 3299 portionibus
621 3220 787 3281 diribeudis
807 3217 964 3278 sufficeret
993 3215 1066 3287 Fac,
1088 3213 1128 3275 il-

32 3299 99 3360 lum
123 3302 300 3381 nonipsum
316 3302 495 3378 diribuisse,
523 3302 574 3363 sed
597 3304 770 3379 articliuos3
807 3301 865 3373 lac,
893 3301 992 3382 ipsum
1013 3298 1129 3359 solum-

31 3382 128 3443 modo
152 3396 307 3465 portiones
327 3385 365 3446 ad
385 3406 536 3468 quemque
558 3389 756 3446 convivarum
782 3384 919 3461 misisse3
957 3402 1060 3442 noune
1079 3378 1130 3441 rel

31 3468 65 3525 in
95 3486 133 3526 eo
166 3468 238 3527 satis
267 3468 376 3541 taedii,
405 3468 487 3550 quod
509 3480 600 3549 caput
621 3479 742 3550 rumpat
777 3478 808 3527 ct
843 3465 946 3527 cibum
973 3464 1131 3524 commode

30 3570 143 3630 capere
172 3560 263 3631 atque
295 3554 442 3633 respirare
475 3550 557 3612 haud
590 3552 692 3612 sinat?
722 3552 781 3611 Vix
806 3549 944 3609 crederes
970 3549 1013 3607 ita
1041 3546 1132 3607 fuisse

30 3644 152 3705 actum,
176 3635 209 3693 ni
229 3642 413 3697 testarentur
432 3632 490 3695 tide
512 3636 595 3717 digni
619 3646 768 3695 auctores.
808 3631 884 3715 [Sed
906 3629 1052 3691 credibile
1072 3641 1129 3706 est,

28 3716 255 3797 Imperatorem
282 3738 343 3779 non
376 3718 518 3778 omuibus
546 3720 716 3799 promiscue
747 3716 903 3789 convivis,
938 3714 991 3773 sed
1014 3724 1132 3772 taurum

27 3801 139 3879 paucis
169 3798 351 3879 quibusdam
375 3801 518 3877 delectis,
555 3820 631 3881 quos
667 3800 852 3880 distinguere
875 3796 965 3856 vellet
986 3796 1025 3856 ab
1047 3796 1130 3871 aliis,

28 3880 153 3941 fercula
179 3883 314 3959 misisse,
350 3895 383 3943 ut
411 3884 481 3944 lucit
500 3884 639 3965 princeps
662 3882 833 3942 Moldaviae
867 3880 941 3956 (vid.
972 3879 1014 3939 La
1044 3880 1134 3939 Cmix

29 3964 51 4024 l.
72 3986 170 4045 supra
192 3967 306 4043 citato).
350 3966 436 4027 Olim
458 3986 579 4049 quoque
601 3968 798 4046 imperatores
818 3964 946 4025 Romani
966 3983 1020 4022 sua
1042 3982 1135 4022 manu

28 4050 176 4109 convivis
196 4049 308 4109 fercula
322 4050 491 4109 mittebant.
546 4049 736 4129 Lampridius
750 4051 782 4107 in
797 4046 885 4107 Alex.
928 4045 1040 4106 Severo
1060 4048 1135 4121 (Ser.

29 4133 119 4193 Hist.
143 4133 226 4213 Aug.
251 4132 289 4193 T.
307 4134 331 4192 l.
358 4154 388 4213 p.
405 4131 512 4215 951.):
542 4152 659 4215 semper
679 4132 717 4192 de
734 4152 824 4191 manu
843 4151 898 4189 sua
917 4130 1138 4188 ministriseon·

27 4218 117 4275 viru'r'
145 4228 175 4273 et
199 4236 310 4299 ponem
336 4230 364 4275 et
385 4229 487 4300 partes
523 4228 576 4274 aru
599 4216 715 4277 olerum
737 4228 790 4276 aut
812 4214 913 4277 corut}
939 4226 992 4273 atet
1013 4210 1138 4291 legioni·

63 4333 128 4383 Cora
157 4333 286 4381 turstinus
303 4329 435 4399 PorplrJr.
460 4328 518 4386 Vol.
538 4328 574 4381 11.
890 4326 924 4381 55
1026 4330 1031 4339 ’
