2975 4892
373 347 459 436 386
581 375 638 442 ro.
670 375 750 444 uc.
793 375 940 441 ansxu
973 369 1252 443 enarrarem

371 527 423 616 [vel
450 549 499 590 me
526 547 588 591 non
617 539 759 592 monente
787 528 903 613 liquet,
933 539 964 590 et
980 530 1051 590 satis
1070 531 1201 612 suggerit
1225 527 1326 590 latinu
1347 525 1425 589 inter·

395 616 513 674 retatin.

372 634 393 696 p
456 695 495 758 A.
511 719 542 780 9.
557 693 660 780 [595‚
687 691 736 778 4.]
759 692 911 756 tralatas
953 693 1093 756 Verbum
1121 705 1195 756 tuno
1220 693 1352 776 temporis
1375 692 1426 753 fre·

372 791 565 862 quentatum,
587 781 632 838 uti
653 781 744 840 etiam
765 777 935 857 dentalia,
973 800 1029 859 pro
1050 775 1160 860 quibus
1182 787 1293 840 veteres
1318 794 1426 858 προσει-

372 865 460 938 πεῖν,
483 858 727 942 προσαγορεύειν
748 860 898 922 dicebant.
937 859 1100 922 Διαλαλία
1120 871 1165 921 est
1181 859 1330 932 allam,
1349 878 1424 940 prae-

371 948 474 1006 sertim
503 965 581 1028 quae
614 943 653 1004 ab
681 963 743 1004 uno
779 941 818 1004 ad
849 943 960 1004 multos
987 944 1128 1027 pertinet.
1168 941 1299 1004 Balsamo
1317 943 1426 1022 facetam

370 1027 446 1088 dans
471 1030 554 1088 vocis
579 1048 728 1112 camparto
749 1025 982 1110 etymologiam:
1015 1019 1059 1096 οἷς
1086 1022 1105 1084 d
1131 1019 1252 1104 κόμπος
1280 1029 1340 1095 τοῖς
1361 1023 1426 1102 flov-

369 1105 511 1186 λομένοις
537 1107 582 1180 εἰς
612 1107 768 1190 ἐμπορίαν
798 1103 1036 1186 ἀνεμπόδιστος·
1056 1103 1239 1189 πρόκειται,
1281 1099 1355 1167 οὕτω
1379 1098 1427 1164 sai

365 1183 584 1270 χαλκοστόμοο
614 1187 761 1264 κώδωνος
791 1187 813 1270 ἧ
842 1189 999 1272 μετέωρος
1029 1188 1177 1251 timialia
1197 1193 1259 1260 τοῖς
1277 1187 1366 1251 πᾶσιν
1383 1184 1427 1245 ο]-

369 1267 517 1354 πρόσιτος
548 1267 711 1356 putaram
741 1272 805 1334 vid.
834 1273 968 1355 Epitom.
999 1273 1129 1334 Diodori
1159 1271 1251 1333 Siculi
1279 1271 1316 1332 1..
1336 1269 1426 1330 xxn.

367 1375 400 1436 p.
420 1353 494 1440 497.
516 1378 547 1416 ο.
587 1357 620 1416 Si
641 1355 680 1417 ab
700 1356 894 1420 Artemidoro
914 1355 1041 1438 profecti
1061 1366 1133 1416 sunt
1162 1354 1285 1416 indiculi
1303 1351 1379 1415 libris
1400 1361 1427 1411 et

366 1437 910 1584 lili‘lliidilili.l³⁵iii³⁸”³
951 1439 1126 1584 ‘tlte
1136 1441 1427 1583 'iii‘dlil'llii

830 1567 858 1602 ¹2

365 1607 472 1665 aetatis
500 1616 582 1666 sunt.
624 1605 761 1666 Dubium
785 1607 908 1666 interim
929 1626 1020 1689 penes
1040 1625 1092 1666 me
1110 1615 1177 1684 est,
1200 1603 1340 1666 Graeciae
1355 1601 1427 1664 Leti-

364 1705 440 1764 nos,
462 1709 501 1748 an
522 1686 555 1748 hi
574 1685 641 1749 illos
662 1690 771 1749 imitati
792 1687 915 1750 fuerint.
958 1688 1037 1750 Nam
1057 1689 1185 1753 seriores
1206 1705 1323 1770 quoque
1341 1684 1425 1744 latini

365 1771 547 1832 ritterloeotio
571 1791 627 1852 pro
656 1773 815 1847 οἱίοποιο,
845 1772 1012 1835 deserato
1040 1771 1201 1848 dicebaut,
1220 1781 1254 1832 ut
1273 1778 1380 1830 conant
1396 1785 1426 1824 ex

362 1856 518 1932 prooemio
538 1853 972 1917 ChroniciWindesemensis:
1004 1857 1141 1940 paulinis
1158 1857 1253 1935 igitar
1271 1867 1426 1932 murgam

252 2006 256 2015 Ι
364 1935 630 2000 interlocutoribus
671 1939 826 2020 ostpositrk.
854 1937 893 1997 Ni
916 1940 1061 2000 memoria
1082 1936 1173 2014 fallit,
1188 1935 1315 1998 babetur
1324 1949 1427 2017 quoque

361 2017 544 2079 iruerlocutio
559 2041 614 2100 pro
628 1960 781 2094 allocutio,
800 2021 941 2097 edietum,
964 2023 996 2080 in
1015 2021 1128 2084 Codice
1149 2022 1337 2082 lustininneo.

361 2175 364 2188 Ι
444 2101 481 2160 Β.
503 2123 529 2160 ι.
547 2101 632 2184 1395,
647 2101 695 2185 7.]
717 2096 753 2161 τὸ
775 2101 922 2184 asperim-v
943 2101 1051 2174 edecta
1070 2102 1212 2187 ἀπαντᾷ.
1251 2103 1287 2162 ld
1304 2110 1346 2162 ee
1362 2112 1424 2172 περ·

362 2179 475 2260 uincor,
488 2185 687 2265 marsupium,
703 2183 840 2245 sacellus.
861 2185 907 2246 lta
919 2196 1002 2248 certe
1015 2187 1318 2268 exponitDuCange·
1337 2182 1426 2257 Quum

362 2274 463 2324 autem
484 2266 599 2345 moris,
621 2287 682 2348 quo
703 2288 786 2328 novo
806 2267 958 2350 praefecto
979 2269 1063 2329 urbis
1082 2279 1141 2330 aut
1160 2269 1302 2351 praetorii
1326 2280 1426 2326 marsu-

360 2348 447 2428 pium
467 2347 651 2424 offerebant,
684 2351 844 2434 vestigium
872 2373 1021 2436 nusquam
1042 2356 1232 2434 reperirem,
1259 2368 1351 2431 neqm
1366 2363 1426 2427 pm-

360 2430 443 2491 tinus
467 2443 609 2514 exputare
629 2455 765 2516 possem,
787 2455 932 2518 quorsum
951 2457 986 2496 ea
1006 2456 1053 2496 res
1073 2437 1260 2517 pertineret,
1280 2431 1358 2514 coepi
1376 2426 1425 2488 du·

358 2509 478 2594 bitere,
501 2517 718 2659 sipuilicaretne
732 2539 790 2578 vox
805 2520 963 2602 persistam
995 2530 1118 2600 praeter
1142 2520 1326 2601 marsupium
1343 2509 1425 2572 adbuc

359 2592 443 2657 aliud
463 2601 516 2680 qui
547 2643 557 2676 ‚
578 2622 687 2683 nempe
705 2615 813 2661 vestem
825 2601 975 2662 Persicam
994 2623 1049 2661 seu
1060 2602 1235 2680 Medicam,
1258 2600 1288 2660 id
1308 2607 1350 2658 est
1363 2591 1425 2653 σοῦ’·

357 2699 426 2739 cam
439 2701 514 2742 auro
529 2680 661 2762 illusam3
680 2683 790 2745 Persae
809 2687 941 2744 enimin
954 2705 991 2744 eo
1006 2705 1120 2767 genere
1129 2685 1221 2750 valde
1235 2682 1423 2769 luxuriantum

358 2772 413 2821 aut
449 2777 563 2826 vestem
584 2769 663 2848 persi
685 2766 736 2826 vel
756 2769 863 2849 persici
884 2765 1017 2848 coloris,
1049 2768 1151 2830 idest
1170 2769 1299 2831 obsone
1324 2777 1422 2850 cyafltj·

357 2841 516 2908 Habemus
544 2849 624 2930 apud
654 2850 788 2910 Leonem
818 2849 1422 2934 Grammaticump.465.c.fiu.11w¹'

356 2927 628 3010 χροσοπὲρσικος,
642 2934 742 2992 amica
763 2933 937 3018 muersfilis
959 2934 1097 3010 intexto,
1124 2936 1235 2995 eoloris
1252 2931 1333 3018 per-51⁸
1336 2949 1349 3003 ί
1372 2917 1423 2984 Vll·

357 3005 411 3066 Du
431 3009 532 3094 Gange
552 3034 582 3072 v.
597 3015 713 3082 Persas.
754 3013 860 3076 Posset
879 3018 981 3098 itaque
1003 3033 1066 3076 non
1079 3015 1216 3078 absurde
1235 3014 1340 3085 statui,
1365 3024 1421 3089 pff·

355 3091 452 3150 sicum
472 3091 563 3154 fuisse
583 3105 696 3156 vestem
716 3094 880 3159 admodum
900 3101 1084 3181 pretiosam,
1107 3116 1188 3182 quae
1207 3102 1240 3160 in
1254 3094 1370 3159 honoris
1384 3106 1424 3148 tt·

357 3193 428 3234 cens
450 3173 550 3237 collati
581 3177 697 3260 insigne
720 3184 910 3243 consueverit
928 3179 1087 3265 praefectis
1109 3181 1236 3244 obviam
1257 3180 1333 3240 seni·
1368 3169 1422 3230 0b·
1452 3236 1453 3257 p

354 3258 432 3317 tinet
450 3257 550 3320 adbuc
570 3259 662 3323 hodie
682 3284 765 3342 mos,
799 3285 835 3326 ex
855 3263 925 3326 aula
945 3284 1009 3326 non
1029 3285 1078 3325 ma
1102 3267 1126 3328 's
1146 3252 1336 3328 orientalium
1353 3253 1421 3347 Ρῐῖὓζ
1451 3314 1452 3339 .

354 3343 474 3422 cipum,
504 3365 597 3426 quam
623 3345 809 3408 Graecorum
840 3350 873 3408 in
894 3349 1054 3408 Tureicam
1075 3287 1259 3424 dirivatus,
1279 3353 1330 3404 aot
1350 3352 1421 3428 not}s
1450 3376 1451 3421 r

353 3419 550 3489 investiendis
581 3438 634 3488 aut
660 3430 812 3490 veteribus
844 3429 1058 3492 confirmandis
1094 3432 1203 3514 legatis
1231 3427 1281 3490 vel
1309 3418 1421 3510 exarcho
1449 3450 1450 3503 ρ

354 3505 467 3582 (Bassos
479 3509 509 3570 id
523 3533 617 3593 genus
630 3515 748 3590 vocant)
762 3515 923 3655 potamia
944 3515 975 3573 in
996 3511 1173 3595 'provincias
1194 3535 1214 3574 a
1228 3511 1349 3574 saltam
1358 3503 1421 3563 mim

352 3599 450 3650 vestes
472 3590 648 3655 honorarius
676 3594 762 3674 (Cha
786 3597 965 3662 as,Turcae
983 3595 1164 3680 appellant,
1195 3595 1279 3658 unde
1304 3598 1422 3653 notlfflffl

355 3667 460 3748 Gala‚)
483 3676 640 3749 mittendi,
663 3699 738 3758 quas
759 3680 926 3762 insignum
948 3681 1146 3742 investiturae
1168 3691 1200 3741 et
1217 3671 1423 3740 benevolenme

351 3751 526 3833 principalis
539 3770 586 3818 ·et
611 3761 825 3840 professionem
851 3761 1003 3824 fidelitatis
1032 3785 1109 3824 suae
1133 3765 1245 3825 Bassae
1265 3759 1367 3822 debent
1383 3751 1421 3842 5¹¹2

352 3831 456 3894 duere.
499 3838 578 3912 Quia
599 3853 698 3902 tamen
720 3843 780 3904 hoc
801 3843 839 3904 ad
861 3844 1081 3926 Imperatorem
1104 3849 1211 3930 ipsum
1223 3833 1422 3926 accommodev

350 3933 446 3995 aeque
475 3917 560 3980 facile
581 3921 663 3983 haud
683 3936 797 4005 potest,
820 3928 870 3985 cui
889 3949 994 3989 recens
1021 3928 1121 3992 electo
1141 3951 1236 4014 super
1263 3939 1377 3988 carructt
1394 3932 1420 3970 ¹¹¹

348 3995 456 4095 urbem
478 4002 601 4064 intranti
622 4005 765 4068 dicuntur
781 4030 814 4090 p.
831 4007 901 4088 arlo.
912 4011 952 4070 D.
972 4011 1002 4071 3.
1024 4033 1134 4075 cruces
1156 4023 1189 4076 et
1208 4012 1330 4097 peracit
1348 4017 1420 4086 ΡΨ

349 4077 426 4177 ferm
448 4083 495 4144 vel
516 4085 637 4147 obviam
659 4089 752 4152 ferri:
775 4085 904 4174 (signum
925 4095 1005 4155 enim
1025 4095 1230 4161 investiturae
1248 4099 1280 4156 in
1297 4093 1418 4174 licceat¹¹

346 4167 482 4242 persrcia,
494 4185 557 4228 esse
585 4185 762 4253 nequeunt,
792 4197 887 4257 quum
908 4177 1084 4260 chlamydes
1113 4193 1146 4243 et
1173 4199 1303 4244 coronae
1327 4183 1355 4235 et
1371 4161 1418 4227 ³1¹²

346 4245 485 4328 symbola
510 4251 571 4311 sint
601 4253 848 4343 Imperatorum)
867 4259 948 4322 melo
968 4281 1051 4323 nunc
1072 4283 1093 4324 a
1114 4263 1237 4349 vulgari
1258 4255 1418 4341 expoelilffl‘
