2975 4892
168 317 224 391 an
258 315 661 383 conseranensem
691 319 745 380 na
769 317 905 382 emin
933 319 1007 385 nn
1037 324 1077 386 n.
1107 289 1193 394 ale

105 487 208 546 nrm,-
227 473 303 532 item
323 494 354 555 p.
377 494 444 556 ¹¹9·
460 473 501 532 D·
515 471 547 536 6.
571 465 705 550 ἓξορχον
725 471 783 552 τῆς
810 471 1019 556 τυραννίδος,
1046 487 1193 536 motorum

105 569 137 614 et
167 558 336 655 priircr'pem
357 557 546 632 rebellionis3
579 577 611 636 p.
633 555 705 638 337.
726 556 762 615 Β.
784 557 920 618 nominat
950 557 1093 639 Pipinum
1117 551 1194 636 πρό-

106 655 194 696 οικον
213 660 265 698 και
286 633 421 716 ἔξαρχον
440 638 505 699 τῶν
528 632 609 698 ὅλων
628 631 823 718 πραγμάτων
850 634 907 699 καὶ
923 640 981 700 τοῦ
1001 639 1063 701 τῶν
1085 635 1192 722 &poly-

105 742 170 779 κων
190 714 329 794 idione,
343 722 396 781 ubi
419 721 546 783 dubium
569 732 635 792 est,
659 721 845 801 significetne
862 723 1050 806 principem,
1084 745 1124 784 aa
1143 725 1193 783 oi·

107 805 226 863 carium
245 805 322 884 regis
356 803 405 865 vel
424 819 576 886 regentem.
618 804 782 886 Coniungit
801 804 881 864 idem
901 825 970 886 pag.
1003 807 1071 868 125·
1097 807 1131 868 Β.
1160 805 1192 865 5.

108 881 285 964 στρατηγὸν
305 897 336 946 et
355 881 489 966 ἔξαρχον
508 887 565 966 τῆς
593 878 673 969 ἑῴας
692 888 723 946 in
746 907 808 948 uno
841 885 980 964 homine,
1009 891 1062 972 qrii
1089 901 1195 948 strate·

106 991 163 1048 gur
201 969 331 1030 On'entir
358 985 423 1030 erat
457 983 487 1029 et
514 969 624 1029 ibidem
642 971 762 1032 nombre
782 969 976 1055 Imperatoris
996 973 1196 1031 aucton'totem

107 1071 260 1112 exercens.
303 1051 392 1114 Talea
411 1053 543 1115 Exarehi
563 1064 650 1112 erant
672 1052 716 1114 illi
735 1049 869 1114 celebres
889 1053 1101 1128 Ravennates,
1124 1056 1196 1134 qui·

109 1134 236 1194 boscum
272 1135 348 1196 nihil
398 1147 517 1222 praeter
548 1157 658 1196 nomen
700 1155 862 1196 commune
898 1137 955 1198 suit
986 1135 1120 1197 exarchis
1146 1135 1197 1194 hic

109 1220 363 1279 commemoratis.
406 1220 486 1280 Nam
508 1218 553 1279 illi
575 1221 680 1280 vicarii
700 1219 919 1299 Imperatorum
944 1229 1049 1297 erant,
1074 1218 1106 1278 bi
1127 1217 1197 1298 qui-

111 1300 238 1368 busdam
259 1303 291 1360 in
314 1301 404 1361 rebus
427 1305 548 1384 gessisse
569 1305 648 1363 vices
676 1302 898 1386 praefectorum
920 1301 1014 1364 Urbis
1034 1301 1197 1377 videntur3

112 1385 174 1444 vid.
198 1383 290 1466 paulo
311 1394 382 1444 ante
401 1385 493 1446 dicta.

194 1485 236 1542 D.
254 1481 369 1564 penult.
387 1481 477 1568 [717,
499 1481 560 1567 in]
581 1479 753 1563 βοολοοταί.
776 1483 914 1568 Cogitavi
935 1483 1098 1568 aliquando
1122 1483 1199 1562 βου·

114 1561 241 1639 λοοταί,
267 1565 462 1645 decuriones3
482 1567 535 1628 sed
557 1588 640 1628 nunc
661 1588 725 1628 non
750 1579 825 1650 puto
846 1566 1063 1631 sollicitandam
1095 1565 1200 1627 lectio-

113 1671 185 1708 nem
212 1649 456 1712 membranarum
486 1645 653 1728 posterni.
703 1651 855 1711 Videntur
885 1671 922 1712 eo
959 1651 1107 1732 designari
1149 1649 1202 1730 qni

113 1731 213 1793 bullas
236 1729 403 1814 imperiales
426 1753 479 1793 seu
499 1732 596 1814 sigilla
616 1732 720 1796 formis
740 1737 833 1794 sacris
852 1735 1025 1815 imprimere
1050 1731 1202 1792 debebant

115 1827 145 1876 et
167 1814 197 1874 id
215 1836 290 1898 opus
311 1813 444 1894 habent3
468 1816 724 1896 quemadmodum
739 1814 838 1878 solent
858 1818 967 1877 notarii
989 1813 1103 1899 publici
1132 1833 1200 1876 eae·

116 1901 212 1971 sarci,
245 1901 316 1958 item
336 1901 389 1980 qui
415 1900 552 1960 chartam
572 1897 719 1961 bullatam
740 1899 833 1976 (Stem
871 1900 1010 1984 lpapr'er,
1031 1898 1142 1980 papien
1159 1895 1198 1955 de

115 1983 229 2062 timbre)
252 1982 421 2063 obsignant.
465 1982 695 2066 Applnmbarios
718 1993 748 2042 et
771 1983 911 2043 boiarios
932 1981 1125 2064 appellabant
1138 1999 1202 2038 rne-

117 2063 169 2124 dio
196 2085 282 2125 aevo.
326 2063 542 2149 Applnmbarii
568 2065 671 2145 Papae
699 2065 842 2126 dicuntur
869 2064 1035 2127 Glossatori
1066 2063 1223 2123 Gratiani¹

118 2149 172 2230 qni
192 2167 378 2208 summorum
403 2149 586 2209 Pontificum
606 2146 698 2208 bullis
722 2147 882 2230 plumbum
904 2158 1018 2230 optant.
1038 2148 1089 2208 Du
1104 2144 1205 2226 Gange

119 2229 172 2292 Gl.
197 2231 241 2290 Le
254 2230 286 2292 h.
306 2250 339 2292 ν.
359 2229 496 2291 Bniiarii
516 2233 548 2293 in
570 2231 668 2292 Gestis
689 2232 858 2293 Innocentii
881 2231 939 2291 111.
955 2231 1021 2292 ΡΡ.
1037 2227 1117 2312 apud
1132 2249 1206 2286 eun·

119 2312 188 2372 dem
208 2312 240 2373 b.
261 2334 292 2372 v.
317 2324 408 2392 sunt,
440 2315 492 2375 ubi
525 2317 693 2396 iunguntur
718 2318 780 2375 scri
798 2329 874 2376 tores
892 2327 922 2376 et
951 2313 1089 2388 bullarii,
1121 2307 1204 2394 quod

119 2397 255 2478 apprime
276 2396 425 2457 Graecam
445 2417 548 2458 vocem
564 2399 703 2480 exprimit
716 2409 746 2458 et
759 2338 900 2458 illustrat.
929 2397 1028 2458 Habet
1042 2397 1093 2455 Du
1104 2394 1205 2474 Gange

119 2481 151 2538 in
173 2477 271 2539 Gloss.
295 2480 350 2538 Gr.
366 2500 471 2540 vocem
491 2475 673 2560 βουλλοοτὴς
686 2502 703 2539 e
717 2479 901 2562 Sgyropulo‚
928 2481 1030 2562 aitque
1051 2477 1093 2538 ibi
1114 2475 1209 2558 sigilli

119 2563 265 2622 custodem
284 2562 450 2643 designare.
492 2563 562 2622 Non
583 2585 655 2645 ergo
674 2565 770 2644 sigilli
787 2563 917 2624 custodes
935 2574 998 2624 tam
1032 2558 1209 2644 spectabiles

121 2655 208 2705 erant
228 2655 294 2704 tum
314 2647 458 2728 temporis
479 2646 510 2706 in
538 2644 608 2710 aula
635 2645 824 2728 Byzantina,
859 2656 951 2726 atque
970 2655 1040 2706 sunt
1062 2643 1153 2704 hodie
1174 2643 1207 2702 in

120 2732 220 2810 reguis
241 2729 326 2788 Euro
348 2731 420 2789 aeis.
463 2729 557 2789 Forte
576 2749 696 2810 quoque
717 2749 829 2789 munus
850 2730 914 2789 eius
936 2739 1017 2806 erat,
1050 2726 1208 2804 sindones,

121 2811 231 2893 quibus
255 2751 384 2872 involuti
405 2812 556 2873 debebant
575 2810 668 2872 libelli
689 2812 838 2894 supplices
858 2812 897 2872 ad
909 2811 1137 2893 ,Imperatorem
1158 2810 1209 2867 in-

121 2895 217 2972 ferri,
241 2897 310 2976 (qua
331 2897 362 2954 in
383 2917 417 2956 re
436 2893 597 2956 orientales
625 2916 748 2978 quoque
772 2897 904 2956 Graecos
933 2906 986 2955 aut
1010 2893 1117 2954 Graeci
1142 2889 1209 2951 illos

122 2979 230 3038 imitati
251 2977 395 3054 luerunt,
424 2990 460 3039 nt
491 2977 629 3060 pluribus
657 2978 725 3039 dico
745 2977 784 3038 ad
805 2977 1019 3055 Abulfedam,)
1047 2974 1208 3051 sindones,

121 3064 265 3142 inquam,
287 3059 354 3121 illas
373 3062 562 3144 obsignabat.
607 3060 725 3143 Collige
746 3061 798 3140 id,
820 3061 957 3122 simodo
981 3061 1072 3136 licet,
1102 3055 1208 3118 eloco

122 3145 247 3204 Nicetae
267 3143 298 3203 in
319 3145 461 3205 Manuele
481 3146 518 3205 L.
531 3145 603 3205 Vll.
620 3165 653 3205 n.
671 3165 726 3222 a.,
757 3165 848 3226 quem
868 3145 919 3203 Du
939 3143 1044 3226 Cange
1064 3143 1087 3204 1.
1104 3163 1131 3202 ο.
1154 3139 1210 3200 ad·
1254 3159 1266 3178 ⁸

118 3227 227 3288 'ducite
250 3218 267 3284 i
289 3225 325 3286 dl
345 3223 388 3297 ὥς
407 3218 667 3330 κερδοσυλλέντης
679 3222 872 3323 Ιπροεδρεύει
893 3224 948 3286 ναὶ
966 3221 1013 3324 τὰ·
1028 3219 1210 3322 poostaltto

117 3307 279 3468 titlt‘l
294 3308 675 3474 lltiltt‘btlitlitl
678 3312 840 3471 latit?
841 3308 1106 3473 bilbili?
1114 3307 1211 3449 1111.

124 3474 266 3555 Hispanis
295 3476 397 3535 medio
422 3496 499 3536 aevo
526 3474 632 3548 illum,
666 3476 719 3556 qui
747 3476 818 3557 ipsis
846 3497 882 3536 ex
902 3475 1034 3536 Arabica
1054 3473 1158 3558 lingue
1180 3470 1211 3532 al

122 3573 287 3635 bluserifus
308 3561 434 3658 &jis-ll
473 3574 661 3657 appellatur,
682 3574 734 3635 ille
757 3575 883 3657 nempe,
905 3577 958 3660 qui
983 3573 1096 3636 chartis
1122 3573 1213 3652 regiis

122 3665 159 3731 τὸ
178 3672 324 3735 Taschril
339 3661 503 3762 dmm,
516 3696 780 3757 monogrammum
798 3675 846 3736 vel
859 3673 985 3749 bullam,
1005 3671 1213 3736 subscribebat

123 3755 394 3840 auteobsignabat.
411 3757 490 3818 Citat
498 3759 550 3818 Du
561 3759 662 3840 Cenge
672 3758 722 3818 61.
731 3760 767 3820 L.
785 3779 817 3818 v.
829 3757 981 3837 Alcaydus
992 3769 1022 3819 et
1036 3757 1216 3824 Atmocabat

124 3852 207 3914 bone
219 3852 331 3916 locumr
346 3856 845 3918 etvestrastendmnnlbrsdluacii
857 3841 955 3943 [ψῃ
990 3850 1094 3938 κριτὴς
1115 3855 1164 3918 vel
1183 3867 1214 3917 et

123 3934 226 4021 lictor]
247 3961 340 4036 impete
359 3939 559 4022 Almusenfns
570 3940 741 4024 [bullarios
757 3939 870 4002 scilicet
885 3942 1084 4024 imprimendo
1105 3940 1214 4002 vestris

124 4020 251 4082 aedibus
271 4041 358 4104 siguo
379 4023 484 4104 regio,
516 4045 578 4105 quo
598 4022 837 4105 sequestrentur]
859 4047 951 4110 neque
970 4023 1147 4086 Abnocolel
1165 4025 1214 4083 oi-

123 4105 238 4165 olenter
263 4107 358 4166 intret.
403 4107 466 4183 Qui
488 4105 537 4166 hic
560 4108 746 4184 Almocabel,
771 4107 912 4180 collator,
947 4103 965 4168 tl
1003 4101 1211 4185 ἀποβάλλων,

124 4187 312 4272 appellatur,
343 4187 423 4268 sorte
453 4189 512 4251 fuit
539 4193 676 4253 notarius
695 4189 855 4274 publicus,
886 4193 941 4275 qui
960 4192 1083 4264 notitias
1103 4189 1215 4252 taceret
