2975 4892
377 337 405 437 tl
600 360 657 424 ιο.
689 359 945 428 uounuxn
975 359 1255 425 corursursun

379 513 544 590 suadebat,
567 512 720 573 Christum
739 512 833 572 amari
856 534 874 571 a
893 514 1011 573 nemine
1024 534 1128 594 posse,
1152 517 1202 595 qui
1219 514 1334 596 lignum
1351 518 1383 574 in
1400 538 1466 577 eru

378 598 455 657 cilixi
477 596 637 676 imaginem
656 598 771 677 pictum
783 594 955 655 dolatumve
969 594 1071 655 divino
1094 595 1176 655 cultu
1191 618 1252 656 non
1266 619 1463 679 prosequere

378 691 440 739 tur.
482 679 648 759 Postquam
672 689 773 738 autem
796 688 939 759 regnante
962 678 1091 737 foemina
1115 682 1339 759 superstitiosa,
1378 681 1466 739 clerc

267 831 270 844 Ι
378 783 441 821 non
459 764 554 843 magis
576 782 668 836 sano,
691 781 782 841 quam
803 762 868 840 ipsa
889 771 983 835 esset,
1015 760 1162 839 obnoxia,
1194 764 1315 822 vicisset
1337 764 1466 823 tanden:

378 846 509 904 deterior
522 866 610 925 pars,
632 844 809 924 conciliique
830 846 981 903 sanctione
995 842 1045 903 ille
1058 842 1196 925 deinceps
1210 866 1265 925 pro
1279 846 1466 907 exsecrande

322 961 326 979 ι
378 939 408 987 et
420 926 565 1009 piaculari
575 927 735 986 habendus
757 936 853 1002 esset,
875 937 905 985 et
925 928 1063 1011 extremis
1084 926 1191 1007 dignus
1212 927 1386 1007 suppliciis,
1410 951 1466 1009 qm

378 1010 502 1070 auderet
524 1008 668 1091 imagines
691 1008 781 1089 paulo
804 1008 939 1089 li'igidius
960 1028 1051 1089 quam
1070 1011 1194 1069 numina
1215 1013 1375 1085 venerari,
1411 1022 1466 1069 aut

378 1092 472 1152 oeulis
495 1094 624 1153 cariores
644 1113 706 1151 non
724 1092 856 1167 habere,
887 1091 998 1151 lachim
1020 1113 1053 1151 ex
1074 1112 1109 1150 eo
1130 1092 1204 1167 fuit,
1236 1104 1269 1151 ut
1292 1092 1340 1152 vel
1365 1092 1466 1153 sortis·

378 1178 445 1235 simi
468 1186 557 1255 atque
579 1176 788 1256 sapientissimi
811 1175 1010 1255 Imperatores
1032 1170 1201 1235 metuerent
1224 1174 1302 1235 hanc
1329 1175 1466 1257 hydram

377 1260 516 1333 irritare,
538 1270 652 1339 suoque
670 1257 726 1317 sibi
742 1260 882 1315 iruncnto
892 1256 1005 1316 malurn
1026 1278 1184 1317 arcessere.
1227 1256 1335 1339 quue
1350 1262 1466 1318 mansit

377 1340 429 1399 ille
448 1339 554 1400 titulus
576 1341 717 1401 amantis
736 1338 894 1399 Christum
918 1338 1040 1401 domini
1057 1340 1214 1420 peculiaris
1238 1352 1267 1400 et
1289 1344 1466 1400 communis

378 1422 437 1482 illis
455 1423 595 1483 omnibus
612 1420 860 1503 Imperatoribus‚
881 1424 933 1501 qui
952 1421 1079 1481 concilio
1100 1421 1164 1499 illc,
1189 1422 1279 1482 Anno
1295 1422 1369 1499 842.
1382 1424 1466 1483 CPti

378 1514 499 1581 coacto,
519 1509 699 1586 posteriores
711 1506 845 1565 fuerunt.
887 1506 981 1565 Leoni
997 1515 1097 1564 autem
1113 1505 1236 1582 Isaura,
1259 1506 1466 1568 Constantino

378 1588 591 1669 Coprmymn,
614 1589 708 1647 Leoni
720 1587 873 1663 Armeno,
890 1584 1030 1646 llliclraeli
1044 1586 1156 1664 Balbo,
1171 1598 1200 1646 et
1214 1588 1277 1646 eius
1291 1588 1352 1647 filio
1362 1588 1466 1647 Theo·

377 1670 480 1752 philo,
501 1682 628 1752 negatur
640 1681 838 1730 constantera
851 1671 971 1729 Graecis
987 1668 1077 1728 medii
1091 1672 1155 1728 aevi
1168 1670 1384 1751 scriptoribus,
1407 1674 1466 1753 qui

378 1754 607 1830 autmonachi,
628 1764 687 1813 aut
704 1752 825 1829 cleriei,
857 1763 908 1811 aut
928 1751 1042 1811 clericis
1060 1772 1154 1833 aeque
1181 1752 1304 1813 absurdi
1337 1752 1466 1813 fuerunt

377 1856 501 1916 onmem
523 1839 661 1917 quamvis
681 1835 801 1895 saeculo
815 1838 875 1892 iam
892 1834 949 1894 IV.
965 1835 996 1893 in
1009 1854 1067 1893 usu
1086 1845 1162 1895 esset
1182 1834 1232 1897 hic
1252 1833 1465 1917 φιλοχρίστσν

262 1973 266 1982 ,
377 1918 494 1995 titulus,
513 1930 548 1977 ut
562 1929 677 1983 constat
692 1939 726 1975 ex
741 1915 890 2023 Apologia
898 1914 1048 1975 Anastasii
1059 1916 1098 1975 ad
1106 1917 1332 1978 Constantium:
1350 1910 1368 1975 ὁ
1382 1913 1466 1989 λαός

377 1994 459 2059 πάνυ
480 1993 578 2069 πολύς
598 1994 653 2057 καὶ
670 1998 817 2068 τοσοῦτος
836 2018 875 2077 ην
895 1990 969 2057 ὅσον
990 1988 1030 2057 ἂν
1049 1988 1192 2071 εὔξαιντο
1213 1995 1290 2061 uerri
1308 1993 1400 2059 πόλιν
1415 1990 1465 2059 si-

377 2102 432 2141 σαι
450 2080 643 2159 χριστιανῶν
665 2075 865 2162 φιλόχριστοι
884 2080 1033 2157 βασιλεῖς.
1075 2082 1111 2140 ln
1134 2082 1260 2143 concilio
1278 2083 1335 2142 Vl.
1358 2082 1463 2162 appel·

377 2162 458 2223 latur
476 2164 688 2223 Constantinus
710 2162 881 2243 Pogonatus
902 2159 919 2221 ὁ
941 2156 1164 2239 εὐσεβέστατος
1184 2161 1239 2224 καὶ
1256 2158 1463 2247 φιλόχριστσς

376 2244 474 2324 μέγας
493 2237 650 2321 βασιλεύς.
691 2246 798 2325 Neque
816 2244 886 2305 solis
905 2245 1160 2325 Imperatoribus‚
1182 2246 1234 2307 sed
1252 2250 1341 2305 ctiam
1358 2248 1463 2326 priva·

292 2398 295 2405 Ι
377 2330 417 2387 tis
436 2327 608 2387 bominibus
627 2326 812 2408 urbibusque
839 2339 869 2388 et
889 2327 1026 2407 gentibus
1048 2330 1171 2409 integris
1190 2328 1379 2389 tribuebatur
1399 2327 1462 2388 hoc

378 2408 517 2490 elogium.
559 2410 595 2469 ln
626 2409 711 2469 Actis
738 2409 864 2469 Concilii
890 2409 1035 2491 Ephesiui
1068 2420 1173 2469 contra
1205 2410 1351 2492 Cyrillum
1372 2422 1417 2469 est
1441 2406 1460 2471 ti

376 2488 702 2570 μεγαλοπρεπέστατος
727 2491 782 2552 καί
801 2484 1269 2574 φιλόχριστοςκουβικουλάριος
1287 2490 1455 2571 Σχολαστιῑ

377 2592 453 2644 κιος.
496 2574 531 2632 ln
555 2573 622 2633 loco
644 2574 783 2651 Concilii‚
800 2596 890 2655 quem
909 2576 960 2635 Du
981 2575 1082 2656 Gange
1097 2572 1197 2635 Gloss.
1218 2576 1274 2635 Gr.
1294 2594 1326 2633 v.
1339 2564 1460 2653 '‘12'qu-

375 2674 430 2732 χοι
448 2659 532 2731 citat,
550 2656 633 2715 audit
647 2654 734 2715 ltalia
755 2651 956 2737 φιλόχριστος
970 2648 1072 2734 χώρα.
1123 2654 1266 2716 Palladae
1286 2658 1316 2714 in
1336 2656 1457 2715 Antho-

377 2736 456 2817 logia
494 2760 524 2818 p.
548 2737 618 2820 357.
656 2738 740 2798 audit
774 2738 1047 2818 Constantinopolis
1075 2730 1095 2815 ἦ
1124 2736 1329 2818 φιλόχριστος
1356 2731 1459 2811 πόλις.

377 2818 470 2879 Recte
495 2822 575 2877 enim
606 2820 649 2877 ihr
673 2820 793 2879 exhibet
817 2822 909 2880 codex
938 2820 1184 2880 membranaceus
1213 2819 1413 2901 Anthologiae
1440 2842 1458 2877 a

377 2899 519 2960 celeberr.
539 2900 680 2960 Reimaro
694 2902 823 2983 benigne
846 2922 964 2961 meeum
981 2904 1230 2976 communicatus,
1265 2901 1457 2985 φιλοχριστῳ

377 3003 433 3064 pro
456 2975 669 3065 φιλοχρήστῳ,
690 2984 772 3064 quod
793 2984 831 3043 H.
849 2985 1017 3066 Stephanus
1034 2983 1125 3048 dedit.
1168 2984 1241 3043 Fuit
1259 2986 1339 3043 enirn
1355 2984 1455 3043 Palla·

378 3066 432 3127 das
453 3077 484 3125 et
502 3064 576 3125 CPli
599 3064 719 3125 condita
737 3069 886 3127 recentior
907 3079 936 3127 et
954 3060 1151 3130 Christianus.
1178 3060 1238 3149 *[o‘
1255 3059 1457 3148 φιλόχριστσς

377 3141 455 3219 λαός
479 3146 534 3227 τῆς
563 3142 783 3228 &opertum
812 3144 929 3230 ταύτης
956 3142 1076 3219 πόλεως
1097 3158 1141 3208 est
1168 3148 1248 3230 apud
1275 3148 1452 3229 Theophan.

378 3252 409 3312 p.
430 3228 541 3311 322.]*
562 3230 600 3290 de
622 3230 728 3291 eadem
751 3230 837 3295 CPli.
878 3234 915 3293 lu
939 3234 1009 3293 lure
1033 3232 1149 3291 Graeco
1172 3232 1309 3291 Romano
1329 3252 1360 3311 p.
1382 3230 1451 3309 242.

379 3324 424 3373 est
439 3306 468 3373 ci
484 3306 684 3413 φιλόχριστοι
698 3319 876 3394 προσγενεῖς
902 3312 1012 3393 αὐτοῦ,
1033 3324 1062 3374 et
1079 3314 1161 3395 apud
1175 3314 1321 3376 Nostrum
1339 3336 1368 3395 p.
1383 3312 1451 3397 375.

379 3396 413 3455 Β.
435 3416 467 3477 9.
490 3389 725 3535 ὁιριλοχριστος
749 3391 894 3477 στρατός.

458 3477 510 3536 lai
537 3519 544 3535 .
567 3476 666 3559 [3.3.]
683 3477 717 3539 ἐν
731 3476 817 3561 αὐτῷ
831 3478 874 3562 τῷ
894 3478 1033 3563 Χριστῷ.
1060 3479 1205 3541 Formula
1220 3482 1254 3541 iu
1269 3479 1390 3541 Christo
1400 3490 1452 3539 aut

376 3578 437 3641 per
452 3558 610 3619 Christum
626 3574 789 3622 aeteruum
803 3582 906 3641 regem
924 3584 984 3624 rex
999 3574 1063 3622 erat
1080 3582 1203 3645 quoque
1212 3564 1357 3644 particula
1371 3562 1449 3626 tituli

380 3642 601 3720 Imperatorum
625 3642 830 3721 CPtanorum‚
858 3666 917 3725 qua
938 3646 1155 3727 profitebanurr
1170 3666 1202 3705 se
1223 3668 1347 3727 regnum
1364 3666 1449 3712 suum

377 3726 547 3783 auctoritati
565 3728 721 3785 &muneri
729 3726 929 3808 suffragioque
944 3740 973 3789 et
988 3729 1099 3789 iudicio
1114 3728 1224 3789 Christi
1244 3723 1363 3803 debere,
1380 3730 1449 3787 eius·

377 3826 437 3885 que
463 3808 496 3865 in
519 3826 551 3865 se
576 3828 738 3888 agnoscere
757 3812 927 3889 imperium.
978 3811 1060 3871 Aliis
1080 3812 1246 3871 minorihus
1269 3810 1448 3894 principibus

377 3888 580 3963 Christianis,
613 3910 689 3969 quos
717 3892 812 3971 gradu
837 3914 891 3953 suo
917 3892 1071 3953 inferiores
1105 3894 1302 3974 reputabant,
1332 3890 1447 3953 titulum

376 3968 411 4027 ἐκ
439 3969 519 4027 θεοῦ
541 3970 590 4031 vel
606 3970 640 4032 ἐν
662 3972 729 4054 θεῷ
741 3975 933 4037 tribuebant:
956 3978 994 4036 de
1008 3996 1069 4059 quo
1087 3976 1176 4036 titulo
1193 3976 1231 4036 ad
1247 3979 1284 4037 L.
1301 3977 1343 4037 ll.
1358 3973 1446 4055 ταῖς.

374 4050 463 4131 phua
485 4053 595 4114 dicam.
636 4056 812 4116 Formulam
836 4056 871 4119 dr
890 4058 1018 4142 Χριστῷ
1127 4072 1232 4120 auctor
1255 4063 1333 4119 vitae
1351 4056 1445 4117 basilii

376 4134 549 4195 Macedonis
567 4158 598 4217 p.
620 4148 686 4215 149.
710 4140 750 4201 D.
770 4138 798 4217 4.
821 4140 920 4199 reddit
941 4134 1039 4225 ψήφῳ
1058 4136 1114 4200 καὶ
1124 4139 1225 4221 κρίσει
1240 4138 1378 4220 Χριστοῦ
1396 4131 1446 4195 dei

372 4211 605 4292 βασιλεύοντος.
645 4221 685 4285 V.
707 4222 857 4282 Μυσοῖσι.
878 4222 1025 4287 Thesaur.
1051 4225 1189 4305 lnseript.
1210 4244 1239 4306 p.
1259 4220 1327 4285 268.
