2975 4892
119 297 170 362 m
199 297 595 372 consoranensem
624 307 679 374 un
697 302 836 376 casm
866 311 944 376 nia.
973 312 1015 376 u.
1043 283 1126 388 641

70 457 171 534 aliun,
193 480 284 544 quam
303 461 393 529 vellet
413 474 444 524 et
463 465 594 528 iussisset
614 465 802 548 Imperator,
818 487 881 528 non
890 465 1036 552 eligebat,
1057 467 1136 532 libe-

71 564 101 604 re
118 552 212 603 tamen
231 541 369 626 eligebat.
411 547 460 608 Sic
491 551 617 610 mimum
647 547 797 625 ludimus,
817 572 938 612 sacrum
960 553 1012 626 hi,
1033 555 1136 634 profa-

70 646 143 772 sputu5
154 623 214 770 a5lii.
262 629 352 690 Conl.
385 629 488 713 Sigon.
518 632 557 694 da
586 653 679 714 regno
700 631 804 696 ltaliae
832 657 865 716 p.
882 655 935 697 aa.
968 656 1001 698 v.
1022 637 1076 720 49.
1097 637 1138 698 ad

91 875 97 888 ι
124 729 192 876 dip.
206 797 241 858 B.
255 815 285 857 a.
313 791 404 940 p566,
425 793 482 878 ι5.]
504 793 557 858 ἐπὶ
582 797 640 862 coil
662 795 893 880 Σολομωντεὼυ
921 795 1052 882 θρόνον.
1091 802 1140 862 lta

70 873 175 936 dietum
194 875 252 940 luit
279 881 412 956 soium,
436 901 526 962 super
594 906 613 944 o
634 885 773 948 sedentes
807 887 1006 967 Imperatores
1035 883 1141 966 legatis

72 959 168 1020 exteris
202 983 290 1024 aures
315 904 702 1043 praemmnt‚ob¹1eones
730 991 786 1050 per
806 972 870 1030 eius
895 968 1005 1052 gradus
1034 967 1072 1028 ad
1094 970 1142 1027 in·

69 1051 126 1100 star
144 1039 244 1108 throni
279 1065 298 1104 a
326 1045 513 1124 Salomone,
545 1070 616 1131 rege
651 1049 795 1122 Iudaeae,
827 1051 899 1112 laeti
926 1063 958 1112 et
984 1053 1141 1132 usurpati,

72 1125 204 1206 utrinque
219 1130 387 1210 dispositos.
410 1129 556 1192 Thuanus
577 1133 615 1193 ad
637 1133 720 1194 Anu.
749 1135 836 1198 1606.
860 1135 898 1195 de
917 1133 1145 1195 Pseudodeme·

69 1207 138 1284 trio,
156 1209 280 1274 Russiae
300 1223 443 1296 tyranno,
464 1226 584 1287 narrat,
608 1217 760 1278 obiectum
780 1220 860 1278 inter
878 1217 937 1278 alia
957 1218 1014 1297 ipsi
1033 1216 1142 1289 luisse,

70 1291 143 1373 quod
165 1295 300 1358 thronum
325 1318 367 1358 ex
406 1313 526 1378 argento
554 1302 723 1360 inauratum
756 1301 814 1361 sibi
826 1301 984 1378 sobrimri
1007 1301 1142 1374 bosam,

69 1375 142 1434 ociis
164 1377 261 1438 latera
284 1381 348 1440 seni
364 1381 460 1440 leores
485 1381 553 1442 binc
588 1381 658 1441 tude
678 1382 819 1464 gradihus
846 1383 939 1444 divisi
964 1382 1143 1456 arabicum,

71 1477 121 1538 quo
134 1459 224 1536 susm
250 1463 346 1524 nullus
369 1463 548 1526 decessorum
561 1465 672 1542 suerat
705 1487 784 1526 usus.
832 1466 937 1526 Potuit
957 1466 989 1525 in
1010 1463 1070 1526 hoc
1090 1485 1148 1546 ap·

71 1538 227 1620 pellatione
248 1545 340 1610 simul
360 1567 479 1630 quoque
500 1558 626 1627 partem
638 1547 780 1610 habuisse
798 1547 880 1610 illius
898 1551 968 1610 aeri
985 1569 1063 1617 mos,
1085 1568 1147 1629 quo

73 1625 202 1688 miranda
231 1631 356 1710 quaevis
384 1641 413 1692 et
437 1630 611 1709 spectabilia
631 1651 724 1712 opera
744 1631 926 1694 Salomonem
944 1630 1150 1712 appellabant.

73 1701 112 1764 lto
131 1709 247 1772 Nicetes
274 1711 382 1776 L.111.
405 1713 509 1774 lsaaeii
532 1709 663 1794 Angeli,
685 1712 891 1774 declaraturus
911 1716 975 1774 eius
997 1712 1150 1794 opulenti·

72 1807 115 1848 am
142 1803 171 1851 et
204 1791 376 1876 largitatem
411 1797 442 1857 in
468 1793 678 1857 distributione
700 1797 840 1878 dapum,
863 1817 997 1860 mensam
1015 1796 1074 1876 ipsi
1095 1797 1152 1856 tri·

67 1869 132 1965 buit
144 1874 371 1956 Salomonem,
385 1877 528 1942 lateralia
538 1879 1051 1962 thrasonioaetompullosadieensz
1067 1869 1152 1956 εἶχεν

71 1957 206 2034 ατεχνῶς
236 1955 397 2037 τράπεζαν
430 1957 673 2040 silopanum.
693 1965 734 2026 V.
760 1963 813 2024 Du
839 1963 941 2044 Gange
962 1960 1094 2022 etms.
1117 1979 1151 2019 v.

70 2033 208 2114 Salomo,
238 2043 293 2104 ubi
315 2045 393 2104 inter
414 2043 473 2106 alia
494 2045 567 2105 citat
587 2067 620 2106 ex
638 2046 802 2108 Guilielsno
823 2045 1071 2119 Bibliothecario,
1086 2043 1156 2102 Ste·

70 2118 167 2198 phano
189 2127 247 2188 Vl.
269 2125 370 2188 locum
388 2127 494 2190 bunc:
514 2129 636 2190 cordidit
659 2128 771 2190 ibidem
783 2131 957 2191 cambarum
975 2138 1156 2186 exoneratam

72 2222 173 2278 soors,
201 2209 394 2272 Salomonem
418 2233 527 2288 unum,
552 2233 674 2292 regmen
700 2234 821 2272 ameum
840 2234 928 2272 unam
951 2231 1017 2273 eum
1036 2210 1157 2289 gemmis

67 2291 285 2366 pretiosissimis
312 2304 369 2354 eto.
410 2294 542 2355 Fallitur
569 2293 676 2376 procul
701 2293 795 2356 dubio
825 2297 877 2356 Da
898 2295 1010 2375 Gange,
1032 2289 1157 2373 quando

73 2365 178 2434 hocin
200 2373 272 2434 loco
292 2374 483 2438 Salomonem
504 2377 669 2460 significare
690 2379 731 2440 nit
752 2378 864 2439 librum
884 2377 1071 2450 Salomonis,
1085 2374 1159 2436 Pro

73 2455 172 2515 verbis
199 2457 302 2536 forte,
331 2470 384 2520 ant
413 2461 523 2531 alium,
550 2471 581 2532 et
600 2483 723 2543 regnum
743 2460 837 2522 libros
857 2463 985 2542 Regum.
1027 2458 1159 2536 Regnum

72 2547 114 2596 est
133 2559 278 2624 corona,
300 2539 338 2604 de
359 2565 419 2626 qua
431 2543 647 2626 significatione
660 2540 734 2604 alias
753 2545 895 2626 agimus3
913 2542 1038 2604 Salomo
1058 2546 1161 2601 autem

73 2683 149 2751 idem
178 2704 226 2752 est
258 2697 349 2774 atque
377 2692 489 2753 amicla.
521 2641 649 2782 illest
669 2690 759 2754 situla
793 2682 945 2767 μόνωτος.
1002 2689 1059 2752 Est
1089 2709 1162 2772 ergo

72 2805 127 2848 von
150 2789 302 2852 Arabica.
342 2789 389 2852 Er
409 2781 505 2852 alt'ero
523 2803 642 2864 autem,
665 2812 755 2872 quem
776 2790 828 2850 Du
847 2789 948 2871 Congo
965 2791 1099 2870 proxime
1118 2789 1164 2846 ei·

72 2876 130 2944 tat,
154 2871 226 2934 loco
239 2875 571 2956 MonosticiAnglioani
592 2874 702 2936 clarius
721 2883 812 2954 patet,
832 2872 933 2933 medio
953 2891 1029 2932 aero
1049 2872 1166 2952 pretio·

70 2973 103 3012 sa
123 2965 153 3016 et
174 2955 342 3018 artificiosa
368 2977 505 3040 quaeque
531 2979 623 3040 opera
644 2955 853 3016 salomoniaca
873 2952 1018 3036 appellari
1037 2973 1166 3014 consue

73 3037 160 3098 visse.
188 3039 265 3100 ‘Est
286 3050 387 3100 autem
406 3038 476 3102 illos
498 3042 572 3102 duco
591 3054 716 3124 patenas
728 3052 881 3119 argenteos
900 3057 967 3098 eum
988 3037 1099 3098 dnonas
1113 3057 1166 3096 ω·-

70 3123 158 3182 ceolis
180 3124 406 3208 pretiosissimis
433 3125 630 3209 exoperibus
664 3122 845 3184 Salomonis.
888 3121 1052 3194 Tertium,
1074 3139 1167 3200 quem

73 3201 207 3282 ibidem,
230 3205 290 3267 sed
315 3207 520 3286 contractius,
555 3205 748 3286 integriorem
778 3203 836 3266 sub
868 3225 943 3265 voce
971 3205 1099 3265 Fortem
1130 3220 1167 3260 ex

72 3283 201 3350 Antonii
236 3287 341 3372 Yepez
377 3289 531 3350 Chronico
566 3289 645 3352 Ord.
678 3289 710 3349 S.
731 3286 886 3348 Benedicti
905 3290 998 3362 citat,
1020 3306 1083 3346 nou
1103 3304 1169 3364 pos·

73 3390 140 3432 sum
170 3373 277 3432 secere
296 3373 371 3456 quin
390 3365 557 3434 illustrem}
603 3369 639 3434 V
633 3371 746 3434 endam
768 3371 837 3430 illos
861 3390 948 3429 varos
972 3369 1170 3448 celsortems

72 3452 320 3518 Salomonaticas
337 3458 371 3516 in
392 3455 516 3539 mptum
535 3475 594 3538 pm
616 3456 725 3539 plna,
755 3467 785 3514 et
806 3452 975 3512 marianas
991 3451 1045 3510 illo
1064 3449 1170 3508 ualen-

72 3549 118 3614 ίε,
144 3553 177 3599 et
200 3553 266 3600 toto
277 3535 374 3621 pretio
397 3537 507 3599 donent
524 3537 603 3598 illud
630 3537 674 3598 od
696 3535 778 3596 dona
802 3535 903 3595 Aurio
926 3546 957 3593 et
978 3533 1036 3592 illa
1051 3531 1171 3615 dispen-

73 3619 127 3680 dat
148 3623 235 3683 illud
259 3622 291 3681 1'12
311 3641 402 3705 opera
421 3621 460 3681 de
488 3619 523 3682 S.
555 3621 661 3681 Mario
683 3640 742 3702 pro
764 3639 832 3678 osea
853 3618 975 3692 murno,
998 3614 1084 3675 etde
1106 3635 1172 3675 naeo

73 3707 199 3766 seniore.
248 3703 287 3764 ln
308 3705 355 3766 liis
379 3701 544 3766 barbaricis
570 3706 639 3765 omi
651 3697 762 3764 'valent
781 3721 874 3782 opera
897 3718 990 3759 suma
1012 3707 1043 3758 et
1064 3717 1172 3779 argen-

74 3795 120 3846 tea
144 3787 271 3848 caelata
286 3797 316 3848 et
329 3788 468 3870 pretiosa.
489 3787 631 3848 Forcerue
651 3795 753 3845 autem
773 3804 827 3864 per
846 3780 1108 3863 transpositionem
1124 3779 1174 3839 di-

75 3881 140 3932 ctae
162 3882 243 3932 sunt
266 3873 470 3951 prosotreme
490 3868 539 3930 vel
551 3869 719 3950 sodrerue‚
730 3867 906 3948 spumas,
937 3866 1028 3946 panni
1051 3861 1173 3960 pretiosi

75 3952 236 4032 federati,
270 3953 399 4034 pellibus
413 3956 553 4015 murium
582 3955 767 4016 exoticos-um
787 3949 923 4031 pretiosis
949 3957 980 4007 et
1010 3945 1175 4006 unionibus

76 4040 188 4098 ornati.
238 4036 324 4098 Haec
344 4037 566 4097 Salomoootica
587 4034 717 4117 appellat
737 4036 794 4093 ista
817 4032 936 4109 charta,
956 4030 1039 4112 qnod
1059 4040 1090 4089 et
1103 4048 1175 4108 pre-

76 4123 119 4180 tio
140 4139 254 4182 rerum
277 4121 460 4181 exotiearum
482 4131 512 4180 et
535 4119 661 4178 artifieio
683 4116 909 4198 compositionis
929 4124 1025 4174 essent
1044 4131 1114 4173 rara
1134 4119 1176 4168 at·

77 4223 138 4284 que
159 4203 359 4282 admirande,
380 4213 411 4264 et
431 4205 511 4276 viro,
533 4200 629 4282 qualis
648 4199 770 4264 Solonio
791 4209 863 4260 tunc
877 4199 1023 4280 temporis
1041 4191 1175 4255 babeba-

111 4321 327 4380 Comtontinus
345 4319 561 4406 Porphyr.2Vol.
579 4319 616 4374 Π.
944 4312 975 4381 41
