2975 4892
98 355 152 420 tn
180 353 407 422 cousrtur.
441 353 590 423 roura.
615 359 670 424 ns
698 357 837 434 eruin
863 366 937 430 irs.
967 371 1007 430 u.
1042 371 1126 456 709

46 514 132 574 Ionan
153 527 395 576 auerrrrncatores
417 516 576 592 invocare,
608 529 643 578 ut
662 537 717 580 nos
738 540 755 578 a
776 519 866 579 simili
889 531 969 582 tutos
989 537 1121 586 servent.

41 589 214 672 Ὀνομάζειν
241 597 328 658 novis
351 599 475 660 Graccis
500 610 545 658 est
564 602 680 678 citare,
701 602 853 680 invocare,
869 608 1033 689 appellare.
1074 611 1123 670 lta

44 677 288 740 conciliandis.
310 700 338 742 c.
349 678 423 741 35.=
447 676 488 739 ου’
502 679 775 764 δεῖΧριστιανούς
788 676 915 746 ἀπιέναι
933 688 989 748 καί
1006 683 1122 766 ὄνομά·
1240 711 1244 722 ·

45 759 104 834 ζειν
123 758 290 840 (Imitare,
312 757 368 822 uni
386 755 529 836 σονάξεις
547 769 666 840 ποιεῖν,
688 787 749 826 non
765 767 847 827 decet
860 765 1041 832 αιηζνοὶυιον
1054 775 1121 833 cla-

43 865 74 904 ro
85 865 153 904 voce
162 845 254 904 citare
266 846 384 926 angelos
393 858 421 906 ct
433 847 465 905 ire
479 867 578 908 comm
588 851 707 910 nomine
720 853 1053 934 comnumionisfnoere.
1075 856 1122 916 lta

42 947 152 1008 quoque
174 927 366 988 Herodianus
387 929 427 988 V.
445 927 475 988 5.
493 929 564 990 15.=
597 929 766 1012 προσέταξε
791 927 908 1005 uirtus
935 930 1010 1008 τούς
1039 934 1118 998 Ῥω·

41 1010 136 1084 μαίων
159 1001 316 1088 ἄρχοντας
339 1005 394 1070 καί
405 1003 439 1070 ei
454 1031 534 1096 τινες
550 1009 704 1092 δημοσίας
723 1013 842 1085 θυσίας
850 1015 1042 1097 ἐπιτελοῦσι,
1057 1013 1119 1100 προ

40 1091 95 1151 τῶν
118 1081 221 1152 ἄλλων
243 1091 348 1170 θεῶν,
370 1086 427 1164 οὒς
448 1087 486 1174 te>
507 1092 714 1176 ἑποορανίοος
736 1095 781 1179 [id
802 1097 925 1182 excidit]
946 1101 1116 1179 καλοῦσιν,

41 1184 271 1270 ὶεροοργοῦντας
282 1181 448 1269 ὀνομάζειν
462 1185 515 1254 τὸν
528 1191 599 1254 νέον
613 1187 689 1254 θεὸν
699 1191 944 1274 Ἐλπιπγάβαλον
965 1173 1039 1268 μ
1063 1184 1115 1276 nli,

40 1293 137 1354 norrun
155 1273 243 1334 doum
257 1277 373 1334 montis.
397 1275 453 1336 llic
474 1273 531 1334 loci
544 1275 639 1336 intelli
663 1279 722 1336 'tur
742 1279 893 1338 mecentio
902 1281 1028 1359 Mariae,
1039 1303 1119 1363 quae

40 1354 121 1414 fiebat
139 1357 221 1438 apud
237 1355 327 1416 linem
347 1358 492 1434 convivii,
506 1379 600 1442 quum
622 1297 764 1420 ultimum
778 1360 923 1442 poculum
943 1365 1117 1424 circumfer·

40 1450 125 1497 retur.
169 1440 249 1500 Nam
271 1439 353 1522 qnod
382 1439 533 1502 veteribus
553 1443 676 1504 Graecis
708 1453 773 1504 erat
792 1443 939 1525 poculum
958 1443 1016 1506 τοῦ
1038 1444 1116 1524 oiye-

38 1520 94 1579 θοό
113 1519 284 1598 δαίμονος,
307 1523 421 1602 (batavi
444 1523 534 1584 hodie
566 1525 672 1586 dieunt
692 1527 740 1585 liet
753 1547 882 1608 gmryen
902 1549 940 1588 en
964 1529 1117 1608 hiemem)

40 1603 67 1662 id
83 1605 168 1666 novis
189 1615 235 1664 cst
255 1605 398 1686 poculum
420 1607 550 1685 Mariae,
575 1607 716 1668 ultimum
737 1610 894 1687 convivii3
918 1630 948 1669 v.
970 1611 1114 1673 lleinecc.

40 1684 72 1745 de
89 1697 166 1746 statu
188 1687 294 1748 eccles.
318 1688 427 1748 Graec.
443 1689 497 1751 lll.
519 1713 548 1772 p.
564 1687 637 1770 465.
679 1691 801 1751 Habent
821 1711 944 1773 quoque
964 1690 1115 1754 bucellum

39 1767 68 1826 ll.
86 1771 134 1843 V.,
157 1791 252 1850 quam
273 1769 430 1848 ncruyinr
460 1771 624 1854 appellant.
668 1771 765 1832 Multa
788 1784 818 1833 et
839 1774 877 1833 de
898 1773 957 1834 hac
975 1773 1115 1848 bucella,

20 1855 97 1932 vpost
120 1873 214 1933 quam
248 1852 418 1914 absumtum
445 1853 588 1937 poculum
611 1855 725 1916 Mariae
759 1855 895 1929 bibitur,
918 1855 1007 1916 etde
1031 1877 1118 1918 more

38 1934 63 1992 iu
87 1933 233 1996 bonorem
254 1945 285 1996 et
312 1937 555 1998 intercessionem
583 1938 763 1998 Sanctorum
791 1925 916 1999 bibendi
943 1937 1035 1999 babet
1063 1941 1116 2000 Du

36 2017 126 2100 Gange
146 2039 181 2078 v.
202 2016 340 2098 unreyiu
362 2029 392 2080 et
413 2019 563 2100 πρεσβεία
585 2031 615 2081 et
634 2021 745 2082 Bibere
766 2022 798 2081 in
811 2019 1116 2103 montaneorum,

36 2100 107 2160 uude
127 2123 190 2161 non
217 2123 337 2183 ροεειιιο
357 2105 432 2185 quin
460 2103 558 2165 saltim
590 2123 686 2164 unum
708 2114 739 2164 et
757 2103 886 2164 alterum
907 2103 1008 2165 locum
1027 2125 1115 2184 repe-

35 2191 106 2260 tam,
126 2195 159 2244 ut
173 2195 328 2268 appareat,
341 2184 451 2266 quibus
478 2185 586 2246 ritibus
606 2195 636 2246 et
649 2207 740 2269 quern
762 2188 795 2246 in
811 2181 907 2246 'linem
930 2185 1063 2246 biberint
1083 2187 1115 2247 in

36 2263 173 2328 honorem
187 2279 253 2347 aut,
274 2278 309 2326 ut
329 2279 393 2328 tum
409 2269 560 2346 dicebaut,
573 2271 606 2328 in
618 2269 914 2342 amoreSanctomm,
927 2269 961 2328 S.
970 2269 1114 2342 loannis,

35 2347 181 2410 llichaiilis
204 2349 406 2433 Archangeli,
430 2353 545 2412 Mariae
566 2353 700 2433 Virginis
720 2362 751 2412 et
770 2350 912 2411 alioruin.
951 2351 1054 2411 Ducas
1077 2373 1111 2434 p.

38 2430 95 2506 rii.
121 2445 250 2494 narrat:
289 2429 307 2492 ti
330 2432 465 2511 χυδπϊος
497 2429 553 2494 καί
582 2431 730 2513 α’γοροῖος
765 2423 859 2512 ὄχλος
882 2427 1060 2507 ἐξελθόντες
1077 2435 1113 2495 ἐκ

33 2513 80 2591 τῆς
98 2506 198 2596 οὐλῆς
216 2513 274 2576 τοῦ
292 2513 504 2596 μοναοτνρρίοο
526 2515 560 2574 ἐν
586 2511 754 2596 καπηλῖοις
774 2512 959 2594 κρατοῦντες
979 2513 1015 2574 ἐν
1035 2535 1113 2594 χερ-

33 2595 62 2655 oi
77 2590 132 2667 τοὶς
153 2593 276 2680 φιάλας
292 2593 422 2678 πλήρεις
437 2591 575 2678 ἀκράτου
597 2591 822 2674 α’νεθεμάπιζον
841 2593 918 2666 τοὺς
935 2589 1111 2672 irascentis,

35 2675 165 2760 [Latinos
187 2692 218 2740 et
241 2683 372 2741 Graecos
390 2681 506 2740 Latinis
525 2680 661 2740 faventes
673 2677 696 2758 ,l
719 2676 859 2748 arboreae
881 2676 926 2749 εἰς
943 2679 1114 2757 πρεσβείαν

31 2761 78 2836 τῆς
101 2759 218 2834 εἰκόνος
238 2763 295 2842 τῆς
326 2759 521 2843 &superiecere
549 2759 605 2822 arai
635 2759 885 2840 παρακαλοῦντες
905 2755 1008 2840 αὐτὴν
1028 2760 1114 2838 γενέ-

30 2843 97 2903 σθαι
119 2842 291 2921 προστάτις
311 2841 366 2914 καί
387 2839 512 2924 α’ρωγὸς
531 2843 587 2924 τῆς
600 2837 731 2914 πόλεως.
772 2842 962 2902 Christianus
981 2842 1019 2902 de
1039 2841 1112 2902 Sca·

31 2921 55 2984 ln
74 2928 103 2988 in
123 2929 198 2989 Vita
219 2929 251 2988 S.
274 2927 464 2990 Wenceslai:
499 2927 748 3008 locum-convivii
762 2939 889 3010 petens,
915 2925 1008 2984 calr'cc
1029 2945 1112 2984 acue-

29 3023 90 3088 pto‚
110 3013 224 3094 pocula
242 3033 343 3070 coram
370 3011 501 3071 omnibus
518 3024 667 3094 portans,
692 3010 758 3069 alta
780 3009 941 3092 praefatur·
956 3029 1050 3068 uoce.-
1078 3008 1112 3068 ire

30 3096 135 3154 noru’rae
156 3095 237 3156 beati
250 3093 432 3175 Archangeli
441 3093 599 3152 Meleaeiis
613 3093 744 3152 bibonam
762 3093 838 3150 brute
858 3092 999 3164 calicem,
1018 3109 1112 3150 oran-

28 3187 61 3234 tu
80 3193 106 3236 et
123 3179 338 3262 deprecatam,
359 3195 417 3262 qrro
436 3178 551 3235 animur
575 3190 689 3236 nostras
703 3174 886 3235 uumdttoere
906 3194 985 3234 nunc
1006 3171 1112 3252 digne·

29 3270 69 3316 tur
84 3264 114 3320 in
135 3282 247 3346 pacem
270 3259 462 3321 extiltationir
476 3272 646 3342 perpetuae.
702 3257 759 3317 ait
777 3277 842 3317 citra
877 3258 984 3340 quique
996 3254 1112 3340 fideles

28 3346 234 3424 respondissent
248 3344 360 3420 Amen,
372 3345 474 3402 tuoto
490 3355 575 3426 potu,
593 3343 743 3402 universos
759 3339 936 3400 exosculans
955 3338 1112 3420 liospitrbm

29 3430 164 3506 nntium
212 3427 292 3486 Hinc
313 3423 523 3508 intelligatur,
553 3423 627 3507 quid
648 3423 706 3484 sibi
727 3422 860 3482 voluerit
885 3441 953 3480 mos
971 3429 1111 3479 retentor

28 3507 241 3572 Germanorum
268 3520 298 3568 et
327 3508 457 3569 aliorum
492 3507 675 3590 populorum
705 3502 986 3586 septentrionalium
1017 3497 1109 3560 medii

28 3595 105 3670 aevi,
127 3596 159 3653 in
195 3592 359 3668 honorem,
386 3609 520 3650 amorem
550 3601 580 3650 et
600 3589 726 3650 salutem
752 3586 801 3648 dei
823 3585 968 3661 bibendi,
990 3583 1029 3643 de
1047 3598 1112 3663 quo

27 3675 79 3734 vid.
99 3674 237 3736 Keisleri
268 3677 407 3734 itinerar.
436 3695 466 3754 p.
489 3672 575 3736 1505.
616 3671 737 3732 Scilicet
766 3679 889 3750 accepto
918 3665 1012 3727 calice
1039 3685 1111 3725 cum

26 3755 210 3820 invocatione
231 3757 328 3817 divini
349 3757 496 3832 nominis,
517 3774 613 3838 eoque
631 3751 806 3835 suppliciter
826 3759 932 3832 rogato
952 3747 1025 3810 velit
1047 3747 1105 3808 sibi

27 3837 118 3901 liutor
147 3853 180 3902 et
207 3851 360 3922 protector
391 3839 493 3900 adesse
525 3858 634 3919 resque
655 3855 723 3897 suns
745 3833 928 3909 secundare,
948 3831 1107 3891 bibebant.

27 3919 109 3985 Unde
131 3935 231 4006 patet,
253 3945 367 3984 morem
390 3921 529 3982 illumin
561 3917 687 3981 salutem
717 3919 767 3978 dei
787 3915 965 3976 immortalis
985 3912 1108 3975 bibendi

25 4005 90 4067 adeo
109 4007 277 4068 absurdum
300 4029 362 4068 non
392 4026 475 4082 esse,
499 4020 594 4087 quam
615 4005 713 4084 prima
735 4001 835 4059 bonta
854 3999 1005 4060 videntur.
1030 3997 1110 4093 Nar·

24 4101 63 4148 rat
83 4091 270 4151 Mobillonus
292 4091 324 4150 in
347 4093 460 4150 Itinere
491 4089 687 4162 Germanico,
716 4103 885 4164 cauponem
915 4081 1047 4162 aliquem
1077 4099 1110 4139 m

25 4169 149 4249 Abarin,
174 4173 216 4236 ad
240 4195 330 4257 quern
352 4173 539 4253 divetterat,
561 4168 687 4257 abeunti
715 4167 772 4234 sibi
793 4164 938 4249 poculum
959 4165 991 4226 in
1011 4161 1111 4223 bono·
