2975 4892
116 337 164 402 tu
197 334 425 400 consutus.
444 331 594 397 roura.
622 333 678 396 uu
705 329 842 400 cautu.
871 335 947 397 un.
978 337 1018 400 n.
1050 305 1136 394 833

66 491 200 566 basilicos,
221 513 313 574 quam
326 492 405 552 inter
423 467 601 573 syneletioos
617 491 781 564 numerati,
803 499 1005 570 quumtameu
1019 489 1059 570 3hi
1072 511 1137 554 ma-

65 579 163 638 ximam
176 587 204 636 et
217 575 409 658 praeeipuam
423 576 503 634 sacri
522 585 643 634 senatus
667 584 781 654 partem
801 574 1005 633 oonlieerent?
1034 585 1064 634 et
1087 573 1134 636 vi·

64 663 174 737 obsim,
191 680 286 741 quare
308 657 389 718 inter
408 667 561 718 senatores
581 655 667 717 relati
686 657 865 729 vestitores,
896 655 1007 738 quibus
1034 658 1066 716 in
1088 679 1138 718 se-

62 755 158 804 natum
183 762 304 823 prorsus
334 761 396 799 non
423 739 544 820 patebat
582 739 705 800 aditus?
735 737 900 799 Silentiarii
934 738 973 798 ad
1001 751 1138 802 senatum

62 825 239 910 pertinebant
259 834 294 882 ut
315 823 444 883 ministri
468 843 561 904 paene
582 833 612 881 et
631 832 666 882 ut
685 823 884 903 apparitores.
927 821 1137 902 Expraelecti,

66 908 169 992 Hypati
187 917 218 967 et
238 904 408 987 Anthypati
428 907 504 966 meri
523 914 643 966 tantum
663 905 785 964 turbam
800 906 865 964 eius
877 904 1055 986 implebant.
1097 907 1140 968 Et

63 991 98 1052 hi
114 1003 205 1051 tamen
227 987 382 1072 syncletici
404 988 566 1064 dicuntur,
586 985 631 1047 illi
646 987 794 1046 maiorum
809 986 902 1048 veluti
916 987 1051 1068 gentium
1073 989 1137 1066 dii,

63 1085 174 1135 senatus
199 1074 367 1155 principes,
395 1091 432 1132 eo
461 1073 656 1132 eximuntur?
685 1070 764 1130 Sunt
783 1071 814 1130 in
835 1071 1048 1131 constitutione
1068 1093 1140 1154 pro·

64 1179 159 1218 cerum
178 1167 206 1216 et
219 1155 400 1236 dignitatum
421 1153 508 1218 aulae
528 1152 668 1213 CPtanne
687 1152 801 1231 multa,
823 1173 899 1234 quae
920 1174 981 1213 non
1003 1155 1140 1236 expedio,

65 1251 96 1302 et
120 1238 172 1298 hoe
197 1241 297 1320 ipsum
324 1236 558 1318 Cletorologium
579 1236 717 1317 quamvis
741 1245 954 1316 argumentum
977 1235 1034 1296 hoc
1056 1259 1142 1320 egre-

62 1327 111 1406 gie
128 1320 274 1397 illustret,
297 1340 384 1402 saepe
405 1331 508 1380 tamen
533 1339 589 1380 uos
618 1317 730 1378 deserit
766 1329 796 1377 et
823 1319 855 1376 in
885 1319 1023 1379 tenebras
1047 1322 1143 1404 magis

64 1406 188 1466 coniicit.
230 1401 345 1463 Vultue
358 1401 477 1476 dicere,
502 1401 568 1464 illas
585 1400 720 1483 quidem,
742 1421 818 1482 quas
838 1401 986 1478 nominat,
1008 1404 1143 1488 quinque

66 1489 220 1568 dignitates
248 1507 266 1550 a
294 1496 400 1546 senatu
420 1484 567 1568 stipendia
587 1485 722 1566 accipere
758 1493 788 1543 et
817 1483 855 1543 ad
877 1484 994 1546 codices
1024 1500 1145 1549 senatus

61 1573 227 1654 pertinere,
249 1566 378 1650 reliquas
398 1578 499 1628 autem
519 1567 628 1627 relatas
648 1587 713 1627 esse
733 1564 773 1626 ad
793 1565 910 1626 codices
932 1569 1029 1648 regios
1052 1581 1082 1629 et
1108 1591 1144 1632 ex

63 1652 132 1714 aula
151 1673 202 1713 sua
223 1649 332 1712 salaria
351 1654 508 1734 accipere?
528 1650 588 1711 Sed
608 1671 706 1732 neque
726 1647 817 1711 baius
837 1650 881 1710 rei
901 1653 1050 1712 rationem
1072 1673 1143 1734 per-

61 1737 159 1798 video.
775 1773 781 1784 ·

144 1819 181 1885 A.
202 1817 259 1878 ult.
285 1818 371 1896 [qim
386 1811 457 1898 aa]
485 1811 545 1875 rori
569 1806 846 1894 βασιλεοπάτορος.
897 1815 979 1876 Vere
1008 1827 1038 1877 et
1066 1825 1147 1879 reete

62 1899 202 1977 traditur,
224 1901 356 1961 Leonem
377 1899 508 1980 primum
529 1899 678 1958 invenisse
694 1916 803 1958 nomen
824 1909 853 1957 et
866 1895 1042 1980 dignitatem
1063 1901 1148 1962 Basi-

62 1985 231 2064 leopatoris.
276 1983 424 2060 Quamvis
442 1983 522 2041 enim
542 1978 691 2040 baberent
710 1981 799 2061 primi
816 1981 1014 2062 Imperatores
1030 1983 1148 2044 CPtani

59 2089 134 2129 suos
160 2065 297 2144 πατέρας
317 2063 495 2142 βασιλέως,
524 2073 555 2123 et
579 2062 733 2123 Cedrenus
756 2084 788 2145 p.
810 2063 881 2147 595.
901 2064 942 2124 D.
984 2059 1149 2126 Arsenium
1216 2071 1220 2080 “

60 2145 292 2228 πατροβασιλὲα
319 2145 483 2207 Theodosii
517 2145 645 2206 iunioris
678 2146 828 2228 appellet,
859 2143 1018 2209 confundit
1046 2159 1150 2210 tamen

57 2234 114 2295 bic
134 2243 268 2314 tempora
296 2239 327 2289 et
353 2251 463 2289 nomen
482 2249 538 2290 suo
568 2249 643 2288 aevo
663 2240 790 2299 notum,
814 2225 873 2289 illie
901 2230 1032 2312 antiquis
1064 2231 1151 2292 iuco-

54 2319 180 2398 gnitum
205 2325 327 2388 tamen,
349 2313 488 2393 imputat.
514 2311 634 2371 Diversi
655 2322 741 2372 erant
760 2311 805 2372 illi
826 2310 959 2390 πατέρες
980 2311 1039 2373 τοῦ
1052 2314 1151 2411 βασι-

54 2397 143 2468 λέως
165 2397 231 2458 aevi
250 2394 472 2470 Theodosiani,
496 2405 526 2455 et
546 2395 789 2472 πατροβασιλεῖς
809 2391 858 2454 vel
885 2395 1152 2478 βασιλεοπατορες

55 2505 80 2542 a
103 2483 204 2540 Leone
223 2479 363 2561 Sapiente
381 2478 521 2542 instituti.
564 2476 648 2536 Olim
667 2487 768 2557 patres
793 2477 986 2558 Imperatoris
1007 2475 1152 2540 diceban·

52 2571 117 2626 tur
144 2583 247 2623 omnes
275 2563 426 2643 patricii..
455 2559 515 2620 Sed
536 2557 741 2640 Basileopator
767 2568 831 2618 erat
859 2561 980 2618 nonnisi
1007 2581 1085 2621 unus
1122 2571 1153 2623 et

52 2648 221 2709 eminentis
233 2644 398 2726 dignitatis,
420 2652 450 2703 et
463 2643 523 2704 fere
542 2662 605 2702 non
625 2641 755 2701 dabatur
767 2642 826 2701 boc
847 2662 970 2716 nomen,
994 2643 1050 2702 nisi
1071 2641 1151 2720 illis,

49 2751 193 2813 quorum
214 2727 294 2788 filiae
305 2727 469 2810 Augustae,
492 2725 645 2806 regnantis
662 2725 859 2806 Imperatoris
878 2725 1019 2805 coniungas
1034 2737 1153 2806 esseut3

51 2834 129 2896 quo
148 2811 247 2885 fiebat,
271 2820 307 2870 ut
328 2811 403 2870 tales
425 2807 661 2888 Basileopatores
687 2804 817 2867 multum
841 2808 871 2866 in
896 2807 1155 2871 administratione

48 2897 185 2976 imperii
204 2892 360 2970 valerent,
382 2901 414 2953 et
432 2893 621 2972 praesertim,
643 2890 668 2950 si
688 2892 790 2972 generi
804 2887 903 2951 adbuc
923 2889 1086 2951 admodum
1105 2893 1156 2952 iu·

38 2999 157 3040 ‘venes
175 2988 228 3038 aut
246 2974 383 3036 imbelles
402 2985 512 3052 essent,
538 2993 658 3034 omnam
679 2975 890 3034 auctoritatem
905 2973 943 3034 ad
958 2995 990 3034 se
1002 2985 1152 3057 raperent.

44 3075 193 3140 Saeculo
213 3075 373 3136 undecimo
397 3073 633 3134 inclaresoebant
653 3073 684 3132 in
704 3073 783 3134 aulis
804 3071 1000 3135 orientalibus
1033 3061 1154 3154 ώῧῖ,

45 3158 216 3235 Atabelri,
237 3169 273 3218 ut
292 3155 440 3240 quaedam
461 3156 591 3217 familiae
613 3154 795 3238 principales
816 3157 886 3217 inde
906 3177 1017 3218 nomen
1037 3155 1157 3218 habue-

46 3247 148 3316 rint3
172 3263 203 3306 v.
225 3238 422 3300 D'Herbelot.
452 3238 598 3299 Bibliotb.
620 3239 739 3299 Orient.
761 3261 792 3299 v.
804 3239 981 3301 Atobelriun.
1025 3240 1157 3322 Liquet,

46 3337 96 3390 ut
119 3323 221 3384 multa
240 3323 298 3383 alia
319 3325 478 3398 instituta,
500 3324 589 3382 etiam
611 3321 690 3382 hano
709 3323 888 3404 dignitatem
902 3345 936 3384 ex
959 3323 1028 3384 aula
1040 3323 1158 3404 Byzan-

41 3411 126 3472 tina
157 3409 193 3468 in
220 3403 380 3467 orientales
408 3405 498 3464 fuisse
525 3405 704 3466 derivatam.
746 3403 949 3467 Atabelrorum
982 3405 1089 3466 borum
1112 3407 1158 3468 sa-

40 3492 224 3556 miliarum
246 3500 321 3571 puta
340 3491 384 3549 sie
409 3489 559 3548 dictarum
581 3491 670 3569 primi
699 3488 889 3566 conditores,
920 3511 973 3550 seu
1006 3489 1096 3570 primi
1128 3501 1160 3552 et

41 3571 187 3653 κυρίως
207 3575 249 3632 sie
264 3572 336 3632 dieti
357 3569 505 3643 Atabeli,
534 3581 620 3630 erant
640 3591 744 3630 omnes
765 3571 858 3632 soceri
880 3575 1024 3632 iuvenum
1043 3573 1157 3654 princi·

37 3677 138 3744 pum
160 3653 489 3716 Mubammodanorum
509 3653 660 3736 iidemque
680 3665 818 3731 tutores,
840 3654 891 3714 sed
914 3655 970 3716 sub
990 3659 1111 3717 nomine
1127 3667 1159 3718 ot

36 3742 166 3828 specie
187 3737 301 3799 tutelae
320 3757 445 3818 generos
466 3747 496 3797 et
509 3735 638 3818 pupillos
660 3757 730 3798 sitos
751 3740 928 3797 auctoritate
950 3742 1044 3812 omui,
1069 3759 1158 3822 saepo

35 3842 192 3910 quoque
222 3822 286 3881 vita
316 3819 463 3880 exuebant
494 3831 526 3879 et
558 3821 589 3879 in
621 3840 727 3879 eorum
748 3817 828 3880 bona
856 3821 1050 3882 invadebant.
1095 3823 1159 3884 Par

36 3926 165 3994 paene
193 3907 272 3963 ratio
301 3913 365 3963 erat
388 3901 517 3962 Romani
544 3902 712 3984 Lecapeai,
756 3907 809 3985 qni
836 3925 898 3964 non
924 3915 1081 3969 contentus
1101 3907 1160 3966 bo-

38 4010 142 4053 nore
165 3985 418 4067 Basileopatoris,
449 3985 580 4066 Augusti
603 4006 724 4068 quoque
743 3985 873 4047 bonores
893 4007 954 4047 non
979 3991 1039 4070 ipse
1060 3987 1161 4048 solum

36 4073 117 4137 sibi
146 4069 336 4150 arrogabat,
358 4069 411 4130 sed
432 4070 523 4128 etiam
544 4067 613 4128 liliis
634 4071 695 4128 suis
714 4069 887 4146 tribuebat,
917 4082 946 4132 et
976 4071 1042 4132 loco
1068 4083 1161 4150 atque

34 4153 167 4241 gradu
190 4150 321 4212 libenter
339 4151 540 4211 submovisset
555 4152 792 4214 Constantinum
809 4164 964 4224 nostrum,
991 4157 1015 4214 si
1040 4153 1161 4214 fortuna

34 4240 116 4324 ipsi
142 4235 281 4296 favisset.
325 4234 513 4315 Nicephorns
537 4235 654 4299 Pboeas
673 4247 774 4296 autem
795 4245 825 4297 ct
843 4236 973 4298 loannes
987 4237 1161 4316 Tsimisoes,

83 4333 309 4386 Constantinus
326 4331 460 4403 Porpbyn
488 4333 545 4386 Vol.
563 4333 598 4385 ΙΙ.
928 4335 961 4387 ⁵³
