2975 4892
183 335 240 405 nn
268 335 493 404 conentur.
524 335 671 404 marn.
695 339 751 404 oa
777 335 913 419 carru,
938 340 1012 406 na.
1040 341 1082 403 n.
1112 280 1200 422 lili)

120 495 278 569 columnus,
300 493 355 556 sed
377 496 465 558 cunm
491 515 513 556 a
531 509 559 556 te
578 499 696 558 ιιοῑιῖἰαι
714 517 817 558 comma
840 496 983 556 subtiliter
1018 495 1049 556 id
1070 505 1115 557 est
1136 494 1197 557 sol-

122 577 218 667 licite]
239 580 370 639 retineri.
413 576 522 639 Adhuc
536 577 626 640 hodie
659 580 756 641 solere
775 582 905 642 Graecos
925 581 957 639 in
978 599 1043 640 soo
1061 598 1126 639 non
1144 599 1199 661 pa-

123 663 182 723 trio
202 661 378 722 decedentes
407 682 476 722 suas
496 681 568 746 opes
587 661 805 724 monachorum
832 683 955 726 suorum
975 663 1043 722 fidei
1061 668 1198 723 commit-

124 753 208 825 tere,
237 765 346 826 eosque
375 743 511 822 hortari,
540 756 576 806 ut
603 745 783 807 haeredibus
812 745 1014 828 flagitantibus
1045 745 1196 819 reddant,

123 825 181 887 hoc
200 837 246 888 est
259 848 383 908 caprum
404 826 605 888 hortularium
625 829 721 890 facere
732 839 877 904 ‚testatur
889 827 1030 888 Gerlach.
1054 829 1084 888 iu
1095 828 1200 889 Dianio

125 910 245 970 itineris
267 910 381 972 CPtani
401 931 432 991 p.
447 908 519 996 477.
542 912 581 972 A.
603 911 674 974 line.
715 912 831 972 Eadem
850 911 922 972 olim
939 913 971 971 in
991 909 1076 971 Italia
1099 921 1130 971 et
1148 931 1200 971 oc·

124 993 243 1054 cidente
262 1001 366 1054 nostro
385 1004 449 1053 erat
468 994 573 1070 facies,
595 994 674 1055 idem
695 995 802 1077 agendi
823 1015 887 1056 mos
915 1003 1005 1076 atque
1026 991 1107 1075 apud
1129 992 1201 1053 Col·
1265 1007 1269 1014 ’

125 1075 198 1136 chos
222 1074 272 1136 vel
300 1075 473 1158 Mingrelios
500 1076 639 1137 Busbelrii
663 1088 779 1155 aetate,
811 1076 869 1138 hoc
888 1087 933 1139 est
960 1087 1031 1136 ante
1057 1076 1118 1137 duo
1139 1076 1201 1137 fere

125 1155 269 1237 saecula3
289 1157 328 1219 de
348 1159 458 1241 quibus
477 1157 528 1219 ille
547 1161 607 1242 Ep.
624 1160 679 1220 111.
699 1183 731 1243 p.
754 1161 820 1222 153.
850 1164 893 1222 sic
912 1171 1034 1220 narrate
1087 1163 1204 1240 argenti

126 1243 237 1322 signati
267 1243 422 1302 miniatum
453 1263 543 1327 penes
566 1263 615 1304 eos
644 1258 705 1318 est,
739 1257 906 1326 argentoun
939 1261 1061 1304 ιιιιιιιιιιιι
1094 1257 1203 1305 nortott

122 1327 216 1406 panici
227 1369 236 1399 ,
261 1327 576 1410 accommodantes,
612 1327 719 1388 liabent
729 1329 803 1406 fere
826 1327 914 1389 rualli.
939 1357 980 1373 —·
1003 1326 1135 1386 Eatenus
1153 1339 1201 1386 ta-

125 1419 343 1551 tatium
356 1408 449 1570 lii,
465 1420 602 1574 {lydi
620 1410 1202 1571 tattltntmtttttt

121 1571 242 1654 pionem
261 1573 442 1656 censentur,
460 1575 591 1634 cnecibns
610 1588 662 1635 aut
685 1576 824 1636 calr'cibru
848 1588 901 1636 aret
932 1577 1001 1634 aliis
1028 1574 1203 1658 templontm

126 1658 304 1716 οιτιαιπιηιιζι
326 1655 511 1741 cotfiandris:
544 1675 622 1740 qnae
640 1679 716 1737 rex,
742 1658 794 1718 ubi
818 1659 937 1734 cumn,
975 1677 1034 1739 per
1065 1657 1202 1738 publicae

118 1738 300 1800 necessrian's
318 1741 444 1824 ιριιίειιι
466 1742 566 1801 οιιιιιία
583 1753 736 1824 consuat,
757 1739 803 1799 ad
810 1761 896 1824 seque
907 1741 1025 1799 αυιιτὶι.
1067 1739 1117 1798 Sic
1126 1759 1203 1819 quo-

94 1858 98 1874 ι
128 1839 190 1919 que
205 1833 308 1882 narrat
326 1821 500 1883 Athenaeus
519 1843 552 1904 p.
569 1823 641 1908 537.
664 1825 700 1884 B.
720 1824 752 1884 5.
774 1823 812 1884 de
824 1821 1056 1925 „aliquodivite
1075 1821 1202 1922 rithmi-

124 1904 1203 2068 sensnm{tumulentusnitetis

124 2065 272 2146 κείσεται,
292 2070 401 2150 λέγων,
422 2064 467 2141 ὥς
486 2066 543 2130 nain
561 2069 711 2178 ἀσφαλῶς
739 2060 776 2132 dv
795 2069 830 2132 ἐν
844 2067 986 2152 ἰδιωτικῇ
1005 2068 1087 2151 οἰκίᾳ
1105 2062 1203 2128 πολλὰ

123 2147 276 2232 χρήματα
296 2145 386 2216 εἶναι·
406 2150 462 2213 καί
479 2147 590 2215 ἔδοσαν
608 2153 780 2236 Αθηναῖοι.
819 2152 993 2214 Enercuisse
1006 2152 1135 2211 Graecos
1147 2151 1203 2211 lm·

127 2244 281 2316 penatores
312 2237 360 2296 ius
379 2237 521 2296 suumin
542 2257 597 2298 sua
631 2245 662 2296 et
695 2235 892 2320 depromsisse
925 2255 996 2296 vasa
1017 2255 1051 2296 ex
1073 2232 1203 2295 ecclesiis

128 2315 167 2376 ad
187 2337 276 2378 mum
287 2363 298 2398 ‚
325 2317 462 2380 cordatos
485 2339 593 2401 nempe
627 2318 693 2380 illos
733 2331 764 2380 et
783 2340 854 2381 vere
880 2321 984 2394 viros,
1012 2315 1205 2378 muliercula·

125 2419 195 2460 rum
221 2411 252 2461 et
276 2401 493 2462 monachorum
524 2402 774 2464 terriculamentis
800 2422 862 2463 nou
891 2400 1056 2480 obnoxios,
1087 2409 1205 2462 constat

126 2503 198 2542 num
218 2481 314 2568 hoc‚e
332 2484 399 2547 loco
420 2495 451 2545 et
470 2485 574 2546 multis
584 2485 649 2546 aliis
662 2485 752 2547 huius
765 2484 988 2563 Geremouialis,
1006 2495 1073 2545 turn
1094 2482 1206 2544 eLeo'·

128 2567 176 2627 nis
197 2565 323 2628 Chazari
356 2567 512 2651 exemplo,
533 2570 586 2650 qui
614 2568 783 2649 depositum
811 2570 852 2630 ab
873 2566 1012 2628 Heraclio
1041 2568 1073 2627 in
1095 2587 1205 2648 magne
1232 2567 1243 2590 ⁴

127 2647 251 2710 ecclesia
270 2663 396 2712 stemma
419 2672 454 2712 ex
474 2671 527 2711 ara
540 2650 735 2733 depromebat
763 2661 794 2713 et
826 2652 859 2712 in
894 2654 1061 2711 rocessione
1073 2650 1205 2731 quadam
1294 2663 1297 2669 '

129 2732 263 2819 gerebat.
305 2734 335 2795 A
356 2755 416 2816 qun
440 2753 535 2816 quum
561 2733 642 2796 haud
664 2733 761 2795 multo
780 2745 849 2817 post
867 2672 929 2795 lto
949 2754 1005 2794 suo
1025 2732 1181 2792 decederet
1193 2748 1217 2807 ,·

126 2814 296 2878 clamabant
314 2817 450 2878 infruniti
470 2817 610 2879 Graeculi
630 2816 730 2880 clerici
750 2827 781 2878 et
800 2837 896 2899 aeque
924 2816 1024 2877 fatuus
1043 2812 1205 2896 Theopha-

125 2899 1206 3046 tntu?{12⁶³thtt..tttitt‘atffiblffltttttltltt

124 3059 406 3148 Ἆπηιθρακῶθη,
426 3067 551 3142 dicunt,
582 3067 616 3130 ἐι
635 3066 674 3151 τῇ
694 3029 816 3152 tepolis]
836 3006 892 3139 sall
909 3054 1009 3148 κακὴν
1027 3003 1129 3135 sexul
1148 3058 1206 3144 τὴν

127 3143 239 3226 ψυχὴν
267 3145 433 3230 αἰιέῤῥηξε,
455 3149 512 3230 τῆς
544 3145 724 3231 ἱεροσυλίας
750 3144 959 3228 κομισάμενος
986 3143 1026 3209 τὰ
1047 3145 1204 3227 ἐπίχειρα.

127 3227 197 3288 Nou
218 3227 407 3314 sacrilegium
428 3234 587 3304 commisit,
611 3254 630 3295 o
650 3231 735 3307 boni,
756 3235 842 3312 Leo,
863 3231 917 3294 sed
936 3253 1000 3293 uon
1019 3230 1135 3293 sinebat
1150 3249 1207 3290 vos

127 3310 258 3390 alienis,
277 3313 317 3374 ad
337 3335 391 3376 vos
411 3313 487 3378 nihil
507 3317 672 3399 quidquam
705 3315 942 3398 pertinentibus,
963 3314 1118 3375 incubare.
1141 3311 1207 3372 Ho-

127 3393 179 3455 die
199 3395 299 3478 inepte
312 3397 458 3461 eiusmodi
478 3402 636 3462 ratiocinia
647 3399 791 3461 ridemus.
833 3399 894 3460 Sed
908 3397 1039 3459 corollae
1058 3397 1117 3458 hae
1136 3405 1208 3456 stmt

128 3480 250 3540 virtutis
283 3483 435 3562 praemia,
464 3503 539 3566 quas
562 3485 624 3544 Leo
643 3503 706 3544 non
736 3483 869 3557 tulisset,
889 3482 916 3543 ai
935 3478 1035 3542 mollis
1055 3490 1087 3540 et
1105 3475 1207 3537 indul-

127 3579 201 3644 gens
221 3565 335 3646 ignavis
354 3575 385 3625 et
406 3587 536 3648 nequam
556 3567 668 3710 appuis
688 3567 802 3628 linisset.
844 3564 930 3626 Conf.
957 3563 1147 3624 Constantia.
1168 3561 1208 3622 de

128 3643 242 3708 admin.
264 3648 341 3730 imp.
368 3669 399 3732 p.
412 3647 464 3710 63.
479 3647 532 3728 64.
553 3671 570 3711 e
594 3693 601 3709 .
623 3649 757 3711 Bandur.
799 3646 927 3732 [Aurea
962 3667 1069 3707 vasae
1090 3643 1209 3724 templis

127 3731 221 3789 sumit
251 3741 281 3792 et
307 3752 370 3794 noo
396 3731 496 3794 reddit
529 3731 659 3794 isaacius
688 3731 849 3812 Angelus,
889 3731 983 3798 Nicot.
1015 3751 1048 3812 p.
1073 3747 1142 3789 noo.
1166 3728 1209 3788 D.

128 3829 238 3893 seqq.‚
271 3815 342 3875 item
369 3836 400 3896 p.
416 3816 486 3882 255.
520 3835 554 3876 u.
577 3837 608 3900 7.
630 3813 701 3877 253.
728 3817 769 3878 B.
795 3836 822 3874 ι.
847 3813 936 3876 Cani.
962 3835 993 3894 p.
1015 3809 1087 3896 294.
1118 3811 1206 3870 1).1.

128 3893 200 3976 296.
223 3895 264 3956 D.
279 3894 311 3958 8.
341 3909 371 3958 et
390 3919 459 3982 pen.
492 3899 560 3960 Mos
586 3897 723 3960 dedicata
754 3901 787 3959 in
819 3895 942 3977 templis
976 3917 1048 3957 nsus
1074 3905 1210 3974 tempore
1275 3962 1290 3979 Ι,

128 3979 287 4057 promendi
305 3979 458 4043 derivatus
477 4003 496 4042 a
508 3981 681 4062 gentilibus.
695 4003 727 4043 v.
739 3979 867 4042 Diodor.
877 3978 971 4041 Sicul.
991 3979 1032 4038 Τ.
1050 3979 1093 4038 ll.
1109 3999 1141 4058 p.
1156 3976 1208 4058 73.

127 4057 179 4122 68.
221 4063 348 4146 Gregor.
364 4063 480 4126 'saron
497 4064 578 4146 apud
594 4067 643 4125 Du
659 4063 806 4146 Congium
825 4085 859 4124 v.
873 4061 1040 4124 Pallud'x
1053 4056 1209 4140 Addam]

214 4146 254 4206 D.
274 4145 390 4230 penult.
430 4148 596 4294 {postu}
625 4141 785 4228 τροπικὴν.
826 4147 912 4209 Verti
932 4146 1074 4222 trichila,
1104 4142 1211 4237 iduest

126 4227 260 4310 porticus
282 4251 400 4312 ¹erar-va,
459 4232 688 4314 mophaerim
722 4229 859 4314 pensile,
881 4225 1088 4294 amberlacum
1110 4243 1211 4284 cutus·
