2975 4892
161 297 218 364 an
248 293 474 368 cossam.
505 293 654 362 roura.
675 297 731 363 as
759 293 898 364 cunm.
923 297 999 362 un
1027 299 1057 362 1.
1095 265 1184 386 475

106 448 151 513 Ut
176 471 233 512 nos
254 451 345 514 hodie
369 452 492 514 nomina
519 450 672 534 qualitatis
693 471 759 514 non
787 463 906 514 tantum
929 454 962 514 in
982 453 1031 513 ich
1056 448 1107 516 vd
1131 453 1183 536 ἐρ,

106 536 157 617 sed
191 539 281 596 etiarn
311 537 343 596 in
369 537 422 616 ing
445 537 661 613 terminamus,
688 537 731 596 sic
749 557 873 618 quoque
896 547 1011 598 veteres
1042 536 1188 600 Germani

106 639 159 680 sen
183 619 297 686 Franci
325 639 381 678 suo
414 639 496 680 more
520 640 582 680 non
605 628 724 680 tantum
756 639 787 679 m
817 641 859 700 ag
881 629 911 678 et
937 641 991 700 eg,
1012 617 1064 680 sed
1093 622 1186 682 ctiam

106 702 136 762 in
156 725 220 782 ang
250 713 280 762 et
300 722 357 782 eng
385 701 597 762 terminabunt.
641 701 704 761 Pro
730 723 850 783 gryseus
870 699 1029 783 (gerunck)
1044 699 1187 764 dicebant

104 807 285 866 pyramus,
311 784 376 844 vid.
394 785 445 846 Du
468 783 633 867 Gangehec
650 805 715 844 voe.
740 807 750 859 3
772 787 814 844 ite
840 805 962 865 quoque
982 805 1038 866 pro
1070 786 1189 867 welra'g

106 867 248 930 dicebant
272 889 382 950 war-ag
404 879 434 931 et
452 891 557 949 wareg
577 879 606 930 et
623 889 754 948 wararzg
767 878 797 928 et
813 889 950 948 wareng.
991 867 1036 932 Ut
1058 866 1187 930 dicimus

105 950 319 1032 Iriagla'ogpro
338 972 393 1027 eo,
415 955 467 1034 qui
492 953 608 1012 iuvenis
630 961 695 1023 est,
728 951 881 1031 Zwilliug
906 971 963 1032 pro
981 971 1037 1023 eo,
1059 953 1113 1032 qui
1132 971 1186 1033 ge,

108 1033 215 1094 mellus
233 1044 301 1111 cst,
319 1033 452 1116 Ecleling
492 1056 526 1096 ro
547 1033 641 1095 nobili
662 1045 744 1107 eto,
765 1035 808 1094 sic
831 1035 946 1115 optimo
965 1035 1048 1112 iure,
1077 1054 1186 1116 quam

106 1119 152 1178 ris
174 1137 248 1176 usus
264 1137 326 1178 non
348 1119 445 1200 adstip
478 1129 561 1190 etur,
583 1137 736 1200 possemus
761 1116 862 1178 dicere
883 1117 1105 1259 Welrriuffiro
1126 1115 1186 1178 ho-

107 1202 188 1260 mine
206 1197 351 1274 tutelari,
379 1212 557 1283 protectore.
598 1201 639 1260 Et
664 1200 695 1260 id
713 1219 834 1282 quoque
859 1202 891 1260 in
915 1221 972 1261 usu
995 1201 1035 1259 o'
1094 1198 1187 1264 fuisse

107 1281 216 1362 prohat
244 1303 357 1344 nomen
383 1285 545 1365 Βοπίπρεπ,
572 1283 788 1364 Berrngarirn,
816 1281 897 1362 quod
919 1281 996 1342 nihil
1018 1280 1101 1344 aliud
1119 1293 1185 1361 est,

108 1365 376 1447 qumBmmgzn,
394 1379 551 1450 protector.
592 1367 628 1425 ln
646 1386 702 1424 usu
723 1366 900 1446 quotidiano
918 1377 964 1426 est
975 1363 1076 1426 adhuc
1093 1365 1187 1427 hodie

108 1469 161 1508 vox
195 1447 333 1526 Weare,
359 1452 461 1522 tuitio,
496 1451 650 1534 protectio.
701 1447 773 1508 Sr'clr
797 1469 853 1508 zur
877 1447 979 1508 Wehr
1008 1449 1131 1520 stellari,
1152 1469 1187 1510 se

109 1551 281 1612 oomparare
300 1531 386 1594 adse
403 1530 562 1594 tuendum.
606 1532 686 1592 Hinc
711 1553 783 1594 war·
801 1529 906 1612 Aegiis
920 1541 951 1592 et
966 1553 1073 1612 guterre
1083 1531 1186 1592 Fran·

109 1615 149 1674 cis
179 1613 265 1676 aliud
297 1613 375 1674 nihil
399 1626 459 1691 est,
483 1637 575 1698 quarn
592 1624 728 1676 nostrum
753 1612 887 1686 Werm,
911 1635 969 1696 pro
985 1616 1046 1674 aris
1066 1613 1186 1676 etsocis

109 1697 251 1758 dimicare
265 1719 275 1773 3
295 1699 415 1758 wellen
430 1698 558 1762 dicimus
596 1719 631 1758 ro
648 1717 751 1758 arcere
766 1717 786 1756 a
799 1696 909 1773 nobis,
929 1715 1093 1769 amovere,
1114 1716 1186 1776 pro-

109 1777 220 1862 fligare.
262 1779 328 1840 Hoc
345 1802 434 1842 sensu
458 1791 555 1844 essent
574 1720 701 1862 harengi
722 1774 752 1840 οἱ
774 1775 1026 1857 ἀποσοβοῦντες,
1046 1778 1186 1860 qutmb-

108 1874 232 1924 movent
259 1863 397 1941 trrrbum,
474 1885 620 1947 gressores
643 1861 812 1945 profligant.
862 1859 921 1922 Vel
951 1863 994 1921 sic
1022 1872 1188 1942 potuenmt

109 1944 190 2018 dici,
214 1947 285 2028 quia
308 1957 428 2008 tanturn
496 1947 537 2009 llo
556 1949 692 2010 viverent
711 1955 740 2006 et
759 1943 897 2006 mercede
915 1942 1077 2004 militatum
1103 1954 1188 2006 extra

108 2030 236 2109 patriam
264 2031 351 2092 irent.
394 2030 656 2112 ‚‚War1'ngs(ait
683 2031 734 2090 Du
762 2029 866 2112 Gange
895 2048 926 2087 r.
951 2027 1185 2110 Gravmrirgm)

110 2123 219 2172 vocant
230 2111 323 2196 Angli
337 2111 459 2190 milites,
471 2113 631 2186 vocabulo,
645 2123 680 2172 ut
696 2112 826 2185 videtur,
850 2110 941 2170 ducto
954 2130 973 2170 a
985 2131 1088 2171 werra
1096 2132 1109 2184 ,·
1128 2131 1186 2172 αο-

107 2197 175 2255 uris
199 2195 342 2258 dicuntur
358 2200 486 2258 homeres
504 2198 542 2257 de
553 2195 691 2278 groerre.''
712 2197 751 2257 V.
763 2195 815 2255 Du
834 2193 936 2275 Cauge
948 2214 979 2252 v.
1002 2192 1055 2252 W
1050 2207 1183 2254 ωααοα.

109 2275 147 2338 lli
168 2279 197 2336 B
293 2276 373 2341 ivel
393 2281 525 2357 Franci,
547 2279 578 2340 id
601 2291 646 2341 est
661 2271 865 2362 protectores,
886 2275 1065 2338 habitabant
1081 2277 1113 2336 in
1133 2297 1186 2338 ex·

107 2359 217 2422 cubitis
237 2383 275 2422 ve
308 2365 435 2424 statione
461 2361 679 2424 excubitorum.
720 2363 853 2422 Zonaras
867 2362 900 2422 in
916 2359 1042 2420 Alexio:
1065 2353 1095 2420 ol
1115 2355 1185 2420 Boi·

107 2462 218 2522 ραγγοι
250 2440 307 2526 τὴν
334 2443 368 2506 ἐν
394 2449 458 2516 τοῖς
484 2443 671 2522 ἐξκουβήοις
698 2439 894 2525 διειληφότες
921 2437 1017 2520 ὁδὸν,
1045 2435 1184 2520 ἔνθαπερ

105 2520 268 2670 ttulit-l
288 2523 1186 2687 iiiii?iffiissi⁰iihiili⁸i²⁸uhil⁶⁰piiilhff

107 2655 281 2752 vid.Nostl·.
301 2717 333 2776 p.
349 2695 443 2772 ὅσας
464 2705 494 2754 et
512 2633 569 2754 tilis
594 2693 733 2774 intelligit
755 2691 870 2752 Psellus
892 2693 924 2750 in
946 2689 1080 2763 Historia
1109 2651 1188 2748 metri

106 2775 196 2854 (apud
213 2777 266 2836 Du
275 2777 376 2859 (lenge
386 2801 417 2839 v.
434 2769 610 2858 ῥομφαία),
631 2777 754 2858 quando
782 2777 835 2852 ait,
847 2771 1041 2834 Theodoram
1055 2773 1186 2830 circum-

104 2863 222 2920 stetisse
240 2881 312 2920 cum
332 2859 398 2923 aliis
438 2860 637 2920 retentoribus
660 2879 734 2937 eos,
755 2860 808 2957 <pai
841 2877 948 2939 graves
979 2855 1060 2916 ferro
1078 2853 1187 2936 bipen-

104 2960 157 3002 nes
182 2963 219 3002 ex
250 2942 384 3005 humeris
411 2883 587 3005 iibrabant:
617 2959 887 3021 περιειοτηκασαυ
916 2936 952 3001 δὲ
976 2931 1096 3015 ταύτην
1125 2930 1188 3008 ἔξω

103 3019 184 3084 πολι)
207 3025 332 3104 πλῆθος
350 3061 367 3074 -
387 3061 404 3074 -
426 3021 455 3087 οἱ
474 3027 535 3102 μὲν
554 3023 629 3106 ξίφη
650 3021 911 3104 περιεζωσμένοι,
944 3016 975 3082 oi
1003 3013 1108 3081 d'ciud
1125 3017 1188 3080 πᾶν

103 3093 202 3182 ὤμων
233 3101 394 3191 ῥομφαίας
419 3101 653 3187 βαρυσιδήρους
681 3105 844 3181 deicerer,
880 3095 969 3164 ἄλλοι
1002 3101 1038 3164 δὲ
1067 3095 1188 3180 δυ’ρατα

101 3177 303 3266 ἧγκαλιζοντο
323 3190 437 3274 ἐφεξῆς
456 3183 626 3272 ἑστηκότες.
667 3190 737 3251 Non
755 3187 854 3250 solum
879 3190 910 3248 in
932 3185 1001 3248 aula
1016 3184 1189 3247 militabunt

100 3269 255 3354 Barangi,
284 3274 337 3334 sed
365 3276 457 3334 etiam
493 3273 525 3333 in
545 3274 718 3354 provinciis.
759 3271 901 3354 Scylitees
926 3272 959 3330 in
985 3265 1190 3330 Monomacho

101 3351 242 3417 Francos
266 3367 297 3416 et
314 3357 487 3440 Warangos
510 3356 540 3416 in
564 3354 662 3416 iberia
683 3367 714 3418 et
737 3354 863 3416 Chaldia
888 3352 1035 3415 collocate
1059 3345 1191 3426 ὅβαου-

100 3431 176 3510 λεῦς
193 3433 252 3499 τὸν
272 3435 449 3500 ἀκόλουθον
461 3433 599 3518 Μιχαὴλ
618 3434 904 3515 μεταπεμψάμενος
923 3433 959 3496 ἐκ
977 3431 1033 3511 τῆς
1052 3425 1274 3509 tontooerran
1289 3443 1336 3500 rso

100 3519 189 3603 [ergo
210 3521 350 3583 haeserat
374 3522 520 3584 hactenus
545 3541 615 3580 eum
638 3521 763 3581 cohorte
785 3541 840 3582 sua
877 3520 910 3580 in
927 3519 1040 3598 Magna
1060 3515 1189 3575 Graecia

101 3615 153 3666 ant
180 3606 217 3666 in
237 3603 405 3690 Delnmtia]
433 3602 477 3677 εἰς
502 3602 638 3706 'hippias
672 3601 832 3679 ἐκπέμπει.
872 3595 907 3671 ὃς
936 3596 1005 3660 ἐκεῖ
1028 3590 1191 3676 γενόμενος

100 3683 155 3748 καί
173 3681 257 3759 τούς
278 3683 526 3772 διεσπαρμένους
545 3709 581 3750 ευ
596 3705 630 3748 re
651 3684 780 3791 Xotdae'p
807 3677 864 3745 xci
876 3677 995 3766 Ἰβηρίᾳ
1025 3675 1191 3780 φράγκοος

101 3769 155 3830 zat
174 3767 369 3850 Βαράγγους
404 3767 558 3852 α’γηαχῶς
584 3763 718 3832 κωλύειν
749 3763 893 3849 ηπείγετο
911 3762 967 3827 τὸν
987 3763 1098 3826 orara
1115 3783 1191 3844 τρο-

99 3870 156 3914 πον
174 3851 243 3916 soii
264 3848 456 3919 Σοολτοὶνοο.
498 3856 649 3938 Bnrengos
676 3873 799 3936 quoqne
817 3855 850 3912 in
870 3848 1073 3934 expeditiones
1102 3845 1191 3911 belli·

621 3937 974 4013 ‘r
993 3931 1192 4099 aare

101 4101 281 4166 animm
304 4106 364 4166 sat
381 4044 547 4167 iaderae
560 4067 582 4182 ‚⁹
597 4105 716 4166 ,osaea
732 4105 765 4162 a
792 4101 942 4164 mato·
962 4119 1046 4160 sam
1066 4097 1189 4168 oasa,

99 4184 201 4252 Εααίσ
243 4201 272 4252 et
301 4189 482 4254 Gaeianou.
520 4187 666 4254 Eiusdem
693 4185 818 4268 originis
837 4194 940 4268 gentes
967 4192 1039 4245 sunt
1057 4181 1139 4242 Dani
1161 4188 1192 4240 et
