2975 4892
177 371 234 435 ιι)
265 369 490 435 counitur.
518 365 671 431 roura.
699 367 754 428 un
782 365 918 430 cunin
938 369 1011 432 ιιι.
1042 370 1082 431 ιι.
1119 336 1204 452 875

123 525 249 603 Graeci,
276 526 389 610 quibus
416 525 569 605 incognita
600 533 664 584 erat
683 519 785 605 lingua
807 521 936 604 Latina,
967 521 1063 584 altera
1083 534 1207 606 propter

123 612 354 672 unanimitatem
371 610 529 688 utriusque
552 603 683 689 populi.”
704 607 740 665 ln
762 626 870 687 magna
884 605 1011 666 Graecia
1024 607 1077 668 diu
1097 607 1209 668 substi-

125 696 163 754 tit
184 714 250 754 snos
274 695 389 754 Graeca
413 691 527 750 Latinis
546 693 577 750 iu
599 687 697 749 officio
718 709 804 748 sacro
823 688 989 770 iungendi,
1014 700 1048 749 ut
1068 699 1150 771 patet
1173 711 1210 751 ex

124 775 233 856 Angeli
262 775 301 837 de
333 775 420 834 Nuce
442 776 522 832 notis
542 773 580 833 ad
601 773 777 833 chronicon
798 773 973 832 Cassinense
993 773 1029 832 1.
1050 772 1115 834 l.c.
1133 773 1207 848 32„

127 860 183 919 ubi
213 863 291 920 inter
310 858 369 919 alia
389 857 422 916 S.
442 855 608 931 Anastasii,
630 856 762 937 episcopi
792 853 996 936 Neapolitani,
1016 851 1092 915 baec
1116 855 1210 918 verba

126 942 222 1002 citat:
252 945 364 1026 inqua
387 937 542 1022 [Neapoli]
571 939 645 998 laici
661 939 753 997 umal
772 958 840 998 cum
855 937 974 999 clericis
985 937 1100 998 assidu
1113 939 1210 1000 Grue-

125 1045 158 1085 ce
180 1025 339 1108 Latineque
354 1021 504 1083 mmmani
518 1042 607 1105 prece
621 1021 756 1105 psalbau
768 1020 838 1081 deo.
879 1021 927 1082 Ex
947 1021 1053 1081 codem
1073 1031 1209 1102 apparet,

124 1107 314 1168 sacerdotum
334 1104 481 1189 quosdam
502 1106 638 1181 Graece,
659 1102 735 1164 alios
757 1103 865 1165 latine
876 1124 932 1187 per
943 1102 1122 1186 antiphonas
1137 1123 1210 1165 can·

124 1199 223 1265 tasse,
251 1189 333 1252 unde
367 1190 485 1250 Graeca
513 1198 543 1247 et
574 1187 684 1246 Latina
706 1207 783 1270 pars
808 1187 1000 1248 sacerdotalis
1030 1186 1112 1247 dicta
1138 1187 1208 1248 suit.

124 1273 239 1334 Mansit
258 1276 290 1334 in
311 1270 442 1334 ecclesiis
461 1269 645 1332 nostratibus
665 1267 797 1350 aliquale
824 1273 982 1353 vestigium
1004 1269 1085 1331 illius
1104 1273 1209 1330 moris.

127 1353 267 1439 Hymnus
289 1359 370 1418 enim
390 1355 536 1438 quosdam
565 1363 681 1413 veteres
711 1353 838 1414 Latinos
874 1373 937 1414 non
963 1353 1073 1415 chorus
1092 1364 1211 1414 tanturn

127 1451 308 1512 cantorum,
328 1438 490 1501 sedetiam
512 1439 576 1519 ipsa
596 1435 682 1520 plebs
701 1437 744 1495 ita
765 1437 869 1510 canit,
897 1446 933 1496 ut
960 1435 1131 1498 alternatim
1151 1437 1212 1497 La·

126 1525 191 1583 tina
218 1523 313 1586 verba
339 1533 370 1583 et
400 1521 611 1582 Germanicam
634 1539 739 1580 eorum
764 1521 1039 1599 interpretationem
1063 1530 1210 1582 cantent:

126 1625 156 1749 N
171 1604 788 1751 guffigrfflutgn?egedgmigisttexta
799 1601 1069 1766 lilssidtulilltellpllltlli
1081 1623 1212 1760 'muglffi

128 1712 196 1832 illos
218 1793 279 1832 nou
300 1774 553 1852 interpretentur,
577 1769 628 1829 sed
650 1779 788 1850 coeptam
808 1766 848 1828 ab
867 1766 926 1828 illis
940 1770 1119 1830 sententiam
1139 1789 1214 1830 con·

127 1857 260 1916 tinuent.
300 1855 400 1918 Locus
418 1853 564 1913 Chronici
584 1851 782 1928 cassinensis,
805 1849 844 1911 ad
865 1871 956 1932 quern
977 1850 1059 1933 Ang.
1074 1851 1112 1912 de
1128 1852 1214 1914 Nuce

126 1937 369 1999 observationem
388 1939 573 2017 superiorem
594 1934 714 2005 attulit,
738 1933 789 1995 hic
810 1945 877 1995 est:
899 1935 1052 2018 posthaec
1070 1937 1214 2019 inci'psien·

126 2033 169 2082 tes
191 2023 317 2082 letam’as
336 2040 437 2081 omnes
455 2022 574 2101 pariter
593 2017 833 2100 ingrediebanacr
851 2019 883 2077 in
904 2018 1058 2078 ecclesiam
1075 2017 1110 2077 S.
1130 2015 1216 2078 Petri

124 2117 156 2164 et
176 2105 282 2164 stenem
307 2103 384 2164 data
410 2105 544 2164 cranone
567 2102 725 2162 seruabam
738 2101 871 2161 Tertiam
892 2114 921 2162 et
946 2099 1054 2161 &inde
1075 2103 1213 2162 missam.-

127 2186 235 2248 Venite
248 2187 392 2246 benednti
407 2188 506 2270 patris
523 2186 593 2257 mei,
610 2205 678 2244 acm
692 2196 781 2244 cantu
793 2186 973 2268 pronn'scuo,
991 2183 1107 2245 Graeco
1127 2184 1214 2244 utile

125 2270 195 2331 licet
215 2283 303 2412 algae
320 2269 440 2345 Latino,
457 2290 544 2352 usqae
570 2267 615 2328 ad
631 2266 875 2351 complementrun
898 2267 1071 2349 Evangelii.
1114 2265 1214 2328 Addi-

127 2352 173 2412 dit
193 2353 232 2412 ad
270 2374 329 2413 unc
347 2352 449 2414 locum
471 2355 675 2412 excursionem
698 2347 854 2432 Angelus,
885 2371 945 2432 qua
965 2349 1108 2430 indagat,
1139 2369 1215 2410 auin

127 2457 212 2496 sacra
227 2436 362 2518 Liturgia
380 2455 519 2496 sermone
539 2433 703 2496 vernaculo
724 2444 756 2494 et
775 2433 894 2516 vulgari
924 2433 1006 2514 apud
1028 2435 1160 2494 Graecos
1183 2443 1215 2494 et

127 2517 254 2579 Latinos
273 2519 378 2600 primis
396 2517 523 2578 saeculis
545 2516 771 2591 celebraretur,
791 2538 832 2577 an
853 2517 1005 2577 secretiori
1026 2526 1056 2576 et
1076 2513 1215 2598 vulgari·
1261 2564 1267 2578 .

126 2599 185 2664 bns
205 2604 319 2684 ignoto.
361 2599 506 2682 Iosephus
527 2599 681 2660 Antonius
701 2599 809 2660 Saxius
830 2599 861 2660 in
883 2602 961 2659 notis
981 2599 1019 2658 ad
1042 2597 1217 2680 Landulpbi

128 2685 197 2750 lun.
225 2685 339 2750 llistor.
362 2683 526 2745 Mediolan.
557 2700 584 2743 c.
610 2701 663 2742 22.
686 2692 774 2764 putat
793 2683 884 2742 etiam
903 2681 1068 2743 Mediolani
1096 2681 1217 2742 saeculo

127 2767 228 2829 adbuc
258 2767 333 2829 Xll.
358 2769 507 2828 Graecam
537 2765 672 2848 linguam
703 2767 735 2824 in
755 2765 846 2827 sacris
866 2766 996 2848 viguisse
1027 2764 1152 2846 eiusque
1172 2765 1217 2826 rei

126 2853 289 2933 vestigium
308 2861 339 2912 et
358 2860 571 2933 argumentum
595 2870 628 2910 se
647 2851 792 2931 reperisse
813 2849 845 2910 in
865 2851 987 2910 nominc
1009 2846 1076 2908 sesti
1098 2847 1217 2908 Graeco

125 2931 223 3080 &ficti
244 2934 284 2994 de
307 2933 425 3016 Hagios
456 2939 540 3018 puta)
563 2943 628 2992 tum
648 2953 753 2993 recens
773 2933 915 2993 instituti.
957 2931 1047 2992 cons.
1073 2930 1219 3013 Iosephus

154 3017 290 3079 atalanus
310 3016 349 3078 ad
371 3017 534 3101 Augustini
554 3015 677 3077 Patricii
701 3012 907 3078 Ceremonialc
932 3013 1085 3075 Ecclesiae
1105 3015 1219 3075 Roma-

124 3119 183 3162 nae
204 3123 235 3183 p.
264 3121 422 3184 117.sq.,
458 3099 511 3161 nbi
538 3101 618 3160 inter
640 3096 700 3160 alia
719 3101 763 3160 ait
781 3097 855 3161 olim
873 3100 1062 3160 consuevisse
1082 3097 1114 3159 in
1135 3097 1220 3180 regni

126 3183 319 3266 Neapolitani
350 3184 482 3246 ecclesiis
510 3183 668 3245 eistolam
697 3194 790 3264 atquc
820 3181 1010 3264 cvarrgclium
1042 3179 1157 3242 Graece
1189 3189 1221 3242 et

127 3267 239 3328 Latine
263 3267 364 3348 praelc
385 3271 414 3345 i,
437 3278 467 3328 et
487 3205 586 3326 adlluc
616 3265 706 3327 hodic
735 3267 898 3328 Brundusii
919 3263 1010 3326 semel
1030 3285 1085 3346 per
1104 3283 1222 3324 annum

126 3350 160 3410 in
181 3351 344 3412 Dominica
363 3289 549 3412 balenarum
583 3349 738 3430 epistolam
760 3359 790 3410 ct
814 3348 1003 3430 evangelium
1024 3347 1139 3408 Graeca
1159 3345 1221 3407 lin·

127 3455 187 3516 gua
212 3457 248 3494 cx
269 3435 367 3515 prisca
388 3444 419 3495 et
438 3431 671 3495 immemorabili
694 3433 827 3492 eiusdem
843 3434 968 3492 Latinae
984 3429 1124 3490 ecclesiae
1145 3450 1219 3490 con·

127 3517 289 3577 suetudine
310 3516 439 3582 recitari.
485 3518 522 3576 ln
542 3515 737 3577 coronatione
766 3537 820 3576 stra
845 3536 967 3598 quoque
988 3513 1116 3574 Romani
1139 3513 1223 3574 Pou-

126 3601 221 3661 tiflces
242 3600 389 3661 curabant
412 3599 470 3662 sibi
490 3597 593 3661 laudes
614 3600 754 3673 Graece,
775 3599 883 3659 Latine
906 3609 937 3658 et
958 3596 1105 3658 Hebraice
1134 3595 1220 3670 dici,

129 3703 192 3765 quo
222 3683 436 3766 persuaderent
468 3704 532 3744 non
561 3681 819 3765 intelligentibus,
852 3683 1024 3742 Romanum
1049 3681 1224 3762 episcopum

130 3767 358 3830 oecumenicum
386 3778 416 3828 et
447 3768 582 3826 omniurn
610 3787 762 3826 summum
791 3785 873 3841 esse,
901 3765 951 3826 cui
986 3763 1077 3824 etiam
1106 3764 1223 3825 Graeca

11 3877 30 3906 ι
131 3849 256 3912 ecclesia
279 3872 311 3912 se
330 3851 498 3911 submittat.
538 3849 616 3910 Acta
644 3849 771 3910 Concilii
799 3848 900 3909 Pisani
925 3847 964 3909 de
996 3845 1087 3908 Anno
1111 3845 1222 3930 ι4ο9.ι

131 3931 278 3996 Dominru
298 3933 388 4017 Papa
403 3931 582 3994 Alexander
585 3933 656 4010 ficit
670 3944 836 3993 coronatae.
851 3964 888 3978 -
907 3931 964 3992 Eo:
985 3929 1041 3989 illa
1061 3931 1111 3991 die
1131 3930 1225 3990 medea

117 4019 249 4096 swerent
272 4016 429 4088 solennia,
448 4030 480 4075 ut
504 4029 580 4098 praa
608 4015 646 4075 de
674 4017 765 4101 stupis
791 4015 964 4087 combustis,
997 4013 1143 4074 dicendo-¹
1172 4010 1225 4072 Sic

131 4103 239 4161 transit
260 4100 360 4182 gloria
380 4099 508 4173 mundi3
529 4098 568 4158 de
586 4099 711 4181 epistola
731 4112 761 4159 et
781 4099 935 4180 ermagelio
950 4099 982 4157 in
992 4095 1085 4156 Missa
1098 4095 1225 4172 Graece,

132 4179 282 4244 Hebraice
312 4197 341 4243 et
367 4183 485 4244 Latine.
528 4179 654 4242 Crassus
681 4185 713 4242 in
733 4182 839 4242 Diario
865 4180 1019 4242 electionis
1041 4190 1071 4240 et
1097 4197 1225 4238 corona·

131 4267 223 4328 tionis
247 4267 357 4329 Leonis
378 4267 442 4330 X.:
460 4299 498 4315 ·-
514 4266 547 4327 in
562 4265 662 4328 medio
679 4266 767 4327 uadit
783 4267 854 4342 ille,
879 4267 935 4352 qai
953 4264 1083 4326 άίοιιιιιιι
1106 4261 1226 4345 estepi-
