2975 4892
342 261 463 364 5⁶4-
521 330 524 338 -
575 288 631 350 ro.
661 287 741 350 nn
770 278 1231 350 nusru'oounnunnn
1303 298 1316 331 ι

339 449 407 520 nis,
429 450 561 507 terream
581 457 696 506 notua·
726 439 834 528 parui.
887 441 1013 503 Claram
1031 451 1101 521 est,
1133 437 1211 505 nibil
1226 432 1303 499 alind
1323 454 1398 518 quan

340 533 472 602 acaciam
494 527 654 607 designari.

345 631 348 642 ’
421 611 481 672 Sed
501 631 595 692 quare
606 610 732 670 Aeacius
744 618 775 668 et
784 605 985 672 Anaximene
997 606 1188 692 appellarunt
1206 605 1260 666 bos
1269 601 1398 664 escum

340 695 457 756 Dicam.
500 694 627 754 Veteres
666 691 775 760 harum
802 711 953 773 nugarum
979 693 1056 753 nibil
1086 700 1216 765 norant,
1252 687 1301 748 sed
1328 684 1398 744 ebu-

339 789 405 852 tas,
425 777 485 840 boc
502 787 546 836 ast
574 774 787 850 membranas,
807 771 944 855 τόμους,
960 785 1113 859 segmenta
1142 770 1328 834 membranae
1343 788 1398 827 eun·

342 858 466 936 voluta,
500 857 635 936 rotulos,
669 861 755 939 pipas
780 857 948 938 gestabant.
994 861 1061 921 Hoc
1082 860 1115 916 in
1134 858 1306 916 universnm
1322 850 1398 910 ond-

341 943 401 1004 bus
420 945 451 1002 in
481 941 636 1022 publicum
667 938 919 1022 procedentibus,
951 942 1024 1002 risis
1054 941 1252 1019 soeminisque
1267 953 1399 996 muninus

339 1036 428 1103 erat,
447 1036 482 1085 nt
500 1027 553 1106 qui
571 1036 624 1084 aut
645 1043 725 1104 quae
743 1017 950 1105 manipulum,
984 1045 1144 1107 mappam,
1166 1022 1317 1082 sudarium
1329 1016 1399 1076 alter·

338 1119 408 1168 utra
432 1126 523 1167 manu
543 1127 606 1168 non
634 1106 778 1181 deferret,
809 1106 902 1168 ferret
921 1108 1115 1168 membranae
1135 1113 1335 1186 segmentum,
1353 1102 1399 1160 sits

339 1190 559 1265 convolutum,
582 1191 645 1250 sive
667 1210 701 1248 ex
722 1209 784 1249 una
804 1201 924 1252 tantum
943 1194 1131 1252 extremitate
1152 1209 1247 1247 mann
1263 1193 1398 1258 matun,

338 1283 454 1334 caetera
483 1271 684 1355 praependere
715 1275 918 1352 promissum,
942 1276 1007 1334 sive
1025 1272 1151 1334 dimidia
1173 1293 1210 1331 ex
1235 1279 1317 1351 parte
1334 1285 1399 1348 prae·

336 1356 497 1437 pendens,
521 1355 670 1416 ambabus
698 1365 800 1414 autem
831 1356 1074 1418 extremitatibus
1101 1352 1360 1436 comprehensum,
1375 1357 1399 1406 nt

337 1440 568 1504 commentarios
587 1457 695 1500 rernm·
709 1438 740 1497 in
758 1436 882 1518 pnblieo
893 1451 947 1500 aut
967 1451 1119 1523 gestatum
1131 1457 1150 1498 a
1161 1459 1196 1499 se
1210 1448 1264 1498 ant
1283 1431 1398 1518 gerarde

335 1541 417 1581 rurn.
458 1521 666 1602 imperatores
692 1531 808 1595 autem,
842 1523 901 1583 nisi
940 1543 1082 1605 mappam
1115 1528 1271 1603 gererent,
1296 1517 1399 1578 amciaa

336 1623 390 1664 sen
424 1602 617 1664 membranae
648 1616 856 1685 segmenttan,
889 1604 1026 1666 libellum
1058 1603 1241 1688 supplicem,
1262 1599 1397 1683 gerebatis

337 1707 429 1768 quem
443 1685 553 1747 sibiin
575 1686 728 1767 publicum
743 1688 976 1768 procedentibus
996 1687 1107 1771 plebeii
1127 1685 1314 1747 obtulissent.
1331 1674 1399 1759 Quod

337 1771 434 1850 igitur
446 1769 521 1830 tales
542 1767 662 1829 libellos
692 1770 842 1851 supplices
862 1767 1008 1848 ὠτάκως,
1032 1762 1398 1848 cemmer‚·.ebsq1¹eu¹l⁸

337 1857 497 1933 asperitate
514 1861 544 1912 at
572 1855 753 1927 morositate,
789 1864 819 1914 et
836 1849 1036 1928 ἀνεξικάκως,
1060 1875 1132 1914 cum
1152 1849 1314 1933 tranquilla
1331 1844 1397 1907 nole

336 1939 463 1996 uiarum
484 1957 502 1996 a
525 1936 652 1997 subditis
679 1937 742 1998 suis
764 1935 822 1996 sibi
844 1947 1016 1997 creatarum
1030 1941 1061 1997 in
1083 1936 1214 2018 legendo
1234 1944 1265 1995 et
1278 1928 1396 1993 audiendo

336 2017 497 2078 tolerantia
524 2021 726 2100 susciperent,
750 2030 804 2078 aut
820 2039 898 2079 sane
920 2019 1068 2081 deberent
1084 2023 1161 2080 sttsci
1245 2065 1254 2088 ‚
1276 2013 1396 2098 praedia·

334 2097 389 2161 bat
414 2111 467 2162 aut
489 2099 595 2162 saltem
622 2101 805 2161 admonebat
833 2109 1122 2184 utrumquenomen
1145 2095 1266 2162 ακακία
1283 2089 1396 2165 uireb-

334 2183 441 2244 κακία.
480 2177 614 2244 ’Axuxe'a
636 2186 718 2244 enim
740 2187 830 2245 novis
850 2185 975 2246 Graecis
996 2195 1042 2246 est
1055 2187 1235 2256 clementia5
1257 2181 1315 2242 vid.
1333 2179 1398 2237 Νῆα·

334 2265 541 2328 tas-chonias.
560 2287 589 2346 p.
604 2265 656 2344 ad.
679 2267 762 2342 (3.4.
803 2269 893 2328 luitio
914 2268 1040 2350 quidem
1073 2268 1148 2328 nudi
1166 2264 1261 2327 rotuli
1278 2260 1396 2324 meinba-

333 2350 418 2408 naoei
445 2347 645 2409 tradebantur
672 2371 691 2409 a
711 2349 897 2432 supplicibus
923 2351 1122 2433 Imperatori,
1155 2350 1298 2428 deinceps
1321 2355 1396 2403 auten

332 2429 507 2507 ordinatum
531 2430 608 2508 fuit,
630 2441 665 2492 ut
685 2434 844 2516 quidquid·
865 2436 929 2494 eins
954 2438 1071 2516 gener-is
1093 2434 1275 2512 imperatori
1290 2427 1395 2490 undere

332 2523 396 2586 tur,
413 2535 475 2574 non
488 2514 544 2574 nisi
557 2514 684 2575 sindone
702 2517 796 2577 serica
816 2514 931 2589 subtili,
953 2513 1034 2592 μετὰ
1047 2514 1237 2592 perdilas,
1257 2509 1396 2574 involutum

332 2596 512 2662 traderetur.
554 2600 693 2658 Manavit
716 2597 768 2659 ille
796 2619 862 2659 mos
887 2599 1006 2660 libellos
1033 2598 1199 2680 supplices,
1225 2600 1295 2656 item
1309 2593 1395 2653 tinea

332 2699 530 2761 quascunque
553 2684 657 2742 sericis
670 2681 799 2764 capsulis
823 2681 998 2743 includendi
1019 2695 1051 2743 et
1063 2683 1119 2742 has
1144 2681 1283 2762 capsulas
1300 2676 1395 2737 deuon

333 2761 513 2842 obsignandi
537 2785 555 2822 a
577 2765 700 2824 Graecis
715 2763 755 2823 ad
773 2759 940 2824 Saracenos
962 2775 993 2824 et
1010 2766 1148 2842 Turesis,
1172 2776 1209 2824 ut
1229 2761 1353 2843 pluribus
1367 2753 1395 2811 ad

330 2845 517 2906 'Abulfetlam
538 2846 654 2919 dicam,
680 2857 710 2906 et
737 2845 786 2906 vel
808 2867 827 2904 e
848 2845 913 2906 solo
930 2848 1081 2908 anbelio
1099 2857 1223 2908 constat
1242 2835 1394 2926 p-76.,11l)l

334 2929 399 3004 ait,
420 2949 451 2988 se
465 2927 748 2990 litteras-Solimani
781 2928 821 2988 ad
838 2930 1067 2990 Ferdinandum
1091 2931 1304 3012 imperatorem
1317 2939 1396 3007 poam

331 3026 423 3070 anno
448 3023 586 3073 uermes
611 3013 778 3091 obsignatas
816 3016 968 3096 aceepr'sse.
1010 3014 1128 3074 Latinis
1144 3013 1238 3073 medii
1254 3009 1315 3070 aevi
1333 3003 1394 3064 iden

330 3093 362 3150 in
388 3111 445 3174 usq
465 3103 549 3169 erat,
569 3103 605 3152 nt
623 3115 640 3154 e
656 3095 707 3154 Du
725 3093 840 3174 Gangio
859 3116 891 3162 v.
914 3096 1069 3178 Armigeri
1083 3106 1222 3171 constat,
1246 3093 1296 3152 ubi
1311 3087 1394 3163 imagi·

330 3193 401 3234 nem
418 3174 521 3237 Caroli
549 3173 635 3236 Calvi
664 3197 683 3236 a
706 3175 829 3237 Balnzio
857 3199 888 3259 p.
909 3178 999 3263 1278.
1022 3178 1157 3260 Capitnl.
1177 3179 1286 3238 Franc.
1306 3171 1394 3232 editam

328 3254 482 3338 illustrat,
502 3259 534 3317 in
557 3279 617 3339 qna
629 3270 701 3321 tres
728 3258 870 3321 monachi
892 3283 1014 3322 sacrum
1036 3263 1174 3327 codicem
1201 3257 1305 3321 Cnrolo
1317 3251 1394 3336 perri-

332 3347 409 3426 gunt
429 3343 561 3419 pretioso
586 3363 687 3423 panno
718 3343 914 3404 involutum:
944 3366 1007 3405 mes
1030 3348 1144 3429 quippe
1164 3346 1192 3404 is
1209 3340 1290 3425 apud
1312 3353 1392 3396 mom·

328 3423 397 3481 cleos
413 3424 641 3500 observabatur,
663 3424 758 3485 verba
777 3437 850 3486 sunt
869 3427 922 3486 Du
945 3428 1065 3509 Cangii,
1088 3441 1123 3487 ut
1137 3427 1270 3495 codices,
1290 3411 1395 3508 quot&

328 3503 484 3582 legendum
507 3509 711 3590 accipiebant,
739 3522 858 3569 manate
900 3511 905 3523 '
952 3511 1161 3586 devolverent,
1191 3523 1226 3568 ut
1246 3517 1287 3566 est
1302 3505 1390 3579 mept-

326 3587 404 3644 stola
424 3588 687 3649 Theodamariud
708 3590 852 3655 Catulttm
908 3635 937 3667 .,
967 3614 1044 3676 quae
1067 3591 1253 3672 manutergia
1279 3581 1390 3655 Mill*

327 3665 471 3740 librorum
499 3686 609 3768 vocam
638 3686 746 3733 statuta
772 3677 897 3759 αιιιιὴιια
917 3675 1161 3736 Certustensium.
1206 3667 1390 3733 Videntetilt·

327 3767 388 3886 tt?
407 3752 679 3919 tttfitlsssssld
699 3758 1320 3919 {ffitttiffltltffl
1336 3763 1388 3887 tt

324 3913 507 4002 procedere,
539 3931 574 3978 ut
600 3921 736 4002 querelas
766 3933 797 3982 et
830 3923 1065 4005 supplicationes
1104 3925 1218 3986 eivitnn
1248 3916 1387 3996 accipltflls

325 3994 479 4092 monachi,
501 4000 646 4081 inquam,
669 4015 722 4064 ant
739 4007 913 4085 ignorantes
927 4006 1019 4067 baim
1030 4010 1140 4068 vetusti
1149 4005 1240 4066 moris
1254 4001 1386 4062 adonem

326 4085 379 4134 aut
400 4076 621 4146 dissimulantes
644 4098 675 4154 et
706 4087 821 4168 ubique
849 4092 1007 4171 mysticam
1036 4111 1125 4150 suam
1153 4084 1365 4174 theologiam?

326 4153 461 4253 alogiam
477 4167 576 4263 potins
592 4172 733 4262 ingerere
746 4172 901 4243 studentes
916 4216 926 4256 ,
940 4184 1159 4272 persuaserunt
1168 4160 1386 4266 lmpfflwssfflt
