<?xml version="1.0" encoding="UTF-8"?>
<!DOCTYPE html PUBLIC "-//W3C//DTD XHTML 1.0 Transitional//EN"
    "http://www.w3.org/TR/xhtml1/DTD/xhtml1-transitional.dtd">
<html xmlns="http://www.w3.org/1999/xhtml" xml:lang="en" lang="en">
 <head>
  <title>
</title>
<meta http-equiv="Content-Type" content="text/html;charset=utf-8" />
  <meta name='ocr-system' content='tesseract 3.04.00' />
  <meta name='ocr-capabilities' content='ocr_page ocr_carea ocr_par ocr_line ocrx_word'/>
</head>
<body>
  <div class='ocr_page' id='page_1' title='image "./corpusscriptoru45theogoog_0125.png"; bbox 0 0 2975 4892; ppageno 0'>
   <div class='ocr_carea' id='block_1_1' title="bbox 333 287 1460 552">
    <p class='ocr_par' dir='ltr' id='par_1_1' title="bbox 333 287 1460 552">
     <span class='ocr_line' id='line_1_1' title="bbox 333 287 1238 378; baseline 0.004 -8"><span class='ocrx_word' id='word_1_1' title='bbox 333 315 339 332; x_wconf 71' lang='lat'><strong><em>¹</em></strong></span> <span class='ocrx_word' id='word_1_2' title='bbox 374 287 493 374; x_wconf 80' lang='lat'>&#39;116-</span> <span class='ocrx_word' id='word_1_3' title='bbox 577 313 632 378; x_wconf 85' lang='lat' dir='ltr'>to.</span> <span class='ocrx_word' id='word_1_4' title='bbox 662 313 741 378; x_wconf 83' lang='lat' dir='ltr'>no.</span> <span class='ocrx_word' id='word_1_5' title='bbox 777 314 924 376; x_wconf 73' lang='lat' dir='ltr'>ausin</span> <span class='ocrx_word' id='word_1_6' title='bbox 952 311 1238 377; x_wconf 77' lang='lat' dir='ltr'>coammraan</span> 
     </span>
     <span class='ocr_line' id='line_1_2' title="bbox 461 427 1460 552; baseline -0.004 -22"><span class='ocrx_word' id='word_1_7' title='bbox 461 465 783 552; x_wconf 82' lang='lat' dir='ltr'>rr.G.7.[18‚1r.]</span> <span class='ocrx_word' id='word_1_8' title='bbox 833 427 1024 547; x_wconf 64' lang='grc' dir='ltr'>ὅῖργυρος.</span> <span class='ocrx_word' id='word_1_9' title='bbox 1077 465 1135 526; x_wconf 87' lang='lat' dir='ltr'>Est</span> <span class='ocrx_word' id='word_1_10' title='bbox 1160 463 1378 546; x_wconf 76' lang='lat' dir='ltr'>Argaitartas,</span> <span class='ocrx_word' id='word_1_11' title='bbox 1411 485 1460 526; x_wconf 75' lang='lat' dir='ltr'>se</span> 
     </span>
    </p>
   </div>
   <div class='ocr_carea' id='block_1_2' title="bbox 295 547 1460 3951">
    <p class='ocr_par' dir='ltr' id='par_1_2' title="bbox 295 547 1460 2044">
     <span class='ocr_line' id='line_1_3' title="bbox 374 547 1460 632; baseline -0.005 -19"><span class='ocrx_word' id='word_1_12' title='bbox 374 549 607 629; x_wconf 81' lang='lat' dir='ltr'><strong>nummularius,</strong></span> <span class='ocrx_word' id='word_1_13' title='bbox 627 554 797 632; x_wconf 86' lang='lat' dir='ltr'>trapezites,</span> <span class='ocrx_word' id='word_1_14' title='bbox 819 547 1124 625; x_wconf 86' lang='lat' dir='ltr'>cambiatoraulicus,</span> <span class='ocrx_word' id='word_1_15' title='bbox 1144 551 1198 630; x_wconf 86' lang='lat' dir='ltr'>qui</span> <span class='ocrx_word' id='word_1_16' title='bbox 1208 550 1381 629; x_wconf 85' lang='lat' dir='ltr'>pecuniam,</span> <span class='ocrx_word' id='word_1_17' title='bbox 1403 569 1460 629; x_wconf 93' lang='lat' dir='ltr'>qu</span> 
     </span>
     <span class='ocr_line' id='line_1_4' title="bbox 373 630 1460 718; baseline -0.006 -22"><span class='ocrx_word' id='word_1_18' title='bbox 373 657 450 718; x_wconf 88' lang='lat' dir='ltr'>opus</span> <span class='ocrx_word' id='word_1_19' title='bbox 469 646 524 706; x_wconf 87' lang='lat' dir='ltr'>est,</span> <span class='ocrx_word' id='word_1_20' title='bbox 547 643 714 716; x_wconf 88' lang='lat' dir='ltr'>comparat,</span> <span class='ocrx_word' id='word_1_21' title='bbox 738 643 769 694; x_wconf 91' lang='lat' dir='ltr'>et</span> <span class='ocrx_word' id='word_1_22' title='bbox 786 654 875 714; x_wconf 89' lang='lat' dir='ltr'>rogas</span> <span class='ocrx_word' id='word_1_23' title='bbox 894 643 986 712; x_wconf 75' lang='lat' dir='ltr'>atque</span> <span class='ocrx_word' id='word_1_24' title='bbox 1002 631 1129 692; x_wconf 86' lang='lat' dir='ltr'>donaria</span> <span class='ocrx_word' id='word_1_25' title='bbox 1148 630 1336 712; x_wconf 78' lang='lat' dir='ltr'>imperialia,</span> <span class='ocrx_word' id='word_1_26' title='bbox 1357 652 1460 690; x_wconf 85' lang='lat' dir='ltr'>sacco</span> 
     </span>
     <span class='ocr_line' id='line_1_5' title="bbox 373 714 1460 800; baseline -0.005 -21"><span class='ocrx_word' id='word_1_27' title='bbox 373 715 578 800; x_wconf 79' lang='lat' dir='ltr'>largitionales</span> <span class='ocrx_word' id='word_1_28' title='bbox 596 717 635 776; x_wconf 89' lang='lat' dir='ltr'>ab</span> <span class='ocrx_word' id='word_1_29' title='bbox 658 717 842 797; x_wconf 87' lang='lat' dir='ltr'>Imperatore</span> <span class='ocrx_word' id='word_1_30' title='bbox 865 714 1109 792; x_wconf 86' lang='lat' dir='ltr'>distribuendos,</span> <span class='ocrx_word' id='word_1_31' title='bbox 1141 716 1313 796; x_wconf 87' lang='lat' dir='ltr'>praeposito</span> <span class='ocrx_word' id='word_1_32' title='bbox 1351 714 1460 774; x_wconf 88' lang='lat' dir='ltr'>tradit</span> 
     </span>
     <span class='ocr_line' id='line_1_6' title="bbox 372 796 1454 880; baseline -0.006 -18"><span class='ocrx_word' id='word_1_33' title='bbox 372 799 518 862; x_wconf 88' lang='lat' dir='ltr'>Eiusdem</span> <span class='ocrx_word' id='word_1_34' title='bbox 541 797 629 860; x_wconf 87' lang='lat' dir='ltr'>sim&#39;ul</span> <span class='ocrx_word' id='word_1_35' title='bbox 651 810 736 875; x_wconf 87' lang='lat' dir='ltr'>erat,</span> <span class='ocrx_word' id='word_1_36' title='bbox 759 821 831 874; x_wconf 90' lang='lat' dir='ltr'>eos,</span> <span class='ocrx_word' id='word_1_37' title='bbox 853 800 905 879; x_wconf 82' lang='lat' dir='ltr'>qui</span> <span class='ocrx_word' id='word_1_38' title='bbox 920 797 1112 880; x_wconf 81' lang='lat' dir='ltr'>largitionem</span> <span class='ocrx_word' id='word_1_39' title='bbox 1134 800 1269 878; x_wconf 87' lang='lat' dir='ltr'>accipere</span> <span class='ocrx_word' id='word_1_40' title='bbox 1289 796 1454 856; x_wconf 86' lang='lat' dir='ltr'>deberent</span> 
     </span>
     <span class='ocr_line' id='line_1_7' title="bbox 372 879 1460 962; baseline -0.005 -18"><span class='ocrx_word' id='word_1_41' title='bbox 372 881 578 960; x_wconf 88' lang='lat' dir='ltr'>nomenclare‚</span> <span class='ocrx_word' id='word_1_42' title='bbox 594 903 647 942; x_wconf 90' lang='lat' dir='ltr'>seu</span> <span class='ocrx_word' id='word_1_43' title='bbox 670 883 849 942; x_wconf 86' lang='lat' dir='ltr'>nominatim</span> <span class='ocrx_word' id='word_1_44' title='bbox 863 902 1001 954; x_wconf 86' lang='lat' dir='ltr'>evocare,</span> <span class='ocrx_word' id='word_1_45' title='bbox 1024 893 1059 941; x_wconf 91' lang='lat' dir='ltr'>ut</span> <span class='ocrx_word' id='word_1_46' title='bbox 1068 901 1104 940; x_wconf 85' lang='lat' dir='ltr'>ex</span> <span class='ocrx_word' id='word_1_47' title='bbox 1119 880 1177 940; x_wconf 90' lang='lat' dir='ltr'>hoc</span> <span class='ocrx_word' id='word_1_48' title='bbox 1190 879 1256 940; x_wconf 91' lang='lat' dir='ltr'>loco</span> <span class='ocrx_word' id='word_1_49' title='bbox 1268 890 1364 962; x_wconf 87' lang='lat' dir='ltr'>patet.</span> <span class='ocrx_word' id='word_1_50' title='bbox 1417 881 1460 940; x_wconf 84' lang='lat' dir='ltr'>ct</span> 
     </span>
     <span class='ocr_line' id='line_1_8' title="bbox 374 961 1460 1047; baseline -0.003 -21"><span class='ocrx_word' id='word_1_51' title='bbox 374 989 406 1047; x_wconf 89' lang='lat' dir='ltr'>p.</span> <span class='ocrx_word' id='word_1_52' title='bbox 431 963 482 1043; x_wconf 74' lang='lat' dir='ltr'>dt.</span> <span class='ocrx_word' id='word_1_53' title='bbox 506 966 541 1026; x_wconf 93' lang='lat' dir='ltr'>C.</span> <span class='ocrx_word' id='word_1_54' title='bbox 565 978 596 1026; x_wconf 88' lang='lat' dir='ltr'>et</span> <span class='ocrx_word' id='word_1_55' title='bbox 615 967 728 1026; x_wconf 85' lang='lat' dir='ltr'>Murat.</span> <span class='ocrx_word' id='word_1_56' title='bbox 754 965 829 1025; x_wconf 81' lang='lat' dir='ltr'>Ant.</span> <span class='ocrx_word' id='word_1_57' title='bbox 853 964 920 1024; x_wconf 85' lang='lat' dir='ltr'>ltal.</span> <span class='ocrx_word' id='word_1_58' title='bbox 945 965 984 1023; x_wconf 88' lang='lat' dir='ltr'>T.</span> <span class='ocrx_word' id='word_1_59' title='bbox 1001 964 1027 1022; x_wconf 92' lang='lat' dir='ltr'>l.</span> <span class='ocrx_word' id='word_1_60' title='bbox 1053 984 1085 1045; x_wconf 88' lang='lat' dir='ltr'>p.</span> <span class='ocrx_word' id='word_1_61' title='bbox 1108 961 1182 1040; x_wconf 70' lang='grc'><strong>884.</strong></span> <span class='ocrx_word' id='word_1_62' title='bbox 1226 962 1317 1044; x_wconf 80' lang='lat' dir='ltr'>Apud</span> <span class='ocrx_word' id='word_1_63' title='bbox 1327 962 1460 1024; x_wconf 72' lang='lat' dir='ltr'>eunder,</span> 
     </span>
     <span class='ocr_line' id='line_1_9' title="bbox 375 1043 1460 1130; baseline -0.003 -18"><span class='ocrx_word' id='word_1_64' title='bbox 375 1051 414 1112; x_wconf 86' lang='grc' dir='ltr'>Τ.</span> <span class='ocrx_word' id='word_1_65' title='bbox 439 1051 481 1110; x_wconf 94' lang='lat'>11.</span> <span class='ocrx_word' id='word_1_66' title='bbox 503 1071 535 1130; x_wconf 92' lang='lat' dir='ltr'>p.</span> <span class='ocrx_word' id='word_1_67' title='bbox 558 1043 630 1110; x_wconf 76' lang='lat'><strong>8&#39;12.</strong></span> <span class='ocrx_word' id='word_1_68' title='bbox 654 1060 699 1110; x_wconf 87' lang='lat' dir='ltr'>est</span> <span class='ocrx_word' id='word_1_69' title='bbox 720 1047 845 1125; x_wconf 82' lang='lat' dir='ltr'>charta,</span> <span class='ocrx_word' id='word_1_70' title='bbox 878 1048 927 1107; x_wconf 90' lang='lat' dir='ltr'>cui</span> <span class='ocrx_word' id='word_1_71' title='bbox 948 1045 1035 1106; x_wconf 89' lang='lat' dir='ltr'>multi</span> <span class='ocrx_word' id='word_1_72' title='bbox 1057 1045 1200 1107; x_wconf 85' lang='lat' dir='ltr'>officiales</span> <span class='ocrx_word' id='word_1_73' title='bbox 1219 1046 1333 1106; x_wconf 90' lang='lat' dir='ltr'>domini</span> <span class='ocrx_word' id='word_1_74' title='bbox 1357 1046 1460 1127; x_wconf 83' lang='lat' dir='ltr'>Papa</span> 
     </span>
     <span class='ocr_line' id='line_1_10' title="bbox 373 1129 1460 1211; baseline -0.001 -19"><span class='ocrx_word' id='word_1_75' title='bbox 373 1143 428 1192; x_wconf 89' lang='lat' dir='ltr'>aut</span> <span class='ocrx_word' id='word_1_76' title='bbox 448 1143 567 1192; x_wconf 87' lang='lat' dir='ltr'>sanctae</span> <span class='ocrx_word' id='word_1_77' title='bbox 588 1132 733 1191; x_wconf 78' lang='lat' dir='ltr'>Gamerae</span> <span class='ocrx_word' id='word_1_78' title='bbox 753 1131 1012 1211; x_wconf 85' lang='lat' dir='ltr'>subscripserunt,</span> <span class='ocrx_word' id='word_1_79' title='bbox 1037 1141 1068 1189; x_wconf 91' lang='lat' dir='ltr'>et</span> <span class='ocrx_word' id='word_1_80' title='bbox 1087 1133 1166 1191; x_wconf 88' lang='lat' dir='ltr'>inter</span> <span class='ocrx_word' id='word_1_81' title='bbox 1178 1151 1230 1190; x_wconf 91' lang='lat' dir='ltr'>eos</span> <span class='ocrx_word' id='word_1_82' title='bbox 1245 1133 1334 1190; x_wconf 84' lang='lat' dir='ltr'>etiam</span> <span class='ocrx_word' id='word_1_83' title='bbox 1346 1129 1460 1211; x_wconf 82' lang='lat' dir='ltr'>aliqui</span> 
     </span>
     <span class='ocr_line' id='line_1_11' title="bbox 370 1213 1460 1295; baseline 0 -21"><span class='ocrx_word' id='word_1_84' title='bbox 370 1215 531 1290; x_wconf 36' lang='lat' dir='ltr'>‚Pcsckalis</span> <span class='ocrx_word' id='word_1_85' title='bbox 543 1215 693 1275; x_wconf 82' lang='lat' dir='ltr'>cambitor.</span> <span class='ocrx_word' id='word_1_86' title='bbox 738 1214 874 1274; x_wconf 88' lang='lat' dir='ltr'>Dubium</span> <span class='ocrx_word' id='word_1_87' title='bbox 894 1235 956 1273; x_wconf 93' lang='lat' dir='ltr'>non</span> <span class='ocrx_word' id='word_1_88' title='bbox 969 1225 1025 1289; x_wconf 85' lang='lat' dir='ltr'>est,</span> <span class='ocrx_word' id='word_1_89' title='bbox 1046 1233 1116 1272; x_wconf 89' lang='lat' dir='ltr'>eum</span> <span class='ocrx_word' id='word_1_90' title='bbox 1136 1234 1258 1295; x_wconf 83' lang='lat' dir='ltr'>quoque</span> <span class='ocrx_word' id='word_1_91' title='bbox 1277 1213 1316 1273; x_wconf 89' lang='lat' dir='ltr'>ad</span> <span class='ocrx_word' id='word_1_92' title='bbox 1335 1225 1460 1294; x_wconf 85' lang='lat' dir='ltr'>aposto</span> 
     </span>
     <span class='ocr_line' id='line_1_12' title="bbox 374 1295 1460 1379; baseline 0 -23"><span class='ocrx_word' id='word_1_93' title='bbox 374 1295 468 1358; x_wconf 87' lang='lat' dir='ltr'>licum</span> <span class='ocrx_word' id='word_1_94' title='bbox 494 1298 693 1358; x_wconf 86' lang='lat' dir='ltr'>ministeriam</span> <span class='ocrx_word' id='word_1_95' title='bbox 722 1298 911 1379; x_wconf 87' lang='lat' dir='ltr'>pertinuisse.</span> <span class='ocrx_word' id='word_1_96' title='bbox 956 1297 1018 1373; x_wconf 88' lang='lat' dir='ltr'>Qui</span> <span class='ocrx_word' id='word_1_97' title='bbox 1045 1296 1157 1356; x_wconf 86' lang='lat' dir='ltr'>ibidem</span> <span class='ocrx_word' id='word_1_98' title='bbox 1178 1296 1366 1379; x_wconf 88' lang='lat' dir='ltr'>praecedunt</span> <span class='ocrx_word' id='word_1_99' title='bbox 1386 1301 1460 1356; x_wconf 69' lang='lat' dir='ltr'>vasa</span> 
     </span>
     <span class='ocr_line' id='line_1_13' title="bbox 371 1379 1460 1464; baseline 0.004 -26"><span class='ocrx_word' id='word_1_100' title='bbox 371 1383 426 1455; x_wconf 81' lang='lat' dir='ltr'>rii,</span> <span class='ocrx_word' id='word_1_101' title='bbox 449 1381 592 1442; x_wconf 84' lang='lat' dir='ltr'>videntur</span> <span class='ocrx_word' id='word_1_102' title='bbox 611 1401 675 1442; x_wconf 88' lang='lat' dir='ltr'>esse</span> <span class='ocrx_word' id='word_1_103' title='bbox 691 1384 864 1464; x_wconf 83' lang='lat' dir='ltr'>pincernae,</span> <span class='ocrx_word' id='word_1_104' title='bbox 887 1390 923 1438; x_wconf 88' lang='lat' dir='ltr'>ut</span> <span class='ocrx_word' id='word_1_105' title='bbox 943 1400 1074 1460; x_wconf 89' lang='lat' dir='ltr'>quorum</span> <span class='ocrx_word' id='word_1_106' title='bbox 1093 1390 1170 1440; x_wconf 85' lang='lat' dir='ltr'>esset</span> <span class='ocrx_word' id='word_1_107' title='bbox 1189 1379 1269 1440; x_wconf 91' lang='lat' dir='ltr'>dolia</span> <span class='ocrx_word' id='word_1_108' title='bbox 1281 1383 1406 1440; x_wconf 87' lang='lat' dir='ltr'>vinaria</span> <span class='ocrx_word' id='word_1_109' title='bbox 1424 1384 1460 1442; x_wconf 89' lang='lat' dir='ltr'>vi</span> 
     </span>
     <span class='ocr_line' id='line_1_14' title="bbox 375 1462 1460 1544; baseline 0.002 -21"><span class='ocrx_word' id='word_1_110' title='bbox 375 1485 451 1540; x_wconf 86' lang='lat' dir='ltr'>scre,</span> <span class='ocrx_word' id='word_1_111' title='bbox 475 1463 507 1525; x_wconf 91' lang='lat' dir='ltr'>id</span> <span class='ocrx_word' id='word_1_112' title='bbox 528 1475 572 1525; x_wconf 88' lang='lat' dir='ltr'>est</span> <span class='ocrx_word' id='word_1_113' title='bbox 591 1466 701 1524; x_wconf 80' lang='lat' dir='ltr'>iniecta</span> <span class='ocrx_word' id='word_1_114' title='bbox 721 1463 823 1524; x_wconf 90' lang='lat' dir='ltr'>bolide</span> <span class='ocrx_word' id='word_1_115' title='bbox 843 1462 1021 1544; x_wconf 84' lang='lat' dir='ltr'>explorare,</span> <span class='ocrx_word' id='word_1_116' title='bbox 1041 1473 1189 1544; x_wconf 75' lang='lat' dir='ltr'>quantum</span> <span class='ocrx_word' id='word_1_117' title='bbox 1213 1465 1284 1524; x_wconf 89' lang='lat' dir='ltr'>insit</span> <span class='ocrx_word' id='word_1_118' title='bbox 1311 1465 1403 1540; x_wconf 89' lang='lat' dir='ltr'>vini,</span> <span class='ocrx_word' id='word_1_119' title='bbox 1446 1484 1460 1525; x_wconf 81' lang='grc' dir='ltr'>ε</span> 
     </span>
     <span class='ocr_line' id='line_1_15' title="bbox 375 1546 1460 1628; baseline 0.003 -24"><span class='ocrx_word' id='word_1_120' title='bbox 375 1549 461 1606; x_wconf 86' lang='lat' dir='ltr'>cuius</span> <span class='ocrx_word' id='word_1_121' title='bbox 482 1559 581 1607; x_wconf 88' lang='lat' dir='ltr'>notae.</span> <span class='ocrx_word' id='word_1_122' title='bbox 627 1547 664 1606; x_wconf 92' lang='lat' dir='ltr'>ln</span> <span class='ocrx_word' id='word_1_123' title='bbox 684 1547 790 1606; x_wconf 89' lang='lat' dir='ltr'>Laudo</span> <span class='ocrx_word' id='word_1_124' title='bbox 814 1548 910 1606; x_wconf 83' lang='lat' dir='ltr'>veteri</span> <span class='ocrx_word' id='word_1_125' title='bbox 931 1546 1012 1626; x_wconf 87' lang='lat' dir='ltr'>apud</span> <span class='ocrx_word' id='word_1_126' title='bbox 1025 1547 1076 1605; x_wconf 92' lang='lat' dir='ltr'>Du</span> <span class='ocrx_word' id='word_1_127' title='bbox 1090 1547 1192 1628; x_wconf 82' lang='lat' dir='ltr'>Gange</span> <span class='ocrx_word' id='word_1_128' title='bbox 1205 1546 1256 1606; x_wconf 89' lang='lat' dir='ltr'>Gl.</span> <span class='ocrx_word' id='word_1_129' title='bbox 1272 1546 1309 1604; x_wconf 90' lang='lat' dir='ltr'>L.</span> <span class='ocrx_word' id='word_1_130' title='bbox 1322 1566 1357 1606; x_wconf 82' lang='lat' dir='ltr'>v.</span> <span class='ocrx_word' id='word_1_131' title='bbox 1376 1546 1460 1607; x_wconf 83' lang='lat' dir='ltr'>Ana</span> 
     </span>
     <span class='ocr_line' id='line_1_16' title="bbox 295 1627 1460 1714; baseline 0.002 -27"><span class='ocrx_word' id='word_1_132' title='bbox 295 1663 299 1671; x_wconf 95' lang='lat'>·</span> <span class='ocrx_word' id='word_1_133' title='bbox 373 1628 503 1709; x_wconf 80' lang='lat' dir='ltr'>glisswn,</span> <span class='ocrx_word' id='word_1_134' title='bbox 527 1630 679 1691; x_wconf 86' lang='lat' dir='ltr'>habentur</span> <span class='ocrx_word' id='word_1_135' title='bbox 701 1629 874 1714; x_wconf 74' lang='lat' dir='ltr'>Cartpsms</span> <span class='ocrx_word' id='word_1_136' title='bbox 885 1627 1014 1688; x_wconf 85' lang='lat' dir='ltr'>Domini</span> <span class='ocrx_word' id='word_1_137' title='bbox 1025 1628 1213 1713; x_wconf 62' lang='lat' dir='ltr'>Antiopam</span> <span class='ocrx_word' id='word_1_138' title='bbox 1234 1632 1247 1688; x_wconf 84' lang='grc' dir='ltr'>ι’</span> <span class='ocrx_word' id='word_1_139' title='bbox 1267 1629 1460 1690; x_wconf 69' lang='lat' dir='ltr'>Coloniensat</span> 
     </span>
     <span class='ocr_line' id='line_1_17' title="bbox 376 1651 1460 1796; baseline -0.001 -24"><span class='ocrx_word' id='word_1_140' title='bbox 376 1713 540 1796; x_wconf 82' lang='lat' dir='ltr'>Apponarn</span> <span class='ocrx_word' id='word_1_141' title='bbox 561 1711 674 1789; x_wconf 85' lang='lat' dir='ltr'>locum,</span> <span class='ocrx_word' id='word_1_142' title='bbox 695 1717 767 1794; x_wconf 88' lang='lat' dir='ltr'>quia</span> <span class='ocrx_word' id='word_1_143' title='bbox 790 1711 880 1773; x_wconf 90' lang='lat' dir='ltr'>simul</span> <span class='ocrx_word' id='word_1_144' title='bbox 901 1712 1000 1788; x_wconf 88' lang='lat' dir='ltr'>docet,</span> <span class='ocrx_word' id='word_1_145' title='bbox 1022 1733 1117 1793; x_wconf 88' lang='lat' dir='ltr'>quare</span> <span class='ocrx_word' id='word_1_146' title='bbox 1137 1712 1183 1774; x_wconf 87' lang='lat' dir='ltr'>issi</span> <span class='ocrx_word' id='word_1_147' title='bbox 1202 1651 1339 1772; x_wconf 69' lang='lat' dir='ltr'>diamines</span> <span class='ocrx_word' id='word_1_148' title='bbox 1364 1703 1460 1791; x_wconf 78' lang='grc' dir='ltr'>ἆργυ</span> 
     </span>
     <span class='ocr_line' id='line_1_18' title="bbox 375 1791 1460 1878; baseline 0.005 -25"><span class='ocrx_word' id='word_1_149' title='bbox 375 1791 535 1878; x_wconf 74' lang='grc' dir='ltr'><em>ροπράται</em></span> <span class='ocrx_word' id='word_1_150' title='bbox 553 1795 665 1858; x_wconf 90' lang='lat' dir='ltr'>fuerint</span> <span class='ocrx_word' id='word_1_151' title='bbox 685 1795 838 1878; x_wconf 85' lang='lat' dir='ltr'>appellati.</span> <span class='ocrx_word' id='word_1_152' title='bbox 861 1793 1113 1878; x_wconf 66' lang='lat' dir='ltr'>Danaa„un</span> <span class='ocrx_word' id='word_1_153' title='bbox 1122 1798 1460 1878; x_wconf 64' lang='lat' dir='ltr'>caecepn&#39;scnmpsorffin</span> 
     </span>
     <span class='ocr_line' id='line_1_19' title="bbox 376 1876 1460 1962; baseline 0.003 -25"><span class='ocrx_word' id='word_1_154' title='bbox 376 1876 421 1937; x_wconf 92' lang='lat' dir='ltr'>D.</span> <span class='ocrx_word' id='word_1_155' title='bbox 447 1877 671 1962; x_wconf 74' lang='lat' dir='ltr'>Arrhiepircopi</span> <span class='ocrx_word' id='word_1_156' title='bbox 686 1901 772 1938; x_wconf 76' lang='lat' dir='ltr'>nerto</span> <span class='ocrx_word' id='word_1_157' title='bbox 792 1878 898 1937; x_wconf 76' lang='lat' dir='ltr'>debeat</span> <span class='ocrx_word' id='word_1_158' title='bbox 917 1899 1013 1937; x_wconf 68' lang='lat' dir='ltr'>emere</span> <span class='ocrx_word' id='word_1_159' title='bbox 1040 1878 1214 1958; x_wconf 79' lang='lat' dir='ltr'>argentwn&#39;,</span> <span class='ocrx_word' id='word_1_160' title='bbox 1247 1880 1306 1938; x_wconf 74' lang='lat' dir='ltr'>nin</span> <span class='ocrx_word' id='word_1_161' title='bbox 1324 1879 1372 1937; x_wconf 84' lang='lat' dir='ltr'>cd</span> <span class='ocrx_word' id='word_1_162' title='bbox 1401 1901 1460 1940; x_wconf 79' lang='lat' dir='ltr'>usn</span> 
     </span>
     <span class='ocr_line' id='line_1_20' title="bbox 368 1959 1460 2044; baseline 0.005 -24"><span class='ocrx_word' id='word_1_163' title='bbox 368 1964 625 2043; x_wconf 73' lang='lat' dir='ltr'>peregrinantium</span> <span class='ocrx_word' id='word_1_164' title='bbox 644 1962 697 2020; x_wconf 84' lang='lat' dir='ltr'>vel</span> <span class='ocrx_word' id='word_1_165' title='bbox 706 1962 751 2021; x_wconf 82' lang='lat' dir='ltr'>nd</span> <span class='ocrx_word' id='word_1_166' title='bbox 762 1959 889 2042; x_wconf 70' lang='lat' dir='ltr'>anaglffi</span> <span class='ocrx_word' id='word_1_167' title='bbox 903 1963 1028 2043; x_wconf 83' lang='lat' dir='ltr'>speciem</span> <span class='ocrx_word' id='word_1_168' title='bbox 1046 1975 1250 2044; x_wconf 54' lang='lat' dir='ltr'>cortpcretur.</span> <span class='ocrx_word' id='word_1_169' title='bbox 1286 1960 1460 2042; x_wconf 88' lang='lat' dir='ltr'>Opponitu</span> 
     </span>
    </p>

    <p class='ocr_par' dir='ltr' id='par_1_3' title="bbox 338 2039 1460 3951">
     <span class='ocr_line' id='line_1_21' title="bbox 338 2039 1460 2126; baseline 0.004 -24"><span class='ocrx_word' id='word_1_170' title='bbox 338 2039 342 2048; x_wconf 71' lang='grc'><strong>“</strong></span> <span class='ocrx_word' id='word_1_171' title='bbox 375 2043 426 2102; x_wconf 91' lang='lat' dir='ltr'>hic</span> <span class='ocrx_word' id='word_1_172' title='bbox 454 2058 623 2124; x_wconf 82' lang='lat' dir='ltr'>argentam,</span> <span class='ocrx_word' id='word_1_173' title='bbox 664 2064 718 2104; x_wconf 88' lang='lat' dir='ltr'>seu</span> <span class='ocrx_word' id='word_1_174' title='bbox 756 2041 870 2105; x_wconf 81' lang='lat' dir='ltr'>solidae</span> <span class='ocrx_word' id='word_1_175' title='bbox 899 2053 929 2102; x_wconf 89' lang='lat' dir='ltr'>et</span> <span class='ocrx_word' id='word_1_176' title='bbox 1001 2042 1093 2104; x_wconf 87' lang='lat' dir='ltr'>andes</span> <span class='ocrx_word' id='word_1_177' title='bbox 1120 2043 1215 2105; x_wconf 88' lang='lat' dir='ltr'>moles</span> <span class='ocrx_word' id='word_1_178' title='bbox 1235 2055 1398 2126; x_wconf 82' lang='lat' dir='ltr'>argenteae</span> <span class='ocrx_word' id='word_1_179' title='bbox 1430 2067 1460 2106; x_wconf 79' lang='lat' dir='ltr'>tt</span> 
     </span>
     <span class='ocr_line' id='line_1_22' title="bbox 377 2121 1460 2207; baseline 0.007 -25"><span class='ocrx_word' id='word_1_180' title='bbox 377 2121 520 2202; x_wconf 74' lang='grc' dir='ltr'><em>κέρματι,</em></span> <span class='ocrx_word' id='word_1_181' title='bbox 560 2129 693 2186; x_wconf 86' lang='lat' dir='ltr'>minatae</span> <span class='ocrx_word' id='word_1_182' title='bbox 716 2128 880 2206; x_wconf 87' lang='lat' dir='ltr'>pecuniae,</span> <span class='ocrx_word' id='word_1_183' title='bbox 902 2147 923 2207; x_wconf 86' lang='lat' dir='ltr'>q</span> <span class='ocrx_word' id='word_1_184' title='bbox 976 2131 1000 2186; x_wconf 89' lang='lat' dir='ltr'>&#39;s</span> <span class='ocrx_word' id='word_1_185' title='bbox 1024 2129 1058 2188; x_wconf 91' lang='lat' dir='ltr'>in</span> <span class='ocrx_word' id='word_1_186' title='bbox 1079 2129 1140 2187; x_wconf 86' lang='lat' dir='ltr'>vita</span> <span class='ocrx_word' id='word_1_187' title='bbox 1159 2128 1311 2188; x_wconf 84' lang='lat' dir='ltr'>communi</span> <span class='ocrx_word' id='word_1_188' title='bbox 1334 2147 1400 2188; x_wconf 90' lang='lat' dir='ltr'>usu</span> <span class='ocrx_word' id='word_1_189' title='bbox 1416 2149 1460 2190; x_wconf 83' lang='lat' dir='ltr'>ve</span> 
     </span>
     <span class='ocr_line' id='line_1_23' title="bbox 376 2204 1460 2292; baseline 0.009 -28"><span class='ocrx_word' id='word_1_190' title='bbox 376 2207 442 2284; x_wconf 86' lang='lat' dir='ltr'>nit,</span> <span class='ocrx_word' id='word_1_191' title='bbox 477 2204 719 2292; x_wconf 77' lang='lat' dir='ltr'>a&#39;pyvponpn&#39;rnt</span> <span class='ocrx_word' id='word_1_192' title='bbox 751 2207 818 2270; x_wconf 87' lang='lat' dir='ltr'>illas</span> <span class='ocrx_word' id='word_1_193' title='bbox 850 2220 975 2288; x_wconf 84' lang='lat' dir='ltr'>emunt,</span> <span class='ocrx_word' id='word_1_194' title='bbox 1013 2209 1092 2270; x_wconf 89' lang='lat' dir='ltr'>hanc</span> <span class='ocrx_word' id='word_1_195' title='bbox 1126 2211 1283 2288; x_wconf 85' lang='lat' dir='ltr'>vendunt,</span> <span class='ocrx_word' id='word_1_196' title='bbox 1308 2209 1382 2270; x_wconf 78' lang='lat' dir='ltr'>illas</span> <span class='ocrx_word' id='word_1_197' title='bbox 1425 2212 1460 2274; x_wconf 82' lang='lat' dir='ltr'>hi</span> 
     </span>
     <span class='ocr_line' id='line_1_24' title="bbox 377 2289 1460 2376; baseline 0.007 -28"><span class='ocrx_word' id='word_1_198' title='bbox 377 2302 568 2370; x_wconf 75' lang='lat' dir='ltr'>comparant.</span> <span class='ocrx_word' id='word_1_199' title='bbox 608 2289 688 2351; x_wconf 90' lang='lat' dir='ltr'>Hinc</span> <span class='ocrx_word' id='word_1_200' title='bbox 701 2290 844 2352; x_wconf 86' lang='lat' dir='ltr'>dicuntur</span> <span class='ocrx_word' id='word_1_201' title='bbox 858 2292 1041 2374; x_wconf 82' lang='lat' dir='ltr'>Symmacho</span> <span class='ocrx_word' id='word_1_202' title='bbox 1059 2293 1099 2356; x_wconf 88' lang='lat' dir='ltr'>X.</span> <span class='ocrx_word' id='word_1_203' title='bbox 1121 2291 1174 2376; x_wconf 64' lang='lat'>49.</span> <span class='ocrx_word' id='word_1_204' title='bbox 1194 2295 1321 2366; x_wconf 77' lang='lat' dir='ltr'>verrdere</span> <span class='ocrx_word' id='word_1_205' title='bbox 1336 2296 1460 2358; x_wconf 62' lang='lat' dir='ltr'>sotffloc</span> 
     </span>
     <span class='ocr_line' id='line_1_25' title="bbox 343 2371 1460 2461; baseline 0.008 -32"><span class='ocrx_word' id='word_1_206' title='bbox 343 2425 344 2429; x_wconf 75' lang='grc'>,</span> <span class='ocrx_word' id='word_1_207' title='bbox 380 2371 552 2434; x_wconf 81' lang='lat' dir='ltr'>Venderzdis</span> <span class='ocrx_word' id='word_1_208' title='bbox 579 2373 683 2434; x_wconf 71' lang='lat' dir='ltr'>solidis</span> <span class='ocrx_word' id='word_1_209' title='bbox 715 2375 759 2458; x_wconf 91' lang='lat' dir='ltr'>[id</span> <span class='ocrx_word' id='word_1_210' title='bbox 783 2385 828 2434; x_wconf 90' lang='lat' dir='ltr'>est</span> <span class='ocrx_word' id='word_1_211' title='bbox 853 2375 1042 2452; x_wconf 85' lang='lat' dir='ltr'>nummulis,</span> <span class='ocrx_word' id='word_1_212' title='bbox 1064 2376 1109 2458; x_wconf 78' lang='grc' dir='ltr'>τῷ</span> <span class='ocrx_word' id='word_1_213' title='bbox 1128 2375 1286 2458; x_wconf 56' lang='lat' dir='ltr'>adoptata]</span> <span class='ocrx_word' id='word_1_214' title='bbox 1306 2398 1384 2460; x_wconf 72' lang='lat' dir='ltr'>qiam</span> <span class='ocrx_word' id='word_1_215' title='bbox 1400 2381 1460 2461; x_wconf 76' lang='lat' dir='ltr'>ple</span> 
     </span>
     <span class='ocr_line' id='line_1_26' title="bbox 378 2459 1460 2542; baseline 0.01 -29"><span class='ocrx_word' id='word_1_216' title='bbox 378 2477 499 2542; x_wconf 74' lang='lat' dir='ltr'>rituique</span> <span class='ocrx_word' id='word_1_217' title='bbox 522 2479 588 2518; x_wconf 72' lang='lat' dir='ltr'>mne</span> <span class='ocrx_word' id='word_1_218' title='bbox 605 2459 739 2541; x_wconf 82' lang='lat' dir='ltr'>publicus</span> <span class='ocrx_word' id='word_1_219' title='bbox 757 2461 908 2540; x_wconf 67' lang='lat' dir='ltr'>exposcit,</span> <span class='ocrx_word' id='word_1_220' title='bbox 937 2460 1171 2520; x_wconf 81' lang='lat' dir='ltr'>collectariorwn</span> <span class='ocrx_word' id='word_1_221' title='bbox 1187 2459 1290 2542; x_wconf 84' lang='lat' dir='ltr'>[iidem</span> <span class='ocrx_word' id='word_1_222' title='bbox 1302 2471 1378 2520; x_wconf 86' lang='lat' dir='ltr'>sunt</span> <span class='ocrx_word' id='word_1_223' title='bbox 1398 2483 1460 2524; x_wconf 86' lang='lat' dir='ltr'>cun</span> 
     </span>
     <span class='ocr_line' id='line_1_27' title="bbox 377 2539 1460 2626; baseline 0.008 -29"><span class='ocrx_word' id='word_1_224' title='bbox 377 2539 607 2623; x_wconf 83' lang='lat' dir='ltr'>Argyropratis]</span> <span class='ocrx_word' id='word_1_225' title='bbox 630 2563 735 2626; x_wconf 80' lang='lat' dir='ltr'>corpus</span> <span class='ocrx_word' id='word_1_226' title='bbox 753 2541 914 2616; x_wconf 74' lang='lat' dir='ltr'>obnoxium</span> <span class='ocrx_word' id='word_1_227' title='bbox 936 2555 989 2601; x_wconf 87' lang='lat' dir='ltr'>est.</span> <span class='ocrx_word' id='word_1_228' title='bbox 1032 2542 1112 2602; x_wconf 86' lang='lat' dir='ltr'>Hinc</span> <span class='ocrx_word' id='word_1_229' title='bbox 1131 2546 1290 2603; x_wconf 84' lang='lat' dir='ltr'>ntonetarii</span> <span class='ocrx_word' id='word_1_230' title='bbox 1311 2555 1339 2603; x_wconf 87' lang='lat' dir='ltr'>et</span> <span class='ocrx_word' id='word_1_231' title='bbox 1356 2565 1460 2609; x_wconf 81' lang='lat' dir='ltr'>nanta</span> 
     </span>
     <span class='ocr_line' id='line_1_28' title="bbox 378 2623 1460 2706; baseline 0.008 -26"><span class='ocrx_word' id='word_1_232' title='bbox 378 2623 452 2682; x_wconf 85' lang='lat' dir='ltr'>larii</span> <span class='ocrx_word' id='word_1_233' title='bbox 474 2623 599 2704; x_wconf 76' lang='lat' dir='ltr'>perinde</span> <span class='ocrx_word' id='word_1_234' title='bbox 614 2623 753 2684; x_wconf 85' lang='lat' dir='ltr'>audiunt.</span> <span class='ocrx_word' id='word_1_235' title='bbox 795 2624 941 2685; x_wconf 89' lang='lat' dir='ltr'>Tabular.</span> <span class='ocrx_word' id='word_1_236' title='bbox 961 2623 1046 2685; x_wconf 89' lang='lat' dir='ltr'>Eccl.</span> <span class='ocrx_word' id='word_1_237' title='bbox 1069 2645 1119 2706; x_wconf 91' lang='lat' dir='ltr'>ap.</span> <span class='ocrx_word' id='word_1_238' title='bbox 1145 2625 1214 2686; x_wconf 87' lang='lat' dir='ltr'>DG.</span> <span class='ocrx_word' id='word_1_239' title='bbox 1231 2647 1262 2687; x_wconf 86' lang='lat' dir='ltr'>v.</span> <span class='ocrx_word' id='word_1_240' title='bbox 1286 2626 1460 2689; x_wconf 77' lang='lat' dir='ltr'>Nwrnilart</span> 
     </span>
     <span class='ocr_line' id='line_1_29' title="bbox 378 2707 1460 2790; baseline 0.008 -26"><span class='ocrx_word' id='word_1_241' title='bbox 378 2727 423 2780; x_wconf 80' lang='lat' dir='ltr'>nr,</span> <span class='ocrx_word' id='word_1_242' title='bbox 446 2709 547 2786; x_wconf 88' lang='lat' dir='ltr'>quiin</span> <span class='ocrx_word' id='word_1_243' title='bbox 565 2729 617 2768; x_wconf 86' lang='lat' dir='ltr'>vv.</span> <span class='ocrx_word' id='word_1_244' title='bbox 642 2707 814 2767; x_wconf 71' lang='lat' dir='ltr'>Grllectarit&#39;</span> <span class='ocrx_word' id='word_1_245' title='bbox 833 2718 864 2768; x_wconf 90' lang='lat' dir='ltr'>et</span> <span class='ocrx_word' id='word_1_246' title='bbox 878 2709 1053 2789; x_wconf 84' lang='lat' dir='ltr'>Argentarii</span> <span class='ocrx_word' id='word_1_247' title='bbox 1075 2707 1205 2768; x_wconf 88' lang='lat' dir='ltr'>conferri</span> <span class='ocrx_word' id='word_1_248' title='bbox 1228 2721 1337 2790; x_wconf 85' lang='lat' dir='ltr'>potest,</span> <span class='ocrx_word' id='word_1_249' title='bbox 1362 2711 1424 2771; x_wconf 84' lang='lat' dir='ltr'>uhi</span> <span class='ocrx_word' id='word_1_250' title='bbox 1439 2735 1460 2773; x_wconf 90' lang='lat' dir='ltr'>e</span> 
     </span>
     <span class='ocr_line' id='line_1_30' title="bbox 378 2785 1460 2879; baseline 0.011 -35"><span class='ocrx_word' id='word_1_251' title='bbox 378 2785 524 2849; x_wconf 89' lang='lat' dir='ltr'>Salmasio</span> <span class='ocrx_word' id='word_1_252' title='bbox 543 2800 573 2850; x_wconf 89' lang='lat' dir='ltr'>et</span> <span class='ocrx_word' id='word_1_253' title='bbox 592 2787 658 2850; x_wconf 85' lang='lat' dir='ltr'>aliis</span> <span class='ocrx_word' id='word_1_254' title='bbox 680 2789 780 2868; x_wconf 71' lang='lat' dir='ltr'>affert,</span> <span class='ocrx_word' id='word_1_255' title='bbox 800 2789 857 2849; x_wconf 92' lang='lat' dir='ltr'>hos</span> <span class='ocrx_word' id='word_1_256' title='bbox 875 2790 1013 2851; x_wconf 87' lang='lat' dir='ltr'>homines</span> <span class='ocrx_word' id='word_1_257' title='bbox 1034 2794 1125 2852; x_wconf 90' lang='lat' dir='ltr'>etiam</span> <span class='ocrx_word' id='word_1_258' title='bbox 1143 2806 1289 2854; x_wconf 77' lang='lat' dir='ltr'>coactores</span> <span class='ocrx_word' id='word_1_259' title='bbox 1308 2793 1409 2854; x_wconf 83' lang='lat' dir='ltr'>fuisse</span> <span class='ocrx_word' id='word_1_260' title='bbox 1425 2818 1460 2879; x_wconf 74' lang='lat' dir='ltr'>ap</span> 
     </span>
     <span class='ocr_line' id='line_1_31' title="bbox 379 2867 1460 3010; baseline 0.011 -82.978"><span class='ocrx_word' id='word_1_261' title='bbox 379 2867 525 3010; x_wconf 71' lang='lat' dir='ltr'>pellatur,</span> <span class='ocrx_word' id='word_1_262' title='bbox 550 2881 580 2932; x_wconf 89' lang='lat' dir='ltr'>et</span> <span class='ocrx_word' id='word_1_263' title='bbox 601 2872 672 2932; x_wconf 88' lang='lat' dir='ltr'>inde</span> <span class='ocrx_word' id='word_1_264' title='bbox 692 2871 893 2933; x_wconf 86' lang='lat' dir='ltr'>emendandas</span> <span class='ocrx_word' id='word_1_265' title='bbox 922 2895 986 2934; x_wconf 88' lang='lat' dir='ltr'>esse</span> <span class='ocrx_word' id='word_1_266' title='bbox 1009 2873 1122 2956; x_wconf 84' lang='lat' dir='ltr'>glossas</span> <span class='ocrx_word' id='word_1_267' title='bbox 1149 2885 1287 2954; x_wconf 86' lang='lat' dir='ltr'>veteres,</span> <span class='ocrx_word' id='word_1_268' title='bbox 1307 2895 1391 2956; x_wconf 85' lang='lat' dir='ltr'>quae</span> <span class='ocrx_word' id='word_1_269' title='bbox 1414 2878 1460 2941; x_wconf 88' lang='lat' dir='ltr'>ha</span> 
     </span>
     <span class='ocr_line' id='line_1_32' title="bbox 402 2947 1460 3044; baseline 0.011 -35"><span class='ocrx_word' id='word_1_270' title='bbox 402 2960 453 3010; x_wconf 88' lang='lat' dir='ltr'>ent</span> <span class='ocrx_word' id='word_1_271' title='bbox 471 2947 633 3033; x_wconf 80' lang='grc' dir='ltr'><em>κομὰκτωρ</em></span> <span class='ocrx_word' id='word_1_272' title='bbox 643 3001 653 3032; x_wconf 83' lang='grc'><strong><em>,</em></strong></span> <span class='ocrx_word' id='word_1_273' title='bbox 674 2957 879 3035; x_wconf 69' lang='lat' dir='ltr'>argentariis,</span> <span class='ocrx_word' id='word_1_274' title='bbox 900 2955 1012 3019; x_wconf 84' lang='lat' dir='ltr'>scilicet</span> <span class='ocrx_word' id='word_1_275' title='bbox 1031 2955 1192 3038; x_wconf 89' lang='lat' dir='ltr'>legendum</span> <span class='ocrx_word' id='word_1_276' title='bbox 1219 2980 1282 3019; x_wconf 90' lang='lat' dir='ltr'>esse</span> <span class='ocrx_word' id='word_1_277' title='bbox 1303 2956 1460 3044; x_wconf 75' lang='lat' dir='ltr'>xodxrmg</span> 
     </span>
     <span class='ocr_line' id='line_1_33' title="bbox 379 3033 1460 3122; baseline 0.011 -30"><span class='ocrx_word' id='word_1_278' title='bbox 379 3033 474 3095; x_wconf 88' lang='lat' dir='ltr'>Recte</span> <span class='ocrx_word' id='word_1_279' title='bbox 495 3055 588 3110; x_wconf 88' lang='lat' dir='ltr'>vero,</span> <span class='ocrx_word' id='word_1_280' title='bbox 617 3038 642 3096; x_wconf 87' lang='lat' dir='ltr'>si</span> <span class='ocrx_word' id='word_1_281' title='bbox 672 3037 829 3118; x_wconf 87' lang='lat' dir='ltr'>fingendae</span> <span class='ocrx_word' id='word_1_282' title='bbox 859 3049 930 3098; x_wconf 89' lang='lat' dir='ltr'>sunt</span> <span class='ocrx_word' id='word_1_283' title='bbox 957 3039 1027 3100; x_wconf 88' lang='lat' dir='ltr'>illae</span> <span class='ocrx_word' id='word_1_284' title='bbox 1057 3039 1171 3122; x_wconf 86' lang='lat' dir='ltr'>glossae</span> <span class='ocrx_word' id='word_1_285' title='bbox 1197 3041 1237 3102; x_wconf 91' lang='lat' dir='ltr'>ad</span> <span class='ocrx_word' id='word_1_286' title='bbox 1262 3043 1460 3111; x_wconf 82' lang='lat' dir='ltr'>Latinismua</span> 
     </span>
     <span class='ocr_line' id='line_1_34' title="bbox 380 3117 1460 3208; baseline 0.013 -34"><span class='ocrx_word' id='word_1_287' title='bbox 380 3119 621 3200; x_wconf 88' lang='lat' dir='ltr'>grammaticum.</span> <span class='ocrx_word' id='word_1_288' title='bbox 666 3117 710 3180; x_wconf 87' lang='lat' dir='ltr'>At</span> <span class='ocrx_word' id='word_1_289' title='bbox 723 3119 810 3200; x_wconf 84' lang='lat' dir='ltr'>qnid,</span> <span class='ocrx_word' id='word_1_290' title='bbox 832 3123 858 3181; x_wconf 89' lang='lat' dir='ltr'>si</span> <span class='ocrx_word' id='word_1_291' title='bbox 872 3121 981 3202; x_wconf 83' lang='lat' dir='ltr'>vulgus</span> <span class='ocrx_word' id='word_1_292' title='bbox 998 3125 1040 3185; x_wconf 89' lang='lat' dir='ltr'>sic</span> <span class='ocrx_word' id='word_1_293' title='bbox 1048 3126 1303 3205; x_wconf 87' lang='lat' dir='ltr'>pronunciaverit,</span> <span class='ocrx_word' id='word_1_294' title='bbox 1324 3136 1362 3185; x_wconf 89' lang='lat' dir='ltr'>ut</span> <span class='ocrx_word' id='word_1_295' title='bbox 1381 3150 1460 3208; x_wconf 77' lang='lat' dir='ltr'>quat</span> 
     </span>
     <span class='ocr_line' id='line_1_35' title="bbox 379 3202 1460 3286; baseline 0.01 -24"><span class='ocrx_word' id='word_1_296' title='bbox 379 3221 414 3262; x_wconf 76' lang='lat' dir='ltr'>w</span> <span class='ocrx_word' id='word_1_297' title='bbox 436 3202 550 3262; x_wconf 82' lang='lat' dir='ltr'>intera</span> <span class='ocrx_word' id='word_1_298' title='bbox 573 3211 602 3260; x_wconf 90' lang='lat' dir='ltr'>ct</span> <span class='ocrx_word' id='word_1_299' title='bbox 622 3203 857 3275; x_wconf 86' lang='lat' dir='ltr'>ointersereret‚</span> <span class='ocrx_word' id='word_1_300' title='bbox 880 3215 910 3264; x_wconf 90' lang='lat' dir='ltr'>et</span> <span class='ocrx_word' id='word_1_301' title='bbox 923 3203 1048 3265; x_wconf 79' lang='lat' dir='ltr'>efferret</span> <span class='ocrx_word' id='word_1_302' title='bbox 1066 3221 1232 3286; x_wconf 81' lang='lat' dir='ltr'>cowactor,</span> <span class='ocrx_word' id='word_1_303' title='bbox 1263 3207 1342 3268; x_wconf 89' lang='lat' dir='ltr'>unde</span> <span class='ocrx_word' id='word_1_304' title='bbox 1380 3211 1460 3274; x_wconf 88' lang='lat' dir='ltr'>dein</span> 
     </span>
     <span class='ocr_line' id='line_1_36' title="bbox 379 3279 1460 3372; baseline 0.008 -29"><span class='ocrx_word' id='word_1_305' title='bbox 379 3303 449 3366; x_wconf 82' lang='lat' dir='ltr'>ceps</span> <span class='ocrx_word' id='word_1_306' title='bbox 467 3279 572 3366; x_wconf 73' lang='lat' dir='ltr'>natam</span> <span class='ocrx_word' id='word_1_307' title='bbox 588 3291 760 3345; x_wconf 75' lang='lat' dir='ltr'>contortor?</span> <span class='ocrx_word' id='word_1_308' title='bbox 791 3285 870 3346; x_wconf 89' lang='lat' dir='ltr'>Sane</span> <span class='ocrx_word' id='word_1_309' title='bbox 887 3289 1009 3348; x_wconf 76' lang='lat' dir='ltr'>clavaca</span> <span class='ocrx_word' id='word_1_310' title='bbox 1030 3311 1086 3370; x_wconf 91' lang='lat' dir='ltr'>pro</span> <span class='ocrx_word' id='word_1_311' title='bbox 1113 3291 1216 3350; x_wconf 83' lang='lat' dir='ltr'>cloaca</span> <span class='ocrx_word' id='word_1_312' title='bbox 1239 3289 1415 3372; x_wconf 86' lang='lat' dir='ltr'>dicebant,</span> <span class='ocrx_word' id='word_1_313' title='bbox 1449 3317 1460 3358; x_wconf 77' lang='lat' dir='ltr'>t</span> 
     </span>
     <span class='ocr_line' id='line_1_37' title="bbox 379 3358 1460 3509; baseline 0.013 -85"><span class='ocrx_word' id='word_1_314' title='bbox 379 3361 550 3450; x_wconf 71' lang='grc' dir='ltr'><em>ἀποῤῥοῳὴ</em></span> <span class='ocrx_word' id='word_1_315' title='bbox 575 3358 811 3509; x_wconf 58' lang='lat' dir='ltr'>prodrrogigiori.</span> <span class='ocrx_word' id='word_1_316' title='bbox 846 3371 918 3430; x_wconf 91' lang='lat' dir='ltr'>Vid.</span> <span class='ocrx_word' id='word_1_317' title='bbox 946 3371 997 3430; x_wconf 91' lang='lat' dir='ltr'>Du</span> <span class='ocrx_word' id='word_1_318' title='bbox 1021 3371 1122 3453; x_wconf 82' lang='lat' dir='ltr'>Gange</span> <span class='ocrx_word' id='word_1_319' title='bbox 1148 3393 1180 3432; x_wconf 89' lang='lat' dir='ltr'>v.</span> <span class='ocrx_word' id='word_1_320' title='bbox 1207 3365 1401 3454; x_wconf 73' lang='grc' dir='ltr'>ἅποόῥοφῆ,</span> <span class='ocrx_word' id='word_1_321' title='bbox 1420 3379 1460 3438; x_wconf 78' lang='lat' dir='ltr'>de</span> 
     </span>
     <span class='ocr_line' id='line_1_38' title="bbox 365 3447 1460 3543; baseline 0.01 -35"><span class='ocrx_word' id='word_1_322' title='bbox 365 3447 485 3532; x_wconf 60' lang='lat' dir='ltr'>flictio</span> <span class='ocrx_word' id='word_1_323' title='bbox 530 3451 574 3510; x_wconf 92' lang='lat' dir='ltr'>Re</span> <span class='ocrx_word' id='word_1_324' title='bbox 588 3453 686 3532; x_wconf 87' lang='lat' dir='ltr'>iqniae</span> <span class='ocrx_word' id='word_1_325' title='bbox 707 3451 766 3510; x_wconf 88' lang='lat' dir='ltr'>hae</span> <span class='ocrx_word' id='word_1_326' title='bbox 789 3463 860 3511; x_wconf 92' lang='lat' dir='ltr'>sunt</span> <span class='ocrx_word' id='word_1_327' title='bbox 881 3453 1070 3535; x_wconf 88' lang='lat' dir='ltr'>digammatis</span> <span class='ocrx_word' id='word_1_328' title='bbox 1091 3453 1219 3514; x_wconf 85' lang='lat' dir='ltr'>Aeolici.</span> <span class='ocrx_word' id='word_1_329' title='bbox 1263 3456 1303 3515; x_wconf 90' lang='lat' dir='ltr'>Hi</span> <span class='ocrx_word' id='word_1_330' title='bbox 1327 3478 1460 3543; x_wconf 68' lang='lat' dir='ltr'>canipa-c</span> 
     </span>
     <span class='ocr_line' id='line_1_39' title="bbox 378 3535 1460 3620; baseline 0.014 -30"><span class='ocrx_word' id='word_1_331' title='bbox 378 3551 426 3590; x_wconf 83' lang='lat' dir='ltr'>res</span> <span class='ocrx_word' id='word_1_332' title='bbox 443 3553 504 3592; x_wconf 89' lang='lat' dir='ltr'>non</span> <span class='ocrx_word' id='word_1_333' title='bbox 527 3544 644 3593; x_wconf 88' lang='lat' dir='ltr'>tantum</span> <span class='ocrx_word' id='word_1_334' title='bbox 666 3535 794 3615; x_wconf 84' lang='lat' dir='ltr'>grandes</span> <span class='ocrx_word' id='word_1_335' title='bbox 813 3556 946 3596; x_wconf 87' lang='lat' dir='ltr'>summas</span> <span class='ocrx_word' id='word_1_336' title='bbox 961 3541 1076 3618; x_wconf 87' lang='lat' dir='ltr'>argenti</span> <span class='ocrx_word' id='word_1_337' title='bbox 1098 3537 1322 3620; x_wconf 79' lang='lat' dir='ltr'>procurabant,</span> <span class='ocrx_word' id='word_1_338' title='bbox 1355 3553 1389 3600; x_wconf 86' lang='lat' dir='ltr'>et</span> <span class='ocrx_word' id='word_1_339' title='bbox 1414 3565 1460 3605; x_wconf 88' lang='lat' dir='ltr'>nu</span> 
     </span>
     <span class='ocr_line' id='line_1_40' title="bbox 378 3615 1460 3702; baseline 0.016 -30"><span class='ocrx_word' id='word_1_340' title='bbox 378 3615 537 3690; x_wconf 79' lang='lat' dir='ltr'>merebant</span> <span class='ocrx_word' id='word_1_341' title='bbox 559 3616 789 3698; x_wconf 89' lang='lat' dir='ltr'>aprincipibus‚</span> <span class='ocrx_word' id='word_1_342' title='bbox 812 3628 842 3676; x_wconf 89' lang='lat' dir='ltr'>et</span> <span class='ocrx_word' id='word_1_343' title='bbox 857 3620 1086 3698; x_wconf 88' lang='lat' dir='ltr'>communibus,</span> <span class='ocrx_word' id='word_1_344' title='bbox 1109 3621 1148 3680; x_wconf 88' lang='lat' dir='ltr'>ad</span> <span class='ocrx_word' id='word_1_345' title='bbox 1166 3641 1242 3701; x_wconf 87' lang='lat' dir='ltr'>quos</span> <span class='ocrx_word' id='word_1_346' title='bbox 1259 3623 1460 3702; x_wconf 80' lang='lat' dir='ltr'>pertinebant</span> 
     </span>
     <span class='ocr_line' id='line_1_41' title="bbox 380 3695 1460 3780; baseline 0.017 -26"><span class='ocrx_word' id='word_1_347' title='bbox 380 3695 463 3772; x_wconf 88' lang='lat' dir='ltr'>iussi,</span> <span class='ocrx_word' id='word_1_348' title='bbox 485 3719 593 3759; x_wconf 82' lang='lat' dir='ltr'>vemm</span> <span class='ocrx_word' id='word_1_349' title='bbox 611 3701 701 3759; x_wconf 88' lang='lat' dir='ltr'>etiam</span> <span class='ocrx_word' id='word_1_350' title='bbox 722 3701 780 3780; x_wconf 89' lang='lat' dir='ltr'>ipsi</span> <span class='ocrx_word' id='word_1_351' title='bbox 799 3702 946 3762; x_wconf 88' lang='lat' dir='ltr'>curabant</span> <span class='ocrx_word' id='word_1_352' title='bbox 959 3723 1100 3762; x_wconf 88' lang='lat' dir='ltr'>nummos</span> <span class='ocrx_word' id='word_1_353' title='bbox 1114 3703 1204 3779; x_wconf 88' lang='lat' dir='ltr'>cudi,</span> <span class='ocrx_word' id='word_1_354' title='bbox 1228 3716 1258 3764; x_wconf 91' lang='lat' dir='ltr'>et</span> <span class='ocrx_word' id='word_1_355' title='bbox 1271 3716 1359 3764; x_wconf 88' lang='lat' dir='ltr'>erant</span> <span class='ocrx_word' id='word_1_356' title='bbox 1374 3709 1460 3772; x_wconf 76' lang='lat' dir='ltr'>iidcr</span> 
     </span>
     <span class='ocr_line' id='line_1_42' title="bbox 377 3780 1460 3920; baseline 0.016 -84"><span class='ocrx_word' id='word_1_357' title='bbox 377 3789 468 3920; x_wconf 59' lang='lat' dir='ltr'>atque</span> <span class='ocrx_word' id='word_1_358' title='bbox 486 3780 558 3840; x_wconf 91' lang='lat' dir='ltr'>olim</span> <span class='ocrx_word' id='word_1_359' title='bbox 580 3780 721 3861; x_wconf 81' lang='lat' dir='ltr'>praefecti</span> <span class='ocrx_word' id='word_1_360' title='bbox 739 3781 779 3842; x_wconf 87' lang='lat' dir='ltr'>A.</span> <span class='ocrx_word' id='word_1_361' title='bbox 801 3781 841 3842; x_wconf 85' lang='lat' dir='ltr'>A.</span> <span class='ocrx_word' id='word_1_362' title='bbox 866 3785 909 3844; x_wconf 83' lang='lat' dir='ltr'>A.</span> <span class='ocrx_word' id='word_1_363' title='bbox 936 3785 973 3845; x_wconf 88' lang='lat' dir='ltr'>F.</span> <span class='ocrx_word' id='word_1_364' title='bbox 1002 3785 1040 3844; x_wconf 91' lang='lat' dir='ltr'>F.</span> <span class='ocrx_word' id='word_1_365' title='bbox 1071 3807 1166 3863; x_wconf 83' lang='lat' dir='ltr'>aum,</span> <span class='ocrx_word' id='word_1_366' title='bbox 1202 3797 1347 3867; x_wconf 88' lang='lat' dir='ltr'>argento,</span> <span class='ocrx_word' id='word_1_367' title='bbox 1388 3797 1460 3855; x_wconf 80' lang='lat' dir='ltr'>arri</span> 
     </span>
     <span class='ocr_line' id='line_1_43' title="bbox 400 3862 1460 3951; baseline 0.019 -31"><span class='ocrx_word' id='word_1_368' title='bbox 400 3862 504 3941; x_wconf 91' lang='lat' dir='ltr'>andis,</span> <span class='ocrx_word' id='word_1_369' title='bbox 537 3862 699 3938; x_wconf 80' lang='lat' dir='ltr'>faciundis,</span> <span class='ocrx_word' id='word_1_370' title='bbox 736 3875 767 3925; x_wconf 89' lang='lat' dir='ltr'>et</span> <span class='ocrx_word' id='word_1_371' title='bbox 792 3885 811 3926; x_wconf 84' lang='lat' dir='ltr'>a</span> <span class='ocrx_word' id='word_1_372' title='bbox 844 3868 1017 3930; x_wconf 85' lang='lat' dir='ltr'>monetariis</span> <span class='ocrx_word' id='word_1_373' title='bbox 1048 3890 1153 3928; x_wconf 88' lang='lat' dir='ltr'>cusam</span> <span class='ocrx_word' id='word_1_374' title='bbox 1181 3873 1341 3951; x_wconf 74' lang='lat' dir='ltr'>pecnmmn</span> <span class='ocrx_word' id='word_1_375' title='bbox 1390 3880 1460 3940; x_wconf 84' lang='lat' dir='ltr'>acci</span> 
     </span>
    </p>
   </div>
   <div class='ocr_carea' id='block_1_3' title="bbox 377 3935 1460 4113">
    <p class='ocr_par' dir='ltr' id='par_1_4' title="bbox 377 3935 1460 4113">
     <span class='ocr_line' id='line_1_44' title="bbox 377 3935 1460 4043; baseline 0.013 -39"><span class='ocrx_word' id='word_1_376' title='bbox 377 3935 502 4043; x_wconf 71' lang='lat' dir='ltr'>pieltant</span> <span class='ocrx_word' id='word_1_377' title='bbox 536 3957 566 4006; x_wconf 80' lang='lat' dir='ltr'>et</span> <span class='ocrx_word' id='word_1_378' title='bbox 599 3947 770 4010; x_wconf 85' lang='lat' dir='ltr'>servabant.</span> <span class='ocrx_word' id='word_1_379' title='bbox 835 3949 924 4011; x_wconf 81' lang='lat' dir='ltr'>Patet</span> <span class='ocrx_word' id='word_1_380' title='bbox 956 3972 991 4011; x_wconf 88' lang='lat' dir='ltr'>ex</span> <span class='ocrx_word' id='word_1_381' title='bbox 1018 3951 1176 4034; x_wconf 82' lang='lat' dir='ltr'>privilegio</span> <span class='ocrx_word' id='word_1_382' title='bbox 1201 3953 1348 4014; x_wconf 88' lang='lat' dir='ltr'>Ludovici</span> <span class='ocrx_word' id='word_1_383' title='bbox 1382 3957 1460 4022; x_wconf 80' lang='lat' dir='ltr'>Mar</span> 
     </span>
     <span class='ocr_line' id='line_1_45' title="bbox 378 4027 1460 4113; baseline 0.009 -21"><span class='ocrx_word' id='word_1_384' title='bbox 378 4027 494 4092; x_wconf 85' lang='lat' dir='ltr'>elnonis</span> <span class='ocrx_word' id='word_1_385' title='bbox 518 4029 774 4113; x_wconf 88' lang='lat' dir='ltr'>Brandenburgici</span> <span class='ocrx_word' id='word_1_386' title='bbox 789 4031 830 4094; x_wconf 84' lang='lat' dir='ltr'>A.</span> <span class='ocrx_word' id='word_1_387' title='bbox 860 4031 948 4112; x_wconf 72' lang='lat'><strong>1343.</strong></span> <span class='ocrx_word' id='word_1_388' title='bbox 972 4035 1093 4106; x_wconf 85' lang='lat' dir='ltr'>indulti,</span> <span class='ocrx_word' id='word_1_389' title='bbox 1117 4057 1136 4096; x_wconf 86' lang='lat' dir='ltr'>a</span> <span class='ocrx_word' id='word_1_390' title='bbox 1149 4035 1174 4094; x_wconf 96' lang='lat' dir='ltr'>l.</span> <span class='ocrx_word' id='word_1_391' title='bbox 1197 4036 1237 4096; x_wconf 94' lang='lat' dir='ltr'>P.</span> <span class='ocrx_word' id='word_1_392' title='bbox 1260 4037 1298 4096; x_wconf 91' lang='lat' dir='ltr'>de</span> <span class='ocrx_word' id='word_1_393' title='bbox 1315 4037 1460 4102; x_wconf 75' lang='lat' dir='ltr'>Ludewi</span> 
     </span>
    </p>
   </div>
   <div class='ocr_carea' id='block_1_4' title="bbox 376 4108 1460 4275">
    <p class='ocr_par' dir='ltr' id='par_1_5' title="bbox 376 4108 1460 4275">
     <span class='ocr_line' id='line_1_46' title="bbox 377 4108 1460 4200; baseline 0.008 -28"><span class='ocrx_word' id='word_1_394' title='bbox 377 4108 417 4172; x_wconf 88' lang='lat' dir='ltr'>T.</span> <span class='ocrx_word' id='word_1_395' title='bbox 437 4111 619 4194; x_wconf 84' lang='lat' dir='ltr'>VILReliq.</span> <span class='ocrx_word' id='word_1_396' title='bbox 640 4115 756 4175; x_wconf 89' lang='lat' dir='ltr'>MStor.</span> <span class='ocrx_word' id='word_1_397' title='bbox 779 4137 812 4197; x_wconf 91' lang='lat' dir='ltr'>p.</span> <span class='ocrx_word' id='word_1_398' title='bbox 832 4113 885 4198; x_wconf 82' lang='lat'>89.</span> <span class='ocrx_word' id='word_1_399' title='bbox 909 4117 1011 4194; x_wconf 86' lang='lat' dir='ltr'>edito,</span> <span class='ocrx_word' id='word_1_400' title='bbox 1033 4117 1086 4178; x_wconf 89' lang='lat' dir='ltr'>ubi</span> <span class='ocrx_word' id='word_1_401' title='bbox 1115 4117 1256 4200; x_wconf 82' lang='lat' dir='ltr'>leguntur</span> <span class='ocrx_word' id='word_1_402' title='bbox 1285 4120 1385 4180; x_wconf 88' lang='lat' dir='ltr'>haec:</span> <span class='ocrx_word' id='word_1_403' title='bbox 1439 4126 1460 4187; x_wconf 68' lang='lat' dir='ltr'>d</span> 
     </span>
     <span class='ocr_line' id='line_1_47' title="bbox 376 4193 1459 4275; baseline 0.013 -18"><span class='ocrx_word' id='word_1_404' title='bbox 376 4193 516 4258; x_wconf 75' lang='lat' dir='ltr'>denariis</span> <span class='ocrx_word' id='word_1_405' title='bbox 531 4193 676 4260; x_wconf 83' lang='lat' dir='ltr'>dictontm</span> <span class='ocrx_word' id='word_1_406' title='bbox 705 4200 934 4262; x_wconf 83' lang='lat' dir='ltr'>rwnetnriornm</span> <span class='ocrx_word' id='word_1_407' title='bbox 964 4223 1073 4262; x_wconf 77' lang='lat' dir='ltr'>curam</span> <span class='ocrx_word' id='word_1_408' title='bbox 1096 4199 1277 4263; x_wconf 82' lang='lat' dir='ltr'>decrevt&#39;rnas</span> <span class='ocrx_word' id='word_1_409' title='bbox 1301 4204 1459 4275; x_wconf 64' lang='lat' dir='ltr'>adlabere</span> 
     </span>
    </p>
   </div>
   <div class='ocr_carea' id='block_1_5' title="bbox 0 0 1493 4892">
    <p class='ocr_par' dir='ltr' id='par_1_6' title="bbox 0 0 1493 4892">
     <span class='ocr_line' id='line_1_48' title="bbox 0 0 1493 4892; baseline 0 0"><span class='ocrx_word' id='word_1_410' title='bbox 0 0 1493 4892; x_wconf 95' lang='lat' dir='ltr'> </span> 
     </span>
    </p>
   </div>
  </div>
 </body>
</html>
