2975 4892
394 255 475 352 322
514 306 520 318 ·
578 295 654 359 -ιο,
684 291 763 358 nc.
793 289 939 358 nnsru
968 290 1247 358 commeare

386 447 516 510 Glossae
537 451 593 512 Gr.
616 453 683 512 Lat.
699 453 794 530 Mstae
812 448 1059 526 deperderentur,
1074 447 1255 510 'intemetum
1273 447 1311 527 (id
1329 459 1368 509 est
1383 469 1427 529 per

391 537 651 614 transpositionem
668 534 712 593 illi
736 554 811 594 nevo
824 534 961 593 usitatam
977 535 1183 608 incohet-um),
1196 533 1272 614 quod
1290 533 1336 592 Du
1348 533 1428 610 Gange

392 638 424 676 v.
448 617 637 677 Inburuclrun
658 637 717 692 non
739 616 885 676 debuerat
903 615 1082 686 sollicitare,
1118 626 1149 675 et
1166 613 1236 675 talia
1266 605 1321 674 ὅσα
1345 611 1430 690 νὸνις,

392 699 503 781 qulbus
524 700 703 760 annotandis
723 720 812 760 nemo
832 698 923 758 linem
950 695 1111 760 inveniret.

474 783 513 841 D.
529 781 558 859 4.
582 781 752 866 [313‚-15.]
773 775 853 862 πρὸς
869 779 1038 861 ἀλλήλους,
1068 777 1232 858 οτοιχοῦσι
1254 771 1306 850 τὰς
1325 775 1433 854 οτρέγος

389 863 450 926 τῶν
470 863 641 966 θεωρρτῶν
673 877 731 925 ete.
771 866 869 925 Locus
896 867 938 924 ita
957 863 1212 946 inter-pungendus
1240 870 1270 920 et
1294 858 1432 940 legendus:

390 941 468 1026 πρὶς
496 943 647 1026 ἅλληλους
681 946 842 1026 στοιχοῦσι
872 942 931 1019 τὰς
954 945 1079 1026 τρένας,
1111 945 1175 1006 ταῖν
1202 941 1433 1021 descensorem,

389 1033 594 1108 committunt,
618 1050 668 1090 scu
686 1039 839 1111 comparat
858 1049 995 1112 quaeque
1015 1027 1105 1089 factio
1123 1029 1216 1109 trigas
1234 1046 1299 1086 suns
1317 1043 1378 1082 curn
1392 1023 1436 1080 tri·

388 1111 598 1192 gualterius,
632 1125 662 1173 et
683 1116 724 1174 sie
745 1114 981 1190 ordinantem,
1009 1133 1071 1192 quo
1090 1111 1199 1172 ordine
1227 1109 1260 1168 in
1286 1125 1367 1167 cursu
1390 1104 1433 1162 de·

389 1194 481 1256 beant
505 1215 611 1256 currus
634 1197 804 1256 dominere.
848 1197 914 1256 Non
935 1196 1015 1256 enirn
1043 1193 1246 1255 sortiebantur
1270 1191 1324 1249 nisi
1352 1187 1385 1246 de
1407 1205 1436 1244 eo

380 1299 491 1349 curru,
514 1281 568 1358 qui
594 1279 716 1340 deberet
735 1281 905 1361 proximoa
928 1289 1009 1338 mete
1035 1298 1155 1337 carcere
1186 1275 1296 1350 emitti,
1325 1270 1360 1330 de
1378 1267 1436 1327 reli·

380 1362 454 1442 vquis
467 1360 564 1420 tribus
585 1363 742 1440 curribus,
764 1362 813 1422 hic
835 1362 891 1422 loci
913 1363 996 1443 trigis
1016 1358 1123 1435 dictis,
1144 1359 1200 1442 qni
1217 1353 1352 1428 seeundo,
1366 1353 1438 1410 terlio

388 1439 431 1501 et'
444 1453 553 1524 quarto
572 1439 754 1528 μεσοστύλνρ
777 1441 829 1505 sdr
854 1465 972 1505 carcere
992 1442 1146 1503 emittendi
1170 1450 1286 1513 essent,
1316 1434 1438 1513 nunsige·

387 1525 462 1585 hant
475 1517 527 1585 ''et
562 1528 790 1608 paciscebantur
814 1529 958 1588 factiones
983 1529 1061 1586 inter
1088 1546 1141 1598 se,
1179 1543 1241 1605 quo
1264 1519 1330 1580 illae
1351 1515 1438 1613 ordine

386 1607 532 1670 deberent
553 1627 685 1675 currere.
727 1612 810 1670 lnter
829 1611 903 1671 baec
923 1610 1062 1684 ebibant,
1081 1607 1245 1684 redibant,
1272 1601 1348 1662 ultro
1365 1609 1439 1690 citro:

387 1713 447 1772 que
471 1694 680 1754 commeabunt
708 1694 888 1774 inspectores
914 1692 1073 1753 ambarum
1101 1691 1277 1751 factionum.
1319 1684 1377 1744 Hoc
1394 1678 1438 1740 sibl

387 1771 455 1834 vult
478 1775 570 1835 dictio
596 1774 822 1856 ἀπερχομένων
841 1774 895 1836 καί
913 1771 1101 1873 ἐρχομένων.
1409 1845 1415 1857 .

467 1857 508 1917 D.
526 1857 642 1939 penult.
667 1856 756 1941 [313‚
770 1858 832 1942 nn]
849 1859 1046 1936 λαμβανοοοι
1061 1854 1163 1936 δίκην.
1203 1852 1359 1934 Accipiunt
1370 1855 1440 1907 sets·

386 1937 563 2016 sectionem,
586 1941 632 2002 ius
653 1943 710 2001 sibi
735 1942 881 2004 debitum.
1324 2009 1331 2030 ι
1366 2015 1373 2027 .

452 2015 1040 2106 183.A.1.[315‚23.1t1a0pay›)v.
1079 2021 1136 2082 Est
1173 2018 1334 2099 denopayp
1364 2021 1440 2071 tultr-

384 2107 491 2180 sectio,
521 2125 611 2206 agger
630 2117 683 2165 aut
703 2107 801 2185 fossa,
823 2107 936 2183 verbo,
958 2124 1049 2165 omne
1064 2103 1147 2186 quod
1168 2097 1352 2193 sumptae
1369 2099 1441 2188 (⁰⁰¹0

382 2205 439 2264 pro
460 2185 864 2266 dtaxonrst)‚·intersecat,
893 2197 1011 2269 separat
1038 2188 1113 2247 duas
1147 2207 1199 2245 res
1223 2204 1242 2242 a
1266 2203 1297 2242 se
1324 2195 1442 2238 mercem·

382 2267 513 2328 Videtur
536 2266 696 2351 διασφαγὴ
718 2275 750 2331 in
781 2277 860 2332 circo
887 2273 978 2332 firisse
996 2270 1095 2349 losse,
1125 2267 1211 2351 apud
1232 2266 1348 2325 cristam
1391 2275 1441 2316 not

384 2353 415 2410 in
438 2355 670 2432 septentrionem
699 2353 738 2414 ad
759 2356 932 2430 Venetam,
959 2352 1052 2412 altem
1073 2355 1104 2411 in
1134 2361 1273 2410 austrum
1302 2345 1339 2405 ad
1355 2307 1440 2403 λιτοὶ

381 2453 453 2492 num
478 2437 647 2515 pertinens,
670 2457 687 2497 e
708 2441 829 2520 regione
849 2439 998 2521 graduum
1018 2437 1166 2516 cuiusque
1185 2431 1345 2499 fectionis,
1364 2426 1400 2522 sie
1413 2430 1439 2518 ut

383 2518 436 2597 qui
460 2517 640 2580 demarchus
660 2520 692 2579 in
712 2521 767 2580 tuli
795 2521 957 2604 διασφαγῇ
977 2529 1089 2589 staret,
1122 2528 1207 2577 totos
1228 2534 1301 2575 suae
1326 2510 1442 2570 samone

381 2599 491 2680 gradus
506 2598 682 2662 collustrare
695 2596 833 2664 uno'ictu
852 2603 932 2664 oculi
947 2612 977 2662 et
994 2623 1013 2661 a
1032 2601 1163 2661 factione
1177 2596 1311 2679 conspici
1331 2597 1424 2676 prestet·

464 2683 506 2742 ll.
520 2685 551 2746 8.
576 2683 724 2767 [3146]
748 2682 893 2766 ὑπήκοος.
934 2687 977 2743 Μ.
997 2677 1180 2763 δτλπήκοος.

461 2765 502 2825 Α.
520 2765 575 2827 ult.
598 2766 686 2849 [514
699 2767 747 2850 9.]
768 2768 984 2850 θεοοτεφθεῖς.
1025 2767 1071 2824 Μ.
1092 2765 1292 2847 θεοστεφεῖς.
1418 2835 1424 2848 ,

461 2849 496 2906 Β.
511 2848 543 2909 6.
566 2848 741 2933 [3413]
764 2843 888 2932 α’νέλθῃ.
934 2849 1053 2919 Scilicet
1074 2849 1225 2930 sedebant
1245 2839 1391 2904 demambi
1417 2855 1443 2892 111

380 2930 498 2988 stimlno
518 2931 623 3012 gradu,
645 2954 725 3012 laone
745 2929 821 3005 τούς
841 2925 980 3011 δημότας
998 2944 1029 2994 et
1040 2941 1227 3010 spectatores
1241 2947 1354 2988 omnes.
1382 2921 1443 2980 Pos-

379 3023 450 3071 sunt
474 3023 594 3094 qnoque
619 3015 687 3076 ideo
709 3017 769 3074 diei
796 3013 1003 3095 ἀνέρχεσθαι,
1035 3017 1107 3095 quia
1127 3035 1164 3074 ex
1187 3011 1283 3095 plano
1302 3012 1334 3069 in
1352 3001 1444 3090 gnidus

377 3096 450 3154 circi
470 3095 598 3155 acclives
619 3117 652 3166 se
670 3098 872 3162 conferebant.

461 3177 547 3240 c.5.
572 3177 739 3262 [514,23.]
763 3178 870 3262 φύσιν.
912 3181 955 3238 Μ.
977 3172 1084 3262 φύσει.
1350 3249 1354 3255 .

460 3259 495 3319 C·
511 3282 540 3343 7.
564 3261 653 3344 [515.
676 3262 712 3345 r.]
735 3259 789 3324 τὸν
809 3260 1000 3342 προπάτορα.
1042 3262 1222 3333 Adamana,
1244 3282 1278 3320 v.
1293 3259 1343 3317 Du
1361 3253 1446 3344 (2⁰th

377 3341 427 3402 Gl.
451 3343 506 3402 Gr.
527 3341 560 3402 h.
584 3365 614 3403 v.
645 3357 675 3406 et
704 3367 733 3408 v.
762 3341 943 3424 προμὴττορ,
965 3359 1061 3404 mter
1075 3346 1218 3404 oninium
1241 3344 1361 3429 Νίοια.
1404 3333 1445 3390 8¹⁰

375 3421 474 3486 Evam
491 3423 660 3507 'appellant
700 3430 760 3489 Dio
781 3429 986 3509 Chrysostpm.
1008 3449 1038 3510 p.
1060 3425 1130 3488 ποθ.
1150 3427 1194 3489 A.
1219 3425 1251 3489 5.
1293 3423 1380 3484 deum
1400 3433 1445 3496 tp·

375 3506 466 3586 pellat
487 3508 645 3574 hominum
666 3506 864 3590 προπάτορα,
885 3525 1031 3571 erectorem
1055 3511 1198 3592 generes·

456 3590 543 3650 M.
567 3573 654 3674 [315‚
670 3596 717 3676 9.]
737 3589 773 3653 τὸ
794 3593 929 3671 βένετον.
969 3594 1006 3653 λιι
1020 3595 1158 3676 margine
1179 3591 1368 3673 adscriptum
1392 3588 1447 3644 ertt

375 3663 404 3727 ol
423 3668 591 3751 nodewet,
610 3669 646 3735 τὸ
668 3669 825 3751 πράσινον.
878 3720 886 3739 .

377 3756 385 3777 “
441 3751 507 3828 184·
527 3753 561 3817 B.
577 3755 606 3816 3.
632 3755 781 3839 [316,2.]
804 3762 889 3819 ποιεῖ
903 3751 938 3818 τὰ
958 3751 1071 3818 αἴσιον.
1115 3755 1154 3817 ld
1173 3751 1242 3832 est,
1266 3757 1446 3830 utintetprt·

369 3839 431 3909 ¹²¹¹,
451 3833 542 3893 <¹¹⁰¹¹³
568 3833 669 3920 oiiuog
682 3840 820 3916 γενέσθω
835 3833 954 3943 αῧτρῆ
977 3835 1080 3922 ἡμέρα
1092 3885 1101 3917 ,
1109 3841 1210 3918 felir
1230 3833 1293 3902 esto
1312 3841 1359 3898 tic
1375 3835 1438 3893 dies.

454 3915 487 3974 B·
504 3913 534 3994 4.
559 3916 649 3998 [5ι6,
666 3921 709 4003 5.]
727 3918 792 4002 ’τήν
812 3942 1010 4004 προτιμηστν,
1059 3923 1165 3983 Paene
1196 3944 1321 4005 semper
1346 3913 1447 4000 praefe-

371 3993 517 4091 rebantur
539 4000 648 4061 Veneti
670 4005 821 4081 Prasinis,
854 4005 957 4066 lavore
969 4007 1231 4087 imperatorum,
1253 4005 1366 4089 quibus
1385 3999 1449 4058 Pta-

370 4093 426 4169 stur
448 4078 624 4162 plerumque
644 4087 732 4146 invisi
755 4097 851 4147 erant.
895 4088 1084 4148 Consistebat
1110 4101 1221 4155 autern
1252 4081 1447 4173 pmemgtllta

369 4177 401 4216 ¹¹¹
423 4179 477 4238 ⁰⁰2
514 4167 597 4245 quod
616 4168 706 4248 primi
727 4169 770 4242 ab
784 4171 967 4253 Imperatore
986 4172 1197 4236 salutarentur
1225 4184 1259 4238 et
1279 4165 1450 4236 benedictio-
