2975 4892
80 312 135 381 no
164 312 390 381 cessem.
415 312 565 381 rosen.
593 316 648 379 oe
677 314 814 381 neem
844 318 919 383 ιιι.
947 320 990 383 ιι.
1025 292 1109 408 867

27 472 102 551 turn]
126 473 290 557 praecepit,
311 491 433 555 amrqae
448 474 704 556 postnaeniarnon
721 474 926 553 gamttaeem
950 470 1008 559 [τὰ
1028 463 1112 539 ἔκτα

27 564 55 613 et
73 546 128 625 τὰς
148 552 310 634 ειίφημιάς
330 552 481 635 designet]
501 570 530 615 et
549 558 705 615 missarum
727 556 949 619 celebrationem
969 559 1014 619 ad
1036 580 1114 621 men·

27 657 90 697 sant
109 638 320 712 invitaremur,
342 640 375 697 in
393 640 525 697 citeriori
544 640 677 719 margine
695 658 827 713 mensae,
863 662 939 724 qaae
966 655 1033 702 emt
1050 645 1113 705 sine

27 719 178 779 latidedine
198 720 299 801 longa,
324 720 528 800 Balgarormn
547 724 698 799 ntozcinm,
717 722 866 803 Ungarico
886 745 967 783 mone
987 738 1112 804 tomum,

27 823 117 861 aenea
138 816 241 863 catena
260 804 387 863 cinctam
409 796 528 887 [uloelp,
552 816 587 864 ut
607 805 713 865 Noster
732 826 844 886 supra,
874 806 907 867 id
926 817 971 869 est
990 817 1111 887 torque,

27 906 116 965 quem
138 885 341 967 Luitprandus
369 908 423 967 per
448 898 635 947 contemtum
662 910 787 949 aeneam
805 901 942 951 catenam
962 888 1113 971 appellet,

27 966 102 1027 sorte
122 988 268 1041 aeneum,
297 969 350 1031 sed
370 968 554 1051 inauratum]
576 983 614 1040 et,
637 985 670 1033 ut
689 993 769 1031 mens
782 974 859 1032 milti
874 975 1015 1053 suggerit,
1033 986 1114 1033 cate-

27 1052 193 1111 elaanermm
221 1049 459 1193 {Christianismi
479 1054 672 1113 candidatum
695 1055 830 1115 nondum
850 1056 1036 1137 baptizatum
1055 1056 1113 1115 do-

27 1136 198 1215 ctrinaeque
246 1133 410 1197 hristienee
437 1131 563 1209 rudem',
594 1136 723 1219 ideoque
751 1159 822 1199 eum
854 1138 945 1200 docto
972 1142 1115 1221 episeopo

27 1214 105 1275 haud
126 1216 376 1299 comperandum]
397 1222 471 1277 milei
483 1221 663 1301 praeponit,
696 1219 741 1279 ad
768 1235 896 1281 vestram
912 1223 1027 1304 plane,
1056 1222 1114 1283 do-

27 1301 100 1357 mini
127 1302 187 1362 mei
212 1301 339 1382 Angrati
365 1300 526 1385 [Ottonem
549 1304 575 1363 1.
597 1313 650 1361 aut
676 1301 797 1378 solum,
825 1315 878 1363 eut
905 1325 967 1365 una
986 1326 1110 1387 anoque

27 1382 192 1461 Angustam
213 1384 276 1445 eius
296 1404 421 1445 uxorem
451 1384 645 1467 compellat],
675 1388 893 1448 comameliam.
913 1421 953 1433 -
976 1388 1114 1464 Veram,

27 1463 142 1527 dontini
171 1467 232 1525 mei
244 1510 253 1542 ,
288 1488 385 1528 meam
404 1488 464 1527 non
484 1468 693 1546 considerans,
727 1470 783 1530 sed
799 1483 927 1529 vestram
946 1472 1112 1547 mirream,

27 1567 155 1609 aternam
175 1549 293 1633 reliqui.
335 1552 486 1635 Quomqte
505 1550 664 1631 indignam
684 1551 767 1613 abire
785 1554 912 1627 vellem,
934 1552 998 1614 Leo
1020 1554 1114 1615 Coro-

27 1632 151 1711 polates,
171 1630 366 1714 Imperatores
365 1634 485 1713 frater,
504 1648 533 1693 et
543 1634 635 1695 Proto
658 1654 679 1695 a
704 1637 819 1695 recreas
835 1635 956 1697 sonan
966 1656 1047 1717 pone
1064 1658 1113 1696 me

28 1728 191 1797 seqzamtur,
200 1716 272 1775 lraec
283 1716 441 1778 latrantes.-
466 1717 568 1792 „Cam
583 1717 784 1801 &cristophori
786 1718 899 1801 filiam
910 1716 1028 1794 Petras,
1042 1718 1114 1777 Bal·

27 1816 167 1874 garonam
191 1796 341 1877 Vasileus,
361 1802 511 1879 conargem
533 1799 669 1871 disceret,
705 1796 878 1881 σύμφωνα,
898 1801 935 1861 id
952 1813 995 1861 est
1012 1821 1115 1861 conso-

27 1882 127 1939 nantia
156 1879 292 1962 [paete],
312 1884 420 1965 scripto
440 1883 608 1945 iuramento
629 1883 803 1967 corfirmato
822 1897 898 1956 sant,
926 1895 959 1943 at
984 1884 1114 1944 omnium

28 1966 153 2039 gentiam
176 1964 336 2047 apostolis,
360 1964 398 2027 id
415 1978 458 2025 est
473 1966 603 2039 marcis,
628 1988 718 2049 penes
737 1988 790 2027 noe
809 1966 1011 2047 Balgaronem
1030 1987 1111 2049 apo-

28 2046 93 2103 stoli
114 2061 361 2130 praeponentem,
394 2048 595 2127 honorentur,
624 2050 798 2130 diligamur.
839 2048 1042 2130 Balgarorum
1061 2048 1114 2108 ille

29 2128 192 2208 apostolia,
214 2148 407 2215 quanquam,
437 2144 469 2191 ut
485 2130 561 2191 dicis
591 2143 620 2191 et
646 2154 750 2193 verton
777 2144 842 2209 est,
869 2146 987 2210 tonsus,
1016 2132 1116 2191 illotas

30 2222 56 2267 et
81 2226 297 2273 catenaaenea
324 2216 433 2274 carcaa
453 2214 511 2287 sit,
540 2216 684 2298 patriciza
711 2229 809 2277 tanren
837 2228 901 2293 est,
930 2216 979 2275 cai
1000 2215 1114 2296 episco-

27 2310 97 2372 pam
122 2297 329 2379 praeponere,
363 2296 549 2357 Francorum
576 2300 772 2381 praesertim,
809 2299 894 2376 nefas
913 2298 1114 2370 decertamus,

31 2375 200 2438 r'mlr'oamas.
244 2378 448 2463 aequoniam
466 2393 492 2439 te
515 2380 550 2439 id
568 2380 789 2460 indignescrre
808 2383 1023 2462 cognoscimus,
1055 2401 1116 2441 non

31 2460 213 2521 temneat
230 2462 397 2545 hospitium,
423 2474 454 2521 ut
469 2474 575 2544 pellas,
601 2464 700 2523 redire
721 2465 862 2540 sinirnns,
883 2463 938 2522 sed
957 2464 990 2522 in
1010 2463 1116 2522 diver-

29 2542 102 2601 sorio
122 2544 252 2625 quodam
271 2566 336 2604 econ
356 2546 553 2627 imperatoriis
581 2548 675 2605 seroie
703 2543 782 2627 [τοῖς
800 2542 991 2626 βασιλικοῖς]
1021 2545 1118 2605 cibum

31 2638 146 2701 gratare
174 2628 402 2709 coozpellimasl’
445 2628 556 2710 Qaeeilrta
576 2626 612 2687 ol
630 2628 891 2710 incomparabilem
913 2629 1012 2687 cordis
1030 2627 1116 2687 dolo-

32 2726 89 2765 rem
105 2710 182 2767 rn'la'l
199 2710 355 2793 respondi,
378 2710 431 2771 sed
448 2732 525 2795 qrtae
543 2712 686 2771 itaserant
704 2711 786 2788 jeci,
806 2709 961 2790 radanem
980 2708 1118 2769 iudicans

33 2806 178 2871 mensam,
198 2812 262 2877 qna
284 2814 344 2854 non
363 2792 431 2854 dico
451 2796 527 2853 nn'lri
541 2792 726 2878 Laitprando
747 2792 899 2889 Episcopo
925 2790 1117 2875 [cateclitone

32 2889 101 2948 retes,
127 2873 201 2935 haee
221 2896 278 2937 vox
302 2876 422 2937 videtur
443 2876 602 2947 excidisse,
635 2876 689 2936 sed
716 2883 884 2937 necessario
903 2872 1043 2955 requiri]‚
1064 2874 1119 2933 sed

34 2952 228 3034 Brdgarorems
258 2959 379 3019 mezcita
408 2974 505 3019 oestro
541 2960 740 3043 praeponitur
757 2960 875 3023 nuncio.
924 2957 988 3017 Sed
1012 2958 1118 3017 lenivit

32 3034 159 3099 dolonem
179 3062 276 3105 meum
296 3041 467 3125 Imperator
485 3056 599 3103 sanctm
626 3032 659 3126 [ὅ
683 3035 887 3121 αὐτοκράτωρ
912 3039 962 3101 vel
982 3034 1000 3097 ὅ
1023 3039 1118 3116 βασι-

33 3113 140 3191 λεύςό
169 3114 276 3201 ἅγιος,
304 3125 410 3186 irridet
438 3123 587 3207 Graecos]
614 3146 733 3184 rnanere
762 3144 869 3204 magno
900 3122 1015 3206 [omnia
1041 3122 1117 3182 haee

33 3199 139 3265 ironice
161 3204 269 3288 dieta]‚
291 3210 409 3269 mittens
428 3208 504 3267 milii
522 3230 564 3267 ea
582 3208 798 3268 delicatissimis
815 3209 875 3267 sais
893 3207 967 3269 cibis
986 3200 1117 3266 medon·

30 3284 188 3365 prognem,
222 3310 265 3350 ea·
291 3312 348 3374 qao
370 3294 430 3374 ipse
450 3290 635 3365 comederat,
671 3290 769 3366 allio,
799 3310 887 3373 cepe,
918 3290 1020 3373 porris
1039 3288 1120 3346 latae

32 3365 255 3447 effeminatam,
277 3394 351 3453 gam
370 3373 544 3449 delibatam,
564 3385 650 3457 quem
668 3387 783 3434 vestrae
802 3386 870 3433 tanc
891 3392 1008 3431 neensae
1025 3373 1119 3429 inesse

33 3456 149 3531 optavi,
180 3468 231 3531 nt,
266 3457 319 3538 qai
345 3454 468 3516 delicias
492 3458 588 3517 sancti
616 3456 812 3540 Imperatoris
843 3469 940 3515 tantas
974 3454 1029 3537 [ita
1049 3451 1117 3533 lego

33 3534 227 3619 Prosaastas]
249 3560 310 3598 esse
334 3560 394 3601 non
419 3539 557 3611 creditis,
586 3540 691 3599 saltem
709 3540 755 3598 Ιιίι
770 3540 928 3620 perspectis
950 3537 1120 3597 crederetisi
1218 3566 1221 3572 ’

36 3611 198 3681 Transactis
212 3642 280 3701 ergo
300 3636 363 3685 octo
393 3622 516 3699 diebos,
548 3643 613 3681 cum
644 3622 773 3702 Balgari
799 3623 861 3680 iarn
882 3620 1032 3694 abessent,
1057 3639 1117 3701 pa·

35 3706 94 3757 tans
119 3724 165 3763 rne
194 3724 326 3764 mensam
355 3705 550 3788 magnficare
574 3726 669 3783 snam,
699 3707 732 3767 in
761 3704 865 3764 eodem
893 3704 959 3763 loco
986 3703 1118 3764 mesatis

32 3796 175 3859 aegrotem
197 3788 357 3847 convivare
377 3791 480 3869 ooe'git.

90 3862 160 3951 429.
176 3868 210 3929 C.
225 3880 365 3951 antepen.
389 3868 560 3953 [741,16.]
581 3862 633 3931 ιδ’.
666 3868 832 3931 Aberrevit
852 3867 969 3929 librarii
998 3887 1118 3932 manus.

34 3938 102 4025 Leg.
127 3954 210 4013 enim
233 3946 272 4029 dl
284 3996 292 4028 ,
316 3952 413 4030 X11.‚
437 3964 472 4013 ut
494 3974 529 4013 ex
552 3954 616 4035 ipso
638 3964 781 4013 contextu
805 3952 912 4033 liquet.
1102 3990 1105 3997 -

110 4032 148 4098 D.
164 4034 300 4117 2.[741,
319 4036 382 4117 19.]
409 4023 484 4095 ivea
510 4036 574 4097 τῶν
603 4028 792 4116 χλαμύδων.
834 4034 905 4095 Νοιι
933 4032 1042 4093 licebat
1064 4052 1118 4093 co·

35 4124 94 4170 ¹'am
123 4118 308 4199 Imperatore
338 4122 369 4179 in
402 4118 581 4199 chlamyde,
616 4130 651 4179 ut
677 4128 762 4179 veste
792 4117 902 4178 extima
920 4128 953 4178 et
980 4116 1119 4189 honoris,

34 4198 107 4257 stare
127 4244 137 4281 ,
159 4202 212 4263 sed
233 4204 259 4265 ei
280 4204 312 4263 in
333 4203 398 4265 eius
423 4214 618 4285 conspectum
645 4199 828 4267 veniendum
857 4212 956 4283 esset,
985 4196 1123 4281 chlamys
