2975 4892
313 277 407 364 630
526 307 582 373 ιο.
614 307 693 372 nc
722 307 874 370 naum
904 303 1196 370 commnmn

314 485 375 548 qua
394 487 484 550 mpra
506 465 568 526 dixi
588 467 631 525 in·
648 463 757 524 ritibus
776 462 988 523 Coronaticnis
1003 463 1224 544 Augusteum,
1242 472 1277 523 et
1291 461 1408 524 Noster

313 567 345 629 p.
361 551 431 610 322.
448 551 483 620 ll.
504 570 548 609 ro.
571 545 725 608 admonet.
769 546 874 606 Potest
897 557 1002 606 tamen
1020 566 1111 605 serm
1123 544 1277 606 aunario
1294 545 1336 606 de
1353 551 1407 606 in-

315 629 378 690 fula
390 632 494 695 induta
507 633 614 712 accipi,
633 651 725 713 msam
737 631 936 712 Imperatores
945 634 977 690 in
989 631 1126 710 ingrusu
1140 627 1339 690 inccclm'mm
1348 629 1408 688 de-

315 715 489 794 ponebant,
512 717 544 774 in
567 717 649 774 exitu
667 733 773 772 rursus
795 715 828 772 in
848 713 947 794 capite
1141 721 1167 770 t.

378 799 454 860 525.
471 799 507 858 C.
521 794 578 856 ult.
599 795 684 880 [563,
704 793 766 876 ι8.1
795 793 1041 875 κραματιζουσι.
1079 795 1205 876 Saepius
1224 792 1284 854 boc
1302 795 1336 860 in
1351 815 1407 855 co-

315 879 383 942 dice
404 879 462 941 τοῦ
482 872 641 962 κράματος
663 874 794 938 καὶτοῦ
814 875 1019 958 κραματίςειν
1038 876 1073 936 fir
1097 879 1224 936 mentio.
1265 877 1324 937 Est
1346 897 1405 936 an-

316 973 376 1022 tem
390 959 498 1045 xpriun
527 972 558 1022 et
576 964 705 1021 nuatum
734 960 934 1031 deieinnatio‚
963 957 1173 1038 ientaculum,
1201 970 1234 1019 et
1250 961 1403 1034 mm,

315 1041 539 1124 κραματΙζειν,
560 1043 757 1118 deiciunare3
778 1042 841 1105 vid.
857 1043 1064 1124 Ducangev.
1079 1043 1234 1116 Mirm,
1255 1039 1310 1102 ubi
1321 1042 1405 1102 mul-

315 1137 346 1188 ta
373 1127 462 1188 buius
478 1127 704 1208 significationis
724 1123 862 1208 exempla
873 1126 987 1186 attulit.
1028 1124 1174 1201 solebant
1193 1145 1304 1206 nempe
1313 1126 1406 1186 Grae·

315 1213 343 1270 ci
367 1211 458 1270 ieiuni
491 1209 531 1269 ad
554 1209 788 1270 celebrationem
814 1206 911 1269 divini
936 1207 1036 1270 cultus
1059 1219 1092 1269 et
1118 1211 1228 1268 mnne
1243 1210 1405 1290 praecipue

314 1292 478 1368 accedere3
510 1295 582 1374 quie
611 1291 714 1352 cibum
745 1303 867 1375 gustare
892 1303 965 1352 ante
999 1303 1133 1352 summm
1158 1293 1405 1350 communionem

314 1395 371 1456 prc
393 1395 502 1456 magno
530 1376 656 1438 crimine
684 1374 811 1436 hubent.
861 1373 905 1435 Ne
933 1374 1026 1455 igitrn
1056 1377 1147 1435 nimis
1165 1373 1220 1434 diu
1240 1373 1405 1434 ieiunam

314 1477 378 1518 sese
399 1457 547 1540 fatigent,
571 1457 681 1536 solent,
702 1470 865 1540 antequam
884 1477 920 1517 ex
940 1455 1065 1518 ecclesia
1083 1456 1248 1533 decedant,
1269 1454 1406 1518 bucellas

313 1540 399 1622 panis
429 1539 546 1622 aliquot
575 1553 606 1600 et
624 1543 689 1602 vini
717 1539 886 1624 poculum,
920 1561 974 1600 seu
995 1541 1096 1616 meri,
1124 1559 1178 1600 sen
1198 1559 1278 1621 aqua
1299 1541 1403 1616 mixti,

313 1643 365 1684 reu
395 1623 605 1700 aromatibus,
635 1645 713 1708 quac
733 1625 834 1684 Latini
863 1624 1016 1704 aequiores
1031 1626 1185 1707 pigmento
1208 1621 1405 1704 appellabant

313 1710 359 1804 (r.
379 1707 433 1806 liu
453 1705 554 1789 Gange
577 1704 611 1766 b·
631 1713 696 1783 u),
718 1706 853 1781 conditi,
874 1716 906 1766 et
926 1706 1044 1802 fructus
1065 1707 1193 1767 boraecs
1211 1717 1306 1787 etque
1334 1703 1404 1766 dul·

314 1787 1407 1958 23:²13?tffissttitfitltj²tltldetffitssffiffi

314 1954 434 2034 cedunt,
488 1955 686 2036 Imperatores
711 1955 840 2029 Graeci,
869 1975 966 2036 quum
995 1953 1096 2039 adbuc
1115 1964 1215 2016 esseut
1231 1999 1241 2029 ,
1259 1974 1401 2035 protere·

314 2057 383 2097 suos
404 2039 435 2096 in
455 2039 614 2098 metatoric
645 2057 700 2098 suo
728 2055 782 2096 seu
814 2037 930 2117 capella
950 2036 1099 2118 imperiali
1119 2040 1276 2124 proposito
1295 2048 1329 2096 et
1352 2058 1404 2098 ex·

316 2117 414 2180 bibito
445 2117 505 2180 boc
538 2122 632 2179 mixto
666 2137 721 2179 seu
741 2118 892 2180 ientaculo
918 2120 1128 2200 excipiebant,
1163 2131 1194 2181 et
1211 2119 1337 2202 quando
1355 2121 1405 2181 die

316 2199 447 2282 quodam
482 2202 557 2262 sesto
590 2201 736 2263 deberent
767 2223 927 2285 procerum
959 2202 1076 2286 aliquos
1119 2203 1160 2264 ad
1194 2223 1296 2264 sacras
1329 2225 1403 2284 epu-

315 2281 359 2342 lae
379 2281 541 2360 adbibere,
563 2283 693 2346 debebat
714 2295 851 2368 tempore
868 2288 1010 2347 crematis
1039 2287 1208 2347 Atriclinus
1225 2287 1406 2346 nominatim

317 2363 473 2448 singulos,
496 2387 573 2449 quos
593 2389 695 2429 secum
717 2368 867 2450 prandere
888 2378 942 2428 aut
960 2390 1089 2430 conare
1108 2368 1201 2430 vellet
1218 2369 1264 2428 lm
1340 2379 1403 2440 tor,

316 2447 468 2526 invitare,
510 2461 545 2510 ut
579 2471 614 2512 ex
641 2471 674 2532 p.
712 2453 809 2516 anii.
838 2471 865 2510 r.
894 2463 999 2532 patet,
1029 2452 1083 2512 ubi
1102 2451 1405 2512 memorab'abaec

316 2529 408 2592 verba
430 2529 592 2616 leguntur:
618 2533 672 2594 tac
686 2533 784 2613 υμᾶς,
803 2519 833 2594 oi
852 2533 950 2632 pltat,
970 2533 1012 2596 dv·
1024 2534 1064 2617 τῇ
1081 2533 1231 2614 deodati
1249 2533 1403 2616 τραπέζᾳ,

317 2611 372 2672 rub
390 2617 478 2697 regiis
504 2617 599 2698 epulis
619 2619 780 2692 crematis,
813 2633 870 2698 roc
888 2635 907 2675 κ
928 2637 1048 2694 αματος
1066 2617 1123 2697 τῆς
1140 2595 1278 2697 peydlpc
1299 2615 1405 2696 ἐκκλη·

317 2692 388 2768 σίας
409 2700 515 2761 καλεῖν
536 2696 590 2772 εἰς·
603 2697 806 2760 acrearum
823 2696 889 2759 teir
908 2637 1065 2775 inertior
1083 2701 1288 2779 prytotriroc·
1323 2697 1405 2760 llaec

317 2789 363 2840 eu
383 2777 482 2842 brevis
511 2781 579 2842 idea
607 2783 759 2844 crematis.
811 2781 877 2843 lam
905 2781 945 2842 de
963 2784 1080 2866 origine
1097 2793 1130 2843 et
1148 2786 1193 2844 rei
1212 2791 1246 2842 ct
1264 2780 1403 2842 vocabuli

317 2859 472 2944 aliquanto
504 2864 628 2929 uberius
663 2861 825 2924 dicendum
846 2873 902 2924 est.
945 2863 1013 2946 Ego
1031 2863 1155 2947 quidem
1175 2875 1272 2947 puto,
1303 2885 1402 2925 crama

318 2965 381 3002 esse
402 2945 564 3026 reliquias,
586 2948 748 3030 irnfflinern
768 2955 799 3007 et
819 2949 1039 3009 succensionem
1058 2958 1197 3010 veterum
1228 2967 1402 3030 agapetum.

317 3023 414 3086 Sentit
434 3029 555 3108 quidem
576 3029 663 3091 aliter
684 3031 813 3092 loannes
830 3027 974 3092 Belethus
993 3029 1403 3114 c.119.Explican'cnisdi-

317 3111 381 3170 vini
401 3109 511 3188 officii,
533 3116 586 3194 qui
604 3115 733 3176 minnan
751 3111 813 3173 hcc
836 3122 889 3172 aut
905 3133 1038 3195 menum
1053 3115 1262 3198 praediolum,
1282 3114 1337 3188 (ita
1349 3135 1401 3194 ap-

319 3189 437 3271 pellen)
458 3193 596 3275 perhibet
616 3205 697 3264 metu
721 3196 894 3257 institutum
915 3194 1027 3272 luisse,
1048 3217 1088 3258 ue
1108 3207 1248 3281 acceptae
1267 3196 1402 3256 euchari-

317 3275 391 3339 stiae
420 3277 588 3359 quidquam
609 3299 680 3338 curn
706 3275 800 3343 saliva
832 3288 979 3360 exspuent
1004 3278 1059 3360 qui
1092 3280 1402 3354 communicaverint,

317 3355 368 3416 scd
390 3359 553 3422 colluticne
582 3357 639 3421 hac
660 3359 722 3420 cris
742 3363 846 3421 omnia
867 3382 959 3433 ,sacra
977 3361 1075 3442 probe
1095 3360 1213 3424 detersa
1240 3363 1273 3422 iu
1293 3364 1402 3422 rectri-

318 3437 421 3503 culum
453 3441 644 3510 descendant.
686 3442 786 3525 Digna
801 3453 873 3504 sunt
891 3464 970 3524 quae
991 3443 1042 3506 bic
1059 3442 1199 3527 legamm
1217 3447 1283 3506 eins
1303 3445 1401 3520 verba,

318 3542 416 3606 neque
429 3523 542 3607 pigebit
562 3523 743 3587 adscribere.
763 3525 864 3586 Habet
872 3547 993 3614 quoque
998 3528 1094 3604 buius
1104 3530 1273 3591 sententiae
1284 3548 1402 3611 gravem

319 3616 482 3668 auctorem.
537 3608 596 3670 Sed
617 3631 671 3684 ea,
694 3629 765 3672 cum
786 3608 889 3670 multis
914 3594 1049 3672 eiusdein
1068 3610 1183 3673 sannae
1203 3610 1295 3686 aliis,
1315 3609 1401 3672 debe·

318 3699 368 3751 tur
390 3687 448 3750 illis
468 3689 672 3771 temporibus,
695 3693 806 3776 quibus
827 3692 975 3757 constitet
994 3692 1135 3775 eeclesiae
1155 3691 1187 3754 in
1207 3697 1294 3775 peius
1315 3713 1400 3753 rum·

318 3769 357 3830 tis
386 3781 416 3830 et
450 3783 597 3853 gustatam
618 3771 710 3836 modo
741 3774 911 3837 libertatem
937 3787 1028 3856 atque
1047 3780 1239 3838 securitatem
1260 3777 1401 3836 insuetam

317 3871 381 3912 non
402 3853 524 3915 serentis
554 3859 585 3918 in
620 3880 656 3920 ec
676 3869 764 3920 erant
781 3861 863 3938 toti,
883 3868 921 3918 ut
939 3869 1059 3921 coetum
1079 3880 1169 3920 snum
1183 3869 1342 3940 augerent,
1361 3869 1399 3931 ct,

319 3955 396 4016 quos
431 3933 496 3998 aliis
525 3939 622 4002 modis
654 3941 842 4022 nequibant,
870 3934 1073 4002 asservatione
1090 3941 1248 4023 gentilium
1269 3943 1398 4008 rituum,

318 4017 370 4080 sed
399 4017 572 4084 christianis
591 4021 744 4102 coloribus
775 4024 966 4120 fucatorpm,
995 4025 1052 4087 sibi
1073 4024 1280 4104 conciliarent.
1321 4024 1399 4100 Qum

319 4101 411 4162 secuti
439 4106 635 4186 posteriores,
668 4103 768 4169 callidi
789 4117 820 4166 et
840 4105 1075 4174 dissimulatores
1095 4111 1215 4183 mnus,
1238 4105 1292 4167 sed
1313 4105 1400 4184 mapa

318 4183 490 4268 ignorantes
516 4197 546 4248 ct
566 4209 707 4270 nugaces,
727 4189 929 4259 exhauserunt
952 4191 1157 4273 ingenium-in
1179 4192 1400 4252 comminiscar
