2975 4892
294 283 379 370 270
493 283 549 348 10.
581 282 660 350 tae.
688 286 847 350 aalsau
868 285 1149 354 auraemalae

293 439 476 505 babisone
495 442 687 502 coniecturae
707 439 852 522 oaxpoiv,
885 445 933 503 cui
955 445 1018 524 ipse
1037 442 1165 523 diffidit,
1186 445 1362 532 qnandoqui-

301 523 372 584 dem
390 546 422 606 p.
450 525 516 607 139.
538 523 580 584 A.
599 524 753 603 σεκρέτων
771 545 828 607 pro
858 522 997 604 σεκόρων
1018 528 1191 608 substituit,
1223 531 1364 592 adstruere

294 607 394 668 valeo.
437 608 674 668 Obtinuerintne
695 610 770 668 seris
795 607 854 670 illis
869 611 1055 691 temporibus
1082 613 1204 674 comites
1224 635 1366 676 sacrarum

294 689 491 774 largitionum
511 692 545 750 in
564 688 633 750 aula
654 692 843 772 Byzantina,
860 691 950 754 valde
978 694 1101 774 dubit03
1134 696 1228 774 item,
1257 698 1367 757 nudene

294 777 339 837 sic
357 774 429 835 dicti
452 775 565 834 fixerint
584 795 759 849 sacrament,
778 795 839 858 pro
853 797 1006 836 sacrarum
1025 779 1223 859 largitiomon,
1243 783 1367 840 comites.-

296 858 379 940 qnod
398 859 520 940 quidem
540 858 621 940 apud
641 858 765 920 Latinos
785 863 818 919 in
839 879 895 918 usa
918 871 1002 938 erat,
1025 862 1106 944 apud
1127 863 1254 923 Graecos
1274 875 1367 924 antem

296 943 366 1005 ideo
387 963 451 1004 uon
470 940 592 1003 videtur
609 941 722 1015 firisse,
753 942 836 1026 quod
865 941 910 1001 illi
931 940 1051 1022 σάκρας
1071 945 1255 1028 appellarent
1269 949 1367 1028 *impe

297 1036 434 1088 ratorum
452 1023 560 1085 edicta.
602 1023 764 1087 Praeterea
793 1047 855 1086 aon
877 1037 962 1086 erant
982 1026 1083 1108 plures
1102 1033 1223 1090 comites
1243 1029 1365 1112 largitio-

297 1130 394 1185 num,
414 1107 466 1170 sed
488 1127 593 1185 unus3
614 1128 714 1188 neque
733 1112 823 1192 etiam
843 1119 906 1168 tam
920 1109 1013 1188 viles,
1043 1122 1079 1171 ut
1094 1112 1214 1196 hypatis
1232 1114 1366 1195 posterio

297 1213 346 1252 res
377 1201 474 1252 essent
512 1201 544 1251 et
581 1191 741 1254 stratelatis
775 1194 1053 1274 aequipararentur.
1111 1196 1215 1278 Neque
1243 1216 1367 1277 unquam

298 1277 424 1336 memini
451 1294 501 1336 me
529 1273 704 1336 candidatos
719 1287 774 1336 aut
793 1277 972 1337 domesticos
999 1299 1155 1339 sacrarum
1188 1278 1366 1362 largitionum

298 1355 421 1440 legisse,
444 1379 520 1440 quos
548 1359 656 1418 Latina
674 1361 882 1442 interpretatio
897 1380 930 1440 p.
954 1361 1022 1444 139.
1046 1360 1083 1421 A.
1099 1363 1158 1424 ult.
1179 1361 1366 1423 commendat.

297 1442 376 1502 Mihi
400 1429 522 1524 quidem
551 1463 591 1502 ne
618 1441 785 1523 probabilis
815 1443 939 1526 quidem
971 1446 1145 1506 coniectura
1169 1448 1312 1506 succurrit
1337 1445 1370 1506 de

298 1545 407 1608 sensu,
429 1535 483 1586 aut
499 1524 729 1605 emendatione,
750 1528 777 1587 si
795 1548 856 1608 qua
871 1547 946 1609 opus
961 1537 1025 1606 est,
1053 1527 1196 1590 vocabuli
1219 1525 1358 1610 σεκόρων.

1034 1613 1057 1662 θ

382 1677 424 1738 A.
440 1677 471 1738 3.
487 1676 584 1760 [235‚
603 1677 654 1761 4.]
671 1677 837 1762 πληρωθῇ.
872 1680 918 1741 Μ.
935 1681 1060 1763 πληρω,
1076 1679 1162 1742 ande
1175 1701 1294 1764 quoque
1306 1683 1371 1762 πλη-

299 1759 449 1844 ρωθῶσιν
469 1761 546 1822 effici
572 1772 681 1844 potest.

382 1846 423 1906 n.
438 1843 470 1922 4.
488 1843 582 1924 [235,
601 1843 650 1928 4.]
666 1841 824 1927 εἰσῆλθον.
866 1846 912 1906 Μ.
931 1838 1101 1926 εἰσελθών,
1124 1847 1208 1909 unde
1232 1845 1304 1910 effici
1324 1843 1370 1906 de·

299 1928 352 1992 bet
367 1925 565 2001 εἶσὲλθφσιν.
731 1942 734 1952 ’

367 2026 484 2087 ι58.0.
502 2047 533 2109 9.
560 2024 657 2108 [236‚
678 2025 727 2110 8.]
754 2023 895 2088 nedt'roo.
938 2026 1068 2088 Videtur
1092 2027 1177 2090 idem
1204 2049 1267 2092 esse
1291 2037 1372 2108 atque

296 2111 463 2197 peditans,
477 2119 507 2169 et
521 2111 634 2192 opponi
647 2109 817 2172 domesticis
829 2121 860 2170 et
873 2109 1029 2172 scholariis
1041 2115 1211 2192 equitatus,
1231 2111 1279 2174 vel
1290 2132 1370 2193 eque-

300 2193 423 2261 stribus.
443 2193 625 2268 Domestici,
644 2192 718 2254 alias
736 2205 921 2276 protectores
934 2194 1107 2268 domestici,
1134 2195 1284 2278 (deinceps
1301 2197 1373 2254 scio·

301 2278 377 2337 larii
394 2275 487 2351 dicti,
508 2279 631 2337 nomine
652 2278 807 2337 domestici
839 2279 871 2336 in
889 2279 1023 2357 ipsorum
1037 2288 1128 2359 caput
1154 2290 1184 2340 et
1205 2277 1374 2360 praefectum

300 2370 477 2422 transeunte
487 2359 507 2437 ,)
526 2359 844 2446 geminamxhabcbant
856 2358 1007 2438 scholam,
1027 2381 1120 2421 unam
1135 2361 1289 2442 peditum,
1308 2359 1374 2423 alte·

302 2465 369 2506 ram
387 2445 547 2525 equitum3
567 2444 632 2505 vid.
650 2442 751 2504 Valcs.
773 2445 811 2504 ad
830 2441 935 2504 Amm.
953 2441 1090 2504 Marcell.
1107 2466 1139 2526 p.
1159 2447 1254 2506 52.B.

385 2527 427 2586 Ι).
440 2525 579 2609 2.[236,
608 2523 667 2609 14]
701 2527 919 2608 συγκλητικοῦ.
963 2527 1172 2608 Opponuntur
1198 2527 1247 2589 hic
1269 2525 1373 2610 patricii

304 2608 450 2687 curiales,
471 2612 525 2693 qui
553 2611 592 2670 ad
613 2604 669 2690 τῆν
687 2601 878 2691 σύγκλητον,
901 2619 1038 2670 senatum
1059 2611 1158 2692 regni,
1178 2610 1373 2692 pertinebant,

303 2715 443 2776 prooeres
468 2692 702 2767 consistoriales,
730 2692 809 2770 illis,
839 2695 892 2774 qui
918 2692 959 2752 ad
985 2691 1124 2753 militiam
1149 2697 1329 2776 pertinerent
1349 2699 1375 2749 et

303 2777 476 2858 στρατηγοὶ
481 2824 491 2853 ,
511 2779 653 2858 strategi,
677 2775 820 2858 praefecti
847 2775 1071 2856 provinciarum
1106 2785 1137 2836 et
1177 2777 1375 2838 excubantium

303 2879 358 2941 per
376 2857 516 2920 cohortes
534 2858 687 2940 legionum
709 2869 818 2919 essem.
862 2859 945 2918 Dicit
963 2879 1055 2940 ergo,
1071 2879 1102 2919 se
1122 2863 1321 2940 expositurum
1334 2877 1376 2916 ce-

303 2941 449 3002 rimonias
472 2943 504 3002 in
519 2943 709 3022 promotione
722 2941 856 3023 patricii,
876 2951 939 3002 tam
960 2941 1099 3040 curialis„
1115 2963 1209 3024 quam
1226 2941 1374 3014 militaris,

74 3082 78 3089 .
173 3065 176 3070 -
304 3024 451 3086 solennes.
493 3024 577 3084 infra
596 3023 684 3096 claris
707 3024 808 3085 verbis
832 3018 862 3085 oi
888 3027 1083 3106 συγκλητικοι
1105 3025 1267 3108 πατρίκιοι
1291 3043 1376 3108 oppo-

303 3120 420 3170 nuntur
439 3111 506 3180 τοῖς
526 3100 588 3168 cinti
608 3106 760 3168 enatato.

299 3247 305 3258 ·
371 3207 656 3291 139.C.1.[a57,
684 3204 750 3288 aa]
779 3203 915 3268 ποιοῦσι.
956 3207 1055 3268 Erant
1085 3207 1168 3290 apud
1198 3209 1326 3268 Graecos
1347 3223 1377 3264 eo

303 3303 441 3375 tempore
456 3290 530 3352 CPli
547 3294 669 3373 poetae,
692 3289 796 3372 quales
810 3312 844 3350 ea
866 3291 981 3352 ferebat
1001 3302 1100 3363 aetas,
1128 3293 1182 3373 qui
1199 3289 1378 3354 conscriben-

304 3375 353 3437 dis
371 3376 409 3436 ad
437 3396 542 3437 omnes
566 3374 677 3436 hilares
688 3375 848 3456 tristesque
861 3395 963 3447 casus,
981 3373 1073 3435 festos
1085 3373 1169 3450 dies,
1188 3373 1378 3458 promotiones

305 3458 345 3518 ad
363 3459 514 3535 bonores,
538 3460 680 3520 victorias
699 3458 853 3518 Circenses
878 3468 960 3531 etc.‚
983 3457 1169 3520 carminibus
1195 3455 1377 3524 victitabant,
1439 3497 1440 3506 .

305 3559 402 3622 eaque
416 3562 533 3638 semper
548 3543 581 3601 in
601 3552 725 3640 promtu
744 3540 899 3639 habebant
915 3552 945 3601 et
960 3539 1148 3638 vendebant,
1166 3551 1202 3601 ut
1221 3561 1296 3623 opus
1308 3533 1376 3634 nihil

305 3623 1378 3789 zti.⁸¹¹ttt,ttt..tt⁶..”ttt”ttttt’.tttttt‘ttntffttt

305 3800 453 3850 nosnates
463 3789 629 3871 appellant,
644 3791 867 3870 mundantibus.
896 3790 1004 3851 Talem
1019 3785 1174 3870 ποιητήν,
1193 3791 1309 3871 poe'tam
1319 3803 1378 3867 gra·

305 3870 475 3945 tulantem,
494 3874 663 3932 carminum
684 3874 715 3933 in
742 3873 879 3954 publicas
901 3872 1095 3934 solennitates
1113 3873 1317 3946 conditorem,
1337 3867 1378 3926 fu·

307 3953 956 4102 ffilqleffiiblilygpioblom’ssucmffn
979 3956 1131 4098 fmlptelpiae
1150 3954 1318 4054 bistorioae.
1332 3947 1380 4092 ev,

534 4081 543 4097 0
615 4082 622 4098 ι
697 4083 705 4099 .
743 4085 751 4101 .
826 4085 833 4102 .
1102 4061 1112 4096 l
1168 4060 1187 4097 ll

306 4059 448 4203 eqauillgiir
468 4045 741 4204 probarernotimi
764 4059 978 4204 biriniolleinr,e
991 4051 1382 4204 luisseecilpeira’toiisbimclqgr·

308 4208 427 4268 subura.
469 4205 613 4267 Solebaut
629 4204 706 4267 tales
717 4211 823 4290 poetae
835 4203 1008 4268 nominibus
1023 4215 1241 4289 patronorum,
1263 4201 1300 4264 ad
1315 4213 1382 4280 quos
