2975 4892
345 313 431 402 218.
551 340 607 406 ιο.
638 338 718 407 uu
747 334 895 404 nusuu
922 325 1202 406 commutanti

343 504 411 572 est,
441 503 498 559 am
512 493 553 562 ab
577 497 690 578 agyrtls
710 493 770 571 illis
794 489 921 576 Cybeles
944 491 1123 576 repetendus
1151 503 1214 570 est,
1244 494 1293 576 qui
1312 492 1399 576 palma

344 578 377 637 in
400 577 498 639 triviis
526 575 672 640 collocuta
694 598 729 638 ex
758 597 793 640 ea
816 579 900 638 Deae
924 597 995 637 suae
1019 577 1179 659 imaginem
1200 571 1400 658 dependentem

344 661 557 742 superstitiosis
575 661 808 736 monstrabant,
841 657 987 720 miracula
1011 659 1076 722 eius
1100 657 1226 720 credulis
1246 659 1399 736 iactabant,

344 753 377 802 et
392 745 501 825 stipem
519 743 560 804 ab
576 746 648 828 ipsis
669 743 881 808 comedebant.
926 741 961 807 ld
981 753 1048 816 est,
1071 741 1153 824 quod
1174 741 1315 804 Arrianus
1340 743 1402 825 φο(-

344 845 416 890 mus
437 820 591 904 imdrcw,
626 826 775 888 Aristides
793 825 934 906 ,φοίνικα
958 823 1170 905 περικομιζειν
1197 823 1343 967 appellate»
1367 825 1403 884 Et

346 907 380 974 hi
412 920 484 972 sunt
504 907 556 970 illi
572 909 778 993 dendrophori
807 908 1059 990 inscriptionum,
1093 907 1131 982 de
1161 909 1211 988 qui
1233 930 1267 968 us
1288 907 1403 967 multum

345 989 531 1075 disputatum
548 992 624 1070 fuit,
646 994 732 1054 etde
753 991 864 1076 quibus
884 1011 916 1052 v.
932 989 1061 1050 Salmas.
1085 989 1125 1050 ad
1148 989 1255 1073 Script.
1277 990 1315 1052 ll.
1333 991 1400 1071 Aug.

345 1072 385 1134 T.
407 1077 435 1136 l.
452 1097 486 1158 p.
501 1095 574 1158 729.
616 1075 663 1137 Ut
684 1075 758 1138 olim
780 1095 855 1136 aevo
872 1073 973 1134 medio
990 1095 1073 1154 reges
1093 1074 1126 1133 in
1147 1073 1251 1134 urbem
1268 1075 1403 1134 venientes

344 1154 454 1220 ablatis
472 1157 637 1220 thuribulis
662 1171 693 1221 et
711 1158 852 1221 emeibus
879 1168 910 1217 et
933 1155 1054 1238 hymnis
1074 1159 1199 1216 cantatis
1221 1157 1403 1239 excipiebant,

201 1224 253 1282 34
260 1226 290 1279 ¹¹·
300 1225 337 1296 ⁶9
345 1241 389 1301 ita
404 1252 548 1303 narrante
559 1241 717 1304 Athenaeo
734 1263 769 1324 p.
787 1239 860 1304 253.
874 1241 910 1301 C.
919 1239 1113 1301 Demetrium
1125 1239 1317 1301 Poliorcetam
1329 1239 1403 1297 Athe

345 1345 403 1384 nas
416 1327 589 1386 vmiemem
609 1324 691 1388 leves
714 1325 913 1388 Aduenienscs
933 1321 1078 1405 Ιἐδέχοντο
1105 1319 1145 1381 oei
1165 1314 1259 1400 μόνον
1280 1321 1405 1398 θυμιῶν

346 1426 398 1480 τες
420 1406 478 1468 καί
498 1407 725 1491 στεφανοῦντες
747 1404 803 1489 api
821 1405 1055 1486 οἰνοχοοῦντες,
1088 1401 1168 1465 etet
1192 1405 1246 1465 καί
1263 1427 1284 1465 π
1304 1400 1404 1464 occidte

347 1483 403 1552 καί
425 1489 520 1574 χοροὶ
536 1487 593 1552 καὶ
615 1484 793 1573 [dapsilior
816 1487 885 1568 μετ’
909 1479 1070 1568 ὀρχήσεως
1094 1485 1151 1547 eet
1177 1483 1258 1572 ᾠδῆς
1281 1482 1404 1566 endecas

348 1562 443 1657 αὐτῷ.
473 1574 660 1721 ¹Illoqueuupi
663 1577 788 1636 omnino
810 1570 997 1716 ldplplattpsiale
1009 1567 1134 1713 drispdices
1152 1590 1187 1632 ex
1205 1567 1328 1714 bopsinls
1350 1569 1406 1710 hill

346 1675 400 1716 mo
418 1677 474 1718 ove
497 1679 524 1716 ι·
552 1669 637 1718 muta
660 1669 852 1719 stantano
874 1675 918 1715 tec
988 1673 1009 1713 u
1073 1673 1136 1712 sem
1159 1675 1192 1714 er
1212 1673 1245 1714 ea
1267 1675 1320 1713 cm.

337 1716 407 1800 'hoc
424 1759 488 1801 non
507 1701 658 1807 isthuius
677 1739 749 1804 loci.
793 1739 903 1802 lucidit
921 1732 980 1798 boc
1000 1735 1108 1798 festum
1125 1675 1305 1798 eiialtationis
1324 1734 1406 1796 crucis

348 1838 381 1898 in
394 1837 481 1901 xlv.
494 1838 678 1922 Septembr.,
702 1839 784 1900 unde
800 1835 1006 1900 Melitensibus
1024 1838 1135 1897 mensis
1173 1819 1339 1910 ψ-ΒΔῙῚ
1346 1825 1407 1928 μμ

348 1925 454 1983 nemis
475 1926 570 1984 eneis
590 1921 777 2005 appellatur,
809 1932 884 1982 teste
902 1919 982 2002 Agio
1003 1919 1042 1980 de
1058 1918 1198 1981 Soldanis
1216 1922 1248 1982 in
1268 1921 1406 1980 Gramma·

347 2006 408 2064 tica
427 2003 547 2087 linguae
566 2006 699 2066 Punicae
725 2025 778 2066 seu
807 2003 973 2066 Melitensis
988 2023 1019 2088 p.
1044 2021 1114 2064 tto.
1161 2003 1248 2066 Conl-
1270 2004 1355 2064 Goar.
1375 1997 1407 2060 ad

348 2085 732 2254 sodep4pnnllltffsspg,
747 2159 976 2252 adportaverat
994 2158 1017 2252 ἢ
1033 2166 1089 2232 κοΐ
1107 2166 1241 2251 δεκάτην
1251 2161 1362 2239 νυκτὸς.
1380 2163 1409 2224 ld

348 2262 394 2313 est
411 2249 488 2314 hora
508 2265 617 2351 quarta
638 2265 691 2314 aut
704 2253 811 2336 quinta
830 2254 997 2332 mentina,
1019 2253 1188 2314 secundum
1205 2263 1332 2316 nostrum
1343 2269 1407 2309 eom·
1447 2301 1448 2308 ,

347 2345 468 2416 putum.
511 2337 585 2398 Vid.
613 2336 741 2413 Cedren.
765 2357 840 2434 pag,
856 2333 927 2420 495.
951 2335 987 2395 Β.
1014 2355 1044 2418 7.
1074 2333 1275 2435 Theophanes
1297 2357 1326 2418 p.
1346 2331 1405 2410 loa.

347 2417 384 2478 B.
402 2439 431 2481 a.
456 2431 604 2484 memorat
627 2420 736 2481 horam
759 2429 857 2480 noetis
885 2427 1025 2502 quartam
1052 2430 1125 2480 ante
1147 2419 1273 2482 mediant
1295 2427 1407 2478 noctem.
1448 2487 1449 2500 χ

347 2501 427 2563 Sunt
444 2513 476 2563 et
493 2503 571 2565 aliae
593 2503 672 2585 apud
694 2523 766 2563 eum
784 2511 895 2580 nome,
922 2501 1065 2584 equibus
1085 2501 1274 2585 intelligitur,
1297 2503 1409 2562 Graecos

347 2583 389 2645 ab
416 2586 503 2647 initio
529 2584 627 2649 noctis
655 2585 747 2649 horas
772 2605 867 2670 usque
891 2584 1002 2646 ad'12.
1030 2595 1060 2646 et
1084 2583 1146 2648 dici
1166 2589 1277 2669 pariter
1302 2583 1337 2645 ab
1357 2579 1410 2642 eius

347 2668 435 2729 initio
452 2690 519 2732 com
562 2682 651 2733 tasse.

429 2752 466 2812 B.
488 2693 638 2838 mpsim,
657 2750 721 2836 11.]
741 2748 955 2837 Μανναύρας.
996 2751 1073 2812 Erat
1090 2751 1283 2838 Magnam-a,
1305 2747 1349 2812 vcl
1360 2765 1409 2806 na

347 2849 407 2914 gna
420 2833 509 2912 aula,
531 2835 677 2918 palatium
698 2836 863 2917 spatiosum
877 2843 910 2893 et
930 2832 1142 2916 splendidum,
1165 2835 1247 2920 quod
1270 2833 1409 2919 praecipue

346 2915 541 2978 admittendis
566 2920 608 2978 ibi
629 2919 735 3001 legatis
761 2919 867 2978 exteris
894 2925 924 2976 ct
942 2917 1128 2980 celebrandis
1161 2922 1272 3002 nuptiis
1296 2917 1409 2978 detna-

345 3005 414 3059 tum
433 3009 508 3059 erat.
552 3001 590 3062 ln
609 3021 646 3061 eo
668 3012 791 3084 quoque
808 2997 957 3062 recitabat
986 3001 1157 3082 imperator
1184 3025 1254 3064 suas
1279 3001 1411 3062 orationes

345 3081 379 3142 in
402 3079 548 3146 Silentiis.
590 3083 666 3166 '‘[ln
696 3085 863 3165 Magnaura
890 3103 1015 3162 magnos
1042 3084 1133 3146 duces
1157 3089 1290 3170 excipere
1313 3079 1411 3144 solebat

346 3163 525 3244 Imperator.
569 3165 642 3227 Vid.
673 3166 862 3226 Constantini
887 3165 1058 3228 vitaliasil.
1083 3169 1204 3230 Maced.
1228 3191 1256 3230 c.
1274 3165 1321 3228 M.
1359 3163 1411 3223 Leo

346 3247 379 3307 in
392 3250 560 3331 Magnaura
580 3249 706 3312 etxtx.
731 3247 889 3309 Accubitis
901 3249 1029 3330 'nuptias
1047 3249 1204 3317 celebrat..
1235 3244 1411 3332 611013.Μο-

346 3331 436 3392 nach.
459 3353 491 3413 p.
510 3331 581 3418 574.
624 3333 729 3415 Legati
751 3331 969 3393 Saracenorum
988 3353 1007 3393 a
1029 3331 1130 3394 Leone
1151 3337 1184 3395 in
1199 3336 1356 3416 Magusum
1370 3346 1411 3386 et·

346 3416 510 3495 cipiuntm.
554 3415 666 3499 script.
680 3415 965 3515 ‘post'Theophan'
977 3434 1046 3498 pag.
1064 3419 1137 3514 351.
1165 3415 1291 3478 Basilius
1314 3425 1370 3476 tam
1386 3411 1413 3466 in

346 3497 387 3657 i,
411 3623 419 3638 .
440 3519 514 3640 13²
523 3499 831 3668 hillidii}
846 3519 906 3642 'tt
927 3497 1385 3665 *ttlttlttte‘tlgq‘tl
1386 3511 1412 3652 i

346 3669 377 3719 et
397 3661 471 3722 cPh
494 3663 607 3726 Christ.
633 3666 676 3726 ll.
700 3687 733 3750 p.
762 3687 829 3750 ¹¹7·
853 3685 920 3748 sqq.
961 3665 1010 3728 De
1030 3665 1213 3750 etymologia
1242 3676 1350 3727 certum
1366 3665 1411 3717 est·

346 3743 454 3841 Graeci
487 3747 569 3808 enim
599 3769 687 3828 saepe
713 3750 733 3808 λ
757 3759 830 3828 etp
883 3758 1054 3824 ermutant,
1090 3761 1125 3810 ut
1148 3760 1230 3810 recte
1259 3739 1415 3808 observavit

346 3825 551 3922 luitprandus
573 3827 689 3890 Histoe.
714 3831 771 3890 Vl.
788 3851 817 3892 a.
861 3771 908 3891 lta
928 3831 1011 3914 quod
1037 3831 1108 3892 alibi
1133 3823 1353 3909 α’νεμοδούλιον
1371 3841 1415 3915 att·

345 3907 413 3985 de,
445 3910 567 3972 offendo
594 3913 674 3995 apud
694 3913 803 3974 Codin.
828 3913 972 3974 Lambcc.
1001 3937 1033 3998 p.
1057 3937 1109 3998 9¹·
1133 3905 1357 3990 ἇνεμοδούριον
1375 3903 1416 3964 ἀι·

345 4002 446 4094 etaim.¹
486 3995 523 4092 ln
546 3995 605 4084 hoc
630 3998 695 4094 ipso
721 3997 825 4058 codice
851 4019 882 4080 p.
904 3995 974 4057 580.
999 3999 1034 4060 B.
1057 4020 1086 4057 a.
1110 3997 1257 4057 habemus
1279 3985 1415 4075 &petetur

344 4095 401 4170 pro
423 4077 580 4174 aleppiae,
591 4081 723 4160 farma,
744 4077 915 4182 φιοαγέλιον
935 4102 992 4161 pro
1002 4081 1164 4176 flagellem
1192 4103 1223 4161 p.
1243 4077 1312 4155 lio.
1329 4075 1364 4134 D·
1377 4091 1417 4151 9·t

345 4156 556 4240 κενοφλωριον
575 4174 620 4223 est
642 4164 723 4244 apud
749 4163 878 4222 Ledren.
903 4183 959 4243 pro
979 4183 1236 4244 καινοφρουριον,
1253 4178 1354 4222 neuma
1376 4171 1418 4210 111-

345 4256 444 4305 mun-
489 4241 574 4308 Alibi
599 4245 772 4330 Τέρμισσος
789 4255 820 4306 ct
842 4245 1014 4324 Τέλμισσος
1031 4248 1220 4330 promiscue,
1266 4255 1295 4304 et
1317 4231 1419 4318 νόοοθς
