2975 4892
340 247 420 349 184
474 273 478 287 ·
538 273 594 337 10.
623 268 1185 338 1Ac.nE1slr11c0n1nn1tTAnn

335 429 481 508 temporis
494 427 657 508 deponere,
672 424 917 508 quandoquidem
929 425 994 506 lpse
1004 444 1125 508 quoqne
1135 423 1299 504 Imperator
1306 417 1407 506 absque

337 508 497 592 chlamyde
515 510 670 570 assideret.
703 511 774 584 Quo
787 507 827 567 de
837 509 899 567 ritu
910 519 1007 568 vestes
1022 511 1145 568 extimas
1164 507 1196 566 in
1209 505 1291 567 aditn
1310 507 1346 567 ad
1364 528 1406 568 sa-

338 615 405 652 cras
426 593 528 674 epulas
539 591 690 666 exuendi,
712 602 741 650 et
753 593 785 649 in
797 590 897 650 reditu
912 590 1088 672 repetendi,
1109 589 1178 648 dico
1191 588 1268 649 infra
1288 589 1326 648 ad
1345 587 1407 648 cte-
1437 604 1438 613 ¹

337 675 531 758 torologium.
560 675 668 735 Unum
680 673 738 733 hoc
751 672 843 742 addo,
866 675 989 733 Latinos
1007 673 1066 732 hoc
1079 670 1206 754 pallium
1216 671 1354 756 eprileten,
1373 671 1408 730 ab

339 755 465 835 ἑπιδὲω,
486 769 516 821 et
536 757 665 858 epiditen
685 755 725 816 ab
745 753 867 816 emittm
888 755 1062 838 appellasse,
1085 775 1141 838 pro
1156 775 1216 836 quo
1228 755 1331 814 Graeci
1343 753 1410 814 diee-

339 839 415 900 bant
441 839 619 920 ἑπενδστην.
660 839 733 899 Vid.
757 839 808 898 Du
830 839 931 921 Cange
949 857 982 898 v.
1004 838 1180 922 Epideoen,
1205 859 1262 920 pro
1280 858 1338 918 qno
1356 835 1406 917 leg.

340 922 500 1007 EpiiIeten.
521 922 716 1007 *[Constant.
732 922 790 982 vit.
806 921 899 982 Basil.
914 943 943 983 e.
964 942 1035 1004 19.:
1056 919 1088 981 Γ
1083 916 1216 1002 ρσύλλον
1234 912 1268 980 τὸ
1286 917 1342 978 τοῦ
1358 939 1410 977 σα·

340 999 497 1086 σρισίρχσυ
512 1003 707 1088 ἐπιφημίσας
721 989 823 1081 ὄνομα
842 999 899 1064 eui
916 1003 1122 1087 ἅρχιερατικῇ
1141 999 1345 1084 χρυσοστίηῳ
1363 999 1410 1060 καὶ

341 1081 557 1171 ὑπερλάμπρῳ
586 1083 748 1166 κοσμήσας
775 1087 872 1168 στολῇ
890 1081 947 1146 καὶ
965 1080 1148 1168 (ὄμοφόρισν
1168 1078 1306 1166 περιθεὶς
1323 1080 1409 1164 οἲσ.]*

424 1184 670 1271 47.Ι).υ1ῐ.[79,
689 1183 756 1270 ι6.]
785 1181 818 1247 οἱ
847 1183 884 1249 δὲ
911 1183 1128 1264 κουβονκλὼυ.
1169 1185 1215 1245 Μ.
1242 1177 1272 1243 οῖ
1300 1177 1334 1242 il
1357 1179 1408 1242 mi

341 1267 575 1347 κσυβσυκλείσυ.
875 1275 878 1282 “
1092 1325 1095 1328 ,

424 1366 477 1445 48.
490 1367 530 1428 A.
546 1390 576 1428 a.
599 1365 751 1456 [79,18.]
772 1366 949 1451 aportuit.
990 1367 1036 1429 M.
1058 1359 1139 1448 πρὸς
1160 1345 1248 1440 dia}
1266 1363 1313 1424 hie
1330 1361 1410 1426 etde

342 1449 468 1531 inceps,
488 1451 571 1532 quod
590 1473 653 1512 non
673 1463 884 1530 annotassem,
906 1452 965 1512 nisi
984 1453 1111 1522 scirem,
1134 1449 1255 1510 criticoe'
1270 1446 1338 1507 talia
1350 1466 1410 1528 quo

343 1553 404 1612 que
425 1537 541 1596 veneri.
583 1533 658 1595 Vid.
680 1535 797 1596 Dukeri
831 1533 959 1618 praefat.
987 1533 1026 1596 ad
1050 1530 1226 1615 Thucydid.
1266 1530 1349 1591 Notat
1365 1549 1410 1587 an·

346 1625 409 1674 tem
429 1609 508 1696 πρὸς
530 1605 613 1692 ἅπαξ
639 1640 711 1680 unns
732 1621 832 1704 nuque
849 1619 950 1678 semel.
992 1617 1040 1676 De
1060 1615 1114 1676 illo
1127 1635 1186 1675 usu
1207 1613 1411 1696 praepositionis

345 1691 427 1776 πρὸς
451 1698 530 1758 infra
549 1699 587 1761 ad
609 1722 678 1782 pag.
695 1641 768 1763 abr.
791 1701 834 1762 A.
855 1721 902 1761 ro.
926 1721 995 1782 ago.
1036 1699 1099 1760 Ter
1128 1696 1242 1758 solebat
1261 1695 1322 1756 bibi
1347 1695 1412 1754 inter

347 1779 557 1860 epulandum,
581 1783 667 1848 initio
689 1795 759 1849 ante
779 1784 1000 1866 gustationem,
1025 1783 1058 1842 in
1079 1781 1188 1841 mediis
1207 1776 1320 1861 epulis,
1340 1775 1411 1837 etin

346 1861 419 1922 fine.
464 1865 556 1940 Quod
585 1867 707 1928 videtur
727 1889 746 1926 a
766 1869 862 1926 veteri
882 1886 968 1927 more
991 1863 1093 1924 saltim
1112 1865 1171 1925 tria
1195 1860 1300 1944 poeula
1317 1861 1345 1918 in
1363 1857 1409 1917 ho·

345 1963 452 2005 norem
473 1946 600 2009 deorum
621 1947 788 2008 evacuandi
806 1949 982 2010 traductum
1003 1948 1108 2007 luisse.
1152 1945 1238 2006 Ordo
1257 1945 1409 2006 Romanus:

345 2027 524 2092 descendunt
545 2031 690 2112 primates
718 2031 857 2091 eccleszire
891 2031 935 2090 ad
959 2031 1110 2104 amabita,
1148 2030 1287 2090 medante
1313 2024 1412 2084 morio

345 2110 543 2185 vicedomini,
563 2125 592 2171 et
614 2113 713 2174 hibwzt
731 2127 793 2188 ter,
814 2114 852 2174 de
875 2114 992 2174 Graeco
1014 2115 1143 2194 [nempe
1163 2112 1254 2187 vino,
1276 2129 1325 2169 sen
1345 2103 1411 2166 hial-

347 2193 432 2252 vasia
459 2191 508 2253 vel
530 2193 663 2282 Cyprio]
690 2197 813 2281 pn'mo,
843 2196 882 2257 de
909 2197 1025 2257 Partiri
1039 2195 1111 2337 Ilid
1131 2206 1176 2256 est
1201 2183 1409 2273 Nanpeetensil

349 2274 388 2338 de
409 2275 561 2359 Procopio
594 2277 672 2360 [thoe
701 2289 746 2338 est
773 2279 855 2359 apud
882 2279 1012 2339 Tataros
1067 2297 1243 2361 recopenses
1260 2283 1344 2348 nato,
1372 2265 1411 2326 vel

347 2357 499 2420 Maeotico
511 2357 533 2440 ,]
556 2363 652 2423 tem‘o.
696 2362 857 2445 Postquam
877 2359 1002 2422 biberint
1020 2381 1121 2422 omnes
1136 2358 1297 2444 presbyteri
1312 2368 1338 2414 et
1353 2371 1410 2412 aco-

347 2439 427 2521 ζγτΙιί
437 2431 499 2521 per'
518 2445 647 2524 singulos
669 2444 787 2518 titrdos,
811 2443 933 2504 redemit
952 2443 997 2503 ad
1001 2443 1168 2524 faciendas
1186 2459 1328 2526 vesperas.

429 2538 468 2599 A.
484 2541 515 2600 3.
548 2563 665 2626 79,19.
706 2534 792 2603 νεύει
815 2539 1053 2624 πραιπόσιτσς.·.
1072 2543 1121 2603 Μ.
1143 2535 1229 2602 νεύει
1248 2533 1267 2597 d
1287 2555 1334 2614 πρ.
1389 2611 1395 2624 ι

430 2621 470 2681 Α.
484 2622 515 2684 8.
548 2646 596 2708 79,
615 2627 665 2685 23.
706 2621 735 2684 oi
757 2622 855 2704 pilot,
899 2625 1061 2686 Convivae.
1106 2623 1157 2684 Sic
1184 2641 1269 2702 saepe
1295 2621 1408 2678 occurrit

347 2704 381 2765 in
411 2704 470 2764 hoe
500 2709 614 2768 codice.
658 2705 817 2768 Interdum
850 2729 970 2790 quoqne
998 2728 1055 2790 pro
1084 2705 1189 2789 legatis
1220 2701 1321 2764 exteris
1345 2697 1411 2756 iden

348 2783 428 2844 hanc
452 2807 555 2848 vocem
579 2790 713 2849 adhibet.
758 2790 957 2870 Imperatores
980 2801 1082 2850 autem
1104 2789 1290 2850 consuevisse
1301 2780 1411 2870 Clericut

349 2866 388 2925 ad
409 2889 525 2928 sacram
544 2871 869 2951 mensamadhihere,
899 2871 1004 2933 multis
1024 2872 1099 2934 locis
1120 2871 1212 2933 huius
1232 2858 1412 2929 ceremoniale

348 2959 473 3028 apparet
475 2996 505 3091 f)
519 2963 556 3116 οὗ
572 2973 589 3012 e
610 2953 711 3018 Leone
735 2956 904 3018 Grammet.
926 2978 958 3041 p.
978 2953 1051 3036 481.
1076 2953 1119 3016 A.
1141 2974 1173 3016 a.
1214 2944 1411 3038 *[Tbe0ph³1¹·

348 3049 382 3109 p·
407 3052 454 3114 ¹7·
508 3075 516 3091 Ι
560 3076 570 3093 0

347 3209 382 3270 hi
419 3131 515 3273 lB39.
532 3131 600 3220 [80,
614 3131 664 3218 9.]
687 3134 943 3219 κατηχσσμένων.
981 3137 1033 3199 sic
1043 3157 1168 3222 quoqne
1178 3135 1290 3198 dabant
1298 3124 1409 3192 nembr-

383 3233 400 3272 c
430 3233 488 3276 oei.
1303 3248 1308 3258 ·

431 3313 468 3375 B.
480 3314 599 3415 tadilo,
618 3315 684 3400 rr.]
707 3309 841 3397 κσλόβιν.
883 3318 932 3381 De
954 3317 1073 3381 colobio
1092 3340 1129 3382 v.
1150 3318 1202 3380 Du
1224 3317 1322 3398 cange
1341 3319 1412 3368 ¹12?st

349 3396 609 3563 attinnt:
627 3394 1413 3567 nr:renerinenti.

350 3571 495 3639 apparet,
517 3563 634 3626 colobia
655 3567 742 3626 luisse
764 3566 837 3627 talia
860 3566 983 3648 palliola
1004 3571 1153 3629 cervicem
1173 3564 1352 3632 amicienha,
1372 3573 1416 3636 pt·

349 3651 416 3700 etus
438 3652 468 3700 et
488 3645 623 3725 scapulas
645 3659 675 3707 et
692 3646 836 3710 humeros
857 3649 897 3710 ad
920 3650 1039 3712 cubitos
1059 3673 1157 3733 usque
1178 3646 1323 3731 tegentia,
1349 3657 1412 3721 qua·

348 3719 390 3781 lia
408 3733 524 3803 gestant
543 3729 708 3808 Lipsienses
722 3733 862 3793 Rectores
875 3733 1028 3816 Magnifici
1042 3745 1073 3794 et
1091 3733 1206 3796 Decani
1219 3727 1410 3795 Facultatum,

349 3823 368 3862 e
383 3817 488 3899 'vetere
507 3810 667 3888 instituto,
698 3815 784 3874 euius
807 3817 931 3897 vestigia
952 3821 1070 3897 reperio
1090 3819 1121 3878 in
1143 3817 1303 3876 Forteseue
1321 3809 1409 3868 Enco·

348 3903 411 3982 mro
444 3887 543 3968 legum
565 3893 692 3974 Angliae
716 3915 743 3954 e.
762 3896 812 3957 51.
836 3901 928 3958 citato
947 3921 966 3958 a
986 3901 1079 3976 DC.‚
1109 3900 1163 3959 nbi
1190 3895 1322 3957 nominat
1344 3885 1413 3947 colo·

349 3967 429 4028 burm
448 3991 514 4030 eum
535 3973 645 4036 duobus
669 3977 837 4054 labellnlis,
860 3981 914 4063 [id
933 3993 979 4041 est
1000 3980 1131 4060 libellis,
1160 4001 1213 4041 seu
1233 3975 1350 4043 oscillis,
1369 3986 1416 4026 ¹¹⁰⁹

348 4060 455 4112 anates
477 4053 605 4136 Quaerere
626 4069 656 4117 et
669 4093 670 4096 =
683 4059 837 4122 Truddeln
858 4061 1012 4146 appellant
1023 4063 1048 4146 ,]
1068 4065 1197 4150 qualiter
1209 4064 1253 4122 uti
1269 4058 1354 4118 sotem
1369 4049 1415 4108 dv·

348 4146 442 4198 nores
468 4135 563 4217 legum
583 4141 616 4202 in
637 4131 873 4211 rmiversitatihus
893 4147 1078 4230 quibusdam.
1122 4146 1183 4207 Sed
1205 4141 1290 4207 valde
1313 4133 1415 4198 variant
