2975 4892
280 285 363 404 734
419 340 424 348 -
483 311 541 378 ro.
573 309 655 380 rao
682 311 828 379 aaran
861 309 1147 380 couuuuaau

276 467 403 550 origine,
434 474 504 570 5?
525 465 656 525 charum
674 466 754 526 enim
769 464 897 526 verbum
909 473 994 527 notat
1007 467 1121 526 carium
1135 466 1177 525 ita
1191 484 1351 543 cmmfflt

275 577 314 626 ut
334 576 446 647 puncta
465 567 553 625 certis
574 561 739 624 intervallis
758 561 888 641 distent,
912 575 942 623 et
961 563 1089 624 candida
1102 561 1151 622 fila
1163 565 1355 644 conspician-

275 659 349 726 tur,
378 645 631 729 quemadmodum
650 649 703 730 qui
723 645 788 706 lora
808 650 942 706 coriacea
961 667 1107 728 equorum
1127 657 1281 706 consuunt
1301 667 1356 706 su·

274 743 357 792 tores
377 729 522 795 belciarii.
561 729 631 790 Erit
650 731 752 810 ltaque
774 739 834 834 355
860 729 995 790 Clmmm
1014 728 1111 789 lorum
1129 740 1191 788 arte
1211 739 1356 788 sutorum

275 827 456 890 torariomm
476 829 603 907 <licetret
626 847 683 888 uos
701 824 1039 910 dicimuslcousutum,
1064 827 1202 911 qualibus
1222 839 1356 886 utuntur

276 917 392 994 equites
417 911 546 988 milites,
575 911 699 992 quando
728 909 966 976 commilitonum
997 912 1127 993 aliquem
1154 913 1307 992 castigant
1328 921 1359 970 et

276 995 407 1056 caedum
426 995 552 1056 nudum.
591 993 695 1054 Simile
723 995 893 1076 exemplum
916 996 998 1056 vocis
1022 993 1169 1056 Arabicae
1187 1015 1206 1054 a
1227 993 1362 1054 Graecis

275 1115 332 1178 per
351 1090 425 1158 droa
444 1097 639 1170 terminatae,
659 1114 738 1176 quae
762 1083 802 1180 Ul
823 1093 904 1176 apud
915 1093 1033 1158 Arabes
1054 1095 1085 1155 io
1098 1094 1228 1154 lineum
1243 1091 1360 1170 habet,
1468 1071 1469 1142 l

273 1179 463 1238 occasionem
490 1176 535 1238 illi
558 1178 603 1237 rei
631 1176 723 1237 dante
742 1179 929 1237 nunnationc
955 1176 1054 1276 (quqd
1082 1174 1245 1257 intelligent
1274 1197 1361 1256 pau-
1468 1189 1469 1192 ’

275 1259 340 1320 lum
361 1259 488 1320 Arabice
509 1260 607 1335 docti)
625 1258 772 1320 babemus
792 1263 825 1321 in
844 1279 918 1322 voce
937 1280 1114 1342 yauarcor,
1143 1259 1180 1318 de
1198 1279 1261 1338 qua
1285 1257 1359 1318 vid.

274 1341 327 1402 Du
348 1341 448 1425 Caoge
468 1342 521 1404 Gl.
542 1343 611 1402 Lat.
644 1341 677 1403 ν’.
697 1343 875 1417 Gaitauum,
909 1343 991 1424 qood
1015 1345 1226 1424 interpretatur
1250 1361 1360 1414 zona,

273 1425 434 1506 caligarium.
488 1424 548 1486 Sed
568 1435 613 1486 est
632 1428 732 1507 potius
755 1427 833 1510 ¹29
858 1423 972 1500 clreitb,
1006 1437 1038 1491 et
1066 1447 1134 1486 cum
1160 1425 1361 1485 nunnatione

273 1522 547 1607 cbm'tbon,filunr,
567 1545 629 1606 quo
645 1536 735 1586 netur
754 1525 803 1586 vel
814 1526 972 1601 traiicitur3
993 1525 1075 1585 uode
1086 1523 1223 1606 deinceps
1234 1523 1361 1620 sorma-
1468 1523 1469 1528 ’

274 1618 346 1666 runt
371 1609 524 1686 gaitanum
542 1617 574 1668 ct
590 1609 766 1688 gaitanum.
804 1609 850 1668 Ex
871 1629 933 1692 quo
952 1619 1087 1689 apparu,
1108 1627 1212 1668 vocem
1232 1607 1301 1664 luco
1325 1607 1360 1665 in

274 1686 343 1749 loco
365 1688 501 1749 Marcelli
527 1689 674 1772 Empirici
702 1691 747 1751 ibi
776 1692 908 1754 citatae
935 1689 1049 1752 acholio
1077 1703 1178 1752 natam
1213 1687 1361 1772 adeoque

273 1768 432 1832 delendam
455 1792 529 1832 csse.

355 1853 396 1913 D.
425 1877 448 1914 r.
470 1851 704 1950 [b24,·1a.]03;
731 1849 864 1998 W&
888 1845 970 1917 εἶναι
997 1849 1055 1937 τὴν
1074 1843 1191 1932 ταύτης
1213 1845 1361 1933 προσκό-

274 1937 540 2096 ἔέῗέἔόιῗῖξξέἓῖ
562 1939 816 2102 ’ζῗίῗῖἒιῗέἒέἑι
852 1938 917 2102 {lt
937 1935 1360 2102 ilila‘lirlfl‘aiaffi

273 2104 422 2179 venirent,
445 2123 501 2183 per
519 2113 600 2162 certa
621 2105 757 2164 rotundis
780 2105 955 2164 marmoreis
979 2104 1008 2164 la
1030 2103 1130 2162 idibus
1156 2103 1272 2181 signata
1306 2104 1359 2161 iu-

274 2181 420 2258 tervalla,
455 2185 486 2244 ia
512 2187 687 2246 universum
715 2198 779 2264 ter,
810 2185 897 2246 lrumi
917 2126 1080 2268 procidere.
1123 2183 1204 2244 ldem
1227 2204 1360 2264 quoquc

274 2285 339 2326 mos
368 2266 449 2348 apud
469 2267 738 2330 Mubammcdanos
765 2269 936 2345 obtinebat,
975 2279 1010 2328 ut
1030 2290 1047 2328 c
1068 2265 1234 2330 Wilbelmo
1254 2267 1360 2348 Tyrio

270 2358 407 2426 constat,
438 2350 509 2430 qui,
535 2352 688 2431 quomodo
711 2351 800 2432 legati
820 2355 899 2434 regis
918 2351 1063 2412 Almcrici
1084 2347 1358 2430 Hierosolymitani

271 2431 310 2490 ad
339 2431 487 2492 Cbalilam
516 2431 648 2514 Aegypti
674 2457 695 2494 a
722 2433 867 2494 Solthano
906 2455 956 2494 seu
991 2436 1088 2516 primo
1115 2431 1253 2491 ministro
1284 2434 1360 2492 eius

270 2514 431 2574 introducti
462 2515 502 2576 ad
530 2517 629 2596 ipsum
658 2516 790 2596 fuerint,
814 2538 963 2598 exponens
983 2519 1019 2577 L.
1039 2517 1127 2578 xlx.
1147 2538 1175 2576 c·
1202 2510 1248 2579 18.
1271 2516 1359 2575 inter

271 2595 329 2658 alia
360 2595 433 2656 hacc
461 2596 580 2659 babet:
617 2602 751 2681 r'rrgressrs
815 2621 883 2661 orro
910 2613 938 2660 et
975 2602 1008 2660 in
1041 2601 1206 2659 irueriorem
1235 2597 1359 2680 palatii

266 2693 385 2762 partem
407 2679 544 2740 admissis
567 2679 694 2764 [legatis]
716 2682 772 2743 Sol
890 2681 928 2741 de
951 2703 1034 2742 mora
1052 2695 1214 2742 consuetam
1229 2681 1358 2740 domino

268 2762 407 2822 exbibens
426 2767 619 2823 reuerentiam
638 2761 686 2849 [τὰ
719 2763 855 2846 σύνηθες
884 2764 987 2842 νέμων
1001 2762 1110 2846 σέβας]
1129 2764 1219 2824 semel
1245 2777 1276 2823 et
1304 2784 1358 2824 se·

269 2845 363 2906 avido
382 2847 465 2904 launi
483 2861 665 2928 prostratus,
692 2849 779 2933 quasi
798 2848 910 2907 uerru'ai
932 2847 1060 2906 debitum
1080 2847 1188 2908 cultum
1206 2859 1235 2904 et
1256 2847 1357 2929 quod·

270 2925 345 2985 dam
374 2927 556 2988 adoratrbnis
576 2953 665 3010 genus
687 2933 782 3015 coepit
800 2932 927 3014 supplex
951 2917 1136 3013 impendere*
1174 2927 1275 2988 Tertrb
1295 2931 1358 2988 ite-

268 3028 337 3067 rum
346 3023 510 3090 prostratus
533 3013 681 3092 gladium,
700 3013 840 3098 quamde
859 3012 935 3073 collo
953 3013 1071 3092 gerebat
1091 3033 1269 3099 suspensum,
1296 3011 1354 3071 de-

263 3093 373 3170 posuit.
414 3091 459 3151 Et
474 3114 537 3152 ecce
559 3095 650 3157 subito
678 3098 831 3156 comractr‘s
859 3099 938 3154 mira
960 3096 1113 3154 velocitate
1133 3095 1257 3154 velariis
1269 3116 1354 3152 mar*-

266 3174 431 3314 ffltmum
452 3176 596 3234 varietate
718 3201 754 3238 ue
778 3181 943 3256 contextis,
975 3199 1051 3261 quae
1077 3178 1177 3238 rudia
1201 3177 1354 3260 depende·

365 3269 395 3314 et
425 3257 642 3319 obumbrabant
663 3284 695 3321 so
708 3264 789 3336 riam,
829 3262 961 3321 revelata
980 3261 1088 3338 facie,
1118 3260 1222 3320 tbmuo
1247 3259 1353 3318 sedens

266 3357 356 3396 aureo
371 3339 472 3400 habitu
488 3341 660 3425 plusquam
682 3346 783 3424 regio,
805 3346 909 3426 paucis
935 3344 1016 3402 circa
1040 3363 1107 3403 eum
1127 3342 1165 3402 de
1185 3341 1353 3402 domesticis

265 3430 296 3477 et
314 3421 525 3494 familiaribm
560 3427 696 3484 euauclu‘s
727 3427 872 3510 apparuit
902 3425 1036 3499 Clealr'fa.
1094 3425 1175 3485 Turae
1210 3425 1351 3483 accedens

266 3499 312 3557 ad
330 3523 397 3559 eum
415 3526 482 3564 cum
502 3507 585 3566 omui
599 3511 765 3568 rearereutia
785 3508 948 3580 Soldauca,
976 3507 1103 3567 sedeatis
1122 3507 1249 3591 pedibus
1268 3527 1352 3566 oscu-

266 3581 327 3640 lum
340 3585 489 3645 bmm'lr'ter
499 3590 542 3648 im
563 3591 671 3650 rimeris
688 3591 831 3650 advenas
845 3592 1005 3672 legatorum
1015 3609 1136 3650 carrsam
1154 3621 1195 3636 -
1219 3591 1331 3672 aperit.

327 3661 398 3723 361.
420 3667 458 3726 C.
474 3669 503 3730 5.
545 3669 617 3744 625,
633 3672 702 3756 am]
724 3673 830 3752 δῆσαι.
872 3673 950 3749 ΝοιιΙ
972 3672 1069 3732 ausim
1100 3671 1284 3754 probitatem
1307 3669 1351 3729 le-

266 3745 373 3837 ctionis
393 3745 484 3841 buius
505 3753 669 3833 spondere,
708 3751 806 3836 ῥίψαι
833 3754 883 3816 vel
904 3755 1013 3832 βαλεῖν
1033 3751 1083 3815 vel
1113 3755 1219 3813 θεῖναι
1251 3755 1350 3835 aptius

264 3835 296 3886 et
312 3837 449 3889 usdahus
471 3845 557 3894 esset.
602 3838 693 3914 Quod
714 3838 739 3897 si
758 3847 859 3898 tamen
879 3837 1041 3898 dictionem
1055 3833 1238 3912 δεδεμέναις
1254 3833 1351 3914 χερσὶ

263 3906 440 3986 considero,
462 3912 501 3973 de
521 3937 582 3996 qua
602 3938 634 3980 v.
654 3921 694 3980 ad
714 3941 747 4002 p.
764 3921 834 3982 505.
860 3919 900 3986 A.
915 3918 946 3979 5.
970 3917 1072 3994 dicta,
1099 3928 1130 3978 et
1153 3939 1233 4001 quac
1251 3915 1355 3978 mani-

263 3989 315 4083 btft
327 4071 333 4078 Ι
344 3993 524 4072 complicatis
538 4001 704 4081 significat,
723 4001 845 4064 videtur
861 4002 905 4061 nil
925 3999 1105 4060 mutandum
1124 4021 1190 4063 esse
1217 4009 1249 4059 et
1275 3999 1348 4058 baec

263 4069 356 4130 dictro
385 4083 491 4137 notare
518 4100 622 4141 moram
654 4106 721 4143 stau
752 4086 784 4144 iu
810 4085 934 4144 alterum
960 4083 1126 4165 implicare.
1179 4082 1349 4162 Iniungitur

263 4162 364 4211 autem
393 4156 576 4220 cubiculario
615 4165 793 4225 mandatum
822 4167 860 4227 de
886 4165 1025 4225 manibus
1058 4165 1200 4226 violentis
1223 4167 1255 4224 in
1279 4163 1349 4222 bar-

262 4231 368 4294 batum
379 4280 390 4318 ,
411 4237 509 4325 idest
533 4265 693 4326 procerum
712 4247 899 4331 reliquorum
918 4269 981 4310 non
1011 4247 1224 4309 eunuchorum
1244 4263 1346 4329 quem·
