2975 4892
362 266 441 368 rii
588 289 643 354 ro.
674 287 754 354 tte.
782 286 929 352 uassru
960 281 1246 354 commonitu

356 469 458 510 seeum
478 446 728 508 communicaturi
750 454 859 520 esseut,
882 451 912 503 et
931 439 1033 502 fideles
1053 441 1110 522 ipsi
1132 435 1387 503 communicaturi
1408 440 1446 502 d<

299 551 301 561 ·
355 553 449 593 coena
475 531 590 591 domini
620 529 676 590 sibi
695 530 828 587 invicem
846 531 877 585 in
898 525 1023 584 eeclesia
1043 525 1157 584 dabant
1173 525 1310 584 nondum
1323 528 1446 605 incepta

355 616 579 676 communione.
622 611 714 689 Quod
735 609 872 669 osculum
892 619 946 668 aut
965 610 1075 668 iunctis
1094 607 1195 686 labiis,
1230 617 1283 667 aut
1302 627 1359 689 per
1378 618 1447 668 tra·

354 697 464 758 ducem
482 696 592 772 fiebat,
614 714 671 776 ope
691 704 848 774 porrectae
867 693 983 770 crucis,
1014 701 1067 750 aut
1086 690 1228 768 tabulae,
1259 693 1292 750 in
1313 711 1375 772 qua
1397 693 1447 772 pi-

354 792 422 842 ctus
442 792 519 842 esset
539 779 676 839 Christus
696 775 874 851 crucifixus,
901 794 958 856 pro
982 773 1157 834 diversitate
1182 793 1385 855 personarum
1420 784 1447 834 et

353 875 546 947 temporum:
570 881 630 944 qua
651 860 690 920 de
709 881 743 919 re
763 860 814 919 hie
835 878 922 939 agere
941 867 1147 939 opportunum
1167 877 1229 916 non
1241 867 1298 918 est.
1337 847 1447 936 Ἀγά·

354 967 417 1028 πην
437 966 493 1028 pro
520 937 677 1026 ἀσπασμῷ
704 945 806 1026 posuit
834 943 925 1001 etiam
945 939 1148 1022 Pachymeres
1168 939 1249 1021 apud
1270 939 1322 1000 Du
1342 940 1447 1022 Gange

356 1050 386 1088 v.
414 1019 603 1104 ἀσπασμὸς,
634 1027 687 1086 ubi
711 1031 792 1086 inter
811 1024 871 1084 alia
892 1026 1002 1083 citatur
1022 1023 1137 1084 locuse
1153 1026 1254 1106 typico
1275 1023 1310 1084 S.
1331 1021 1447 1102 Sabae,

355 1132 454 1192 equo
475 1121 556 1172 totus
577 1112 654 1168 ritus
684 1108 778 1170 osculi
799 1109 881 1190 pacis
900 1105 1038 1166 discitur.
1081 1105 1216 1184 Fideles,
1244 1107 1287 1166 ait
1307 1105 1392 1166 idem
1417 1109 1447 1166 in

279 1185 281 1196 '
354 1214 387 1255 v.
410 1191 534 1275 εἰρήνη,
569 1191 746 1253 dicebantur
763 1193 821 1252 sibi
846 1192 973 1250 invicem
1002 1183 1129 1271 εἰρήνην
1154 1190 1242 1268 dass,
1259 1211 1349 1274 paens
1371 1190 1447 1250 intes

354 1277 460 1336 nessae
484 1278 618 1336 solennia
640 1299 699 1335 sese
724 1275 948 1348 oserdabanuer,
980 1272 1051 1332 dien
1076 1273 1214 1333 sacerdos
1237 1285 1307 1358 post
1334 1271 1447 1332 hostiae

354 1359 583 1438 confractionem
603 1360 674 1418 lace
694 1359 786 1434 cerba
802 1358 937 1441 profert.-
966 1357 1041 1416 Pax
1062 1355 1180 1415 donuni
1195 1358 1235 1416 sit
1247 1355 1375 1440 'semper
1394 1377 1447 1416 νο·

354 1442 473 1504 biseiun.
530 1443 572 1504 V.
589 1440 671 1500 idem
691 1463 724 1502 v.
750 1440 890 1500 Oculum
905 1441 1003 1523 pacis.
1046 1438 1174 1520 Insignis
1188 1449 1233 1500 est
1246 1438 1330 1500 loeus
1344 1437 1447 1522 Chry·

355 1528 491 1600 scotomi,
515 1545 576 1606 quo
601 1525 776 1605 praecipuas
796 1525 873 1582 sacri
894 1519 984 1580 officii
1004 1532 1105 1602 partes
1128 1541 1185 1599 eo,
1210 1543 1271 1604 quo
1300 1543 1367 1582 sese
1399 1545 1448 1581 ex-

354 1607 519 1687 cipiebant,
539 1607 657 1683 ordine,
679 1627 818 1667 sermone
836 1625 958 1686 quoqtm
980 1607 1184 1688 prosequitur.
1198 1600 1295 1666 Ὅταν
1317 1602 1448 1687 sinitis,

354 1683 372 1750 d
397 1691 455 1770 τῆς
470 1687 635 1770 ἐκκλησίας
651 1685 827 1768 προεστώς,
847 1685 968 1758 εἰθέως
984 1686 1084 1766 λέγει·
1097 1681 1216 1768 Εἰρήνη
1233 1687 1350 1748 πᾶσιν·
1397 1689 1448 1768 (cf.

355 1771 524 1854 Antholog.
548 1773 588 1832 H.
606 1773 751 1855 Stephon.
774 1793 806 1854 p.
829 1773 896 1831 130.
919 1771 988 1847 fin,
1009 1771 1063 1831 ubi
1084 1770 1227 1831 acerbum
1248 1791 1383 1831 scomma
1419 1774 1448 1831 in

354 1855 542 1937 Episcopum
562 1875 633 1916 curn
654 1877 758 1916 sorore
780 1857 866 1914 irene
886 1853 966 1914 dicta
986 1854 1210 1914 cohabitantem
1230 1853 1366 1914 adhunc
1382 1875 1448 1914 mo-

356 1959 421 1998 rem
441 1956 545 2019 pacem
567 1939 749 2020 apprecandi
770 1937 918 2015 alludit3)
960 1925 1037 1997 ὅταν
1063 1933 1181 2020 ὁμιλῇ·
1206 1930 1315 2016 εἰρήνη
1338 1939 1448 1999 πᾶσιν.

356 2013 434 2081 ὅταν
452 2014 568 2103 εὐλογῇ
572 2042 581 2057 ·
604 2014 711 2100 εἰρήνη
726 2021 829 2082 πᾶσιν.
870 2009 945 2080 ὅταν
966 2010 1168 2094 ἀσπάζεσθαι
1189 2015 1314 2102 κελεύῃ·
1336 2015 1448 2102 εἰρήνη

354 2102 463 2164 πᾶσιν.
504 2097 581 2162 ὅταν
598 2095 617 2180 ή
636 2101 737 2163 θυσία
754 2103 899 2180 τελεσθῇ,
922 2093 1028 2183 εἰρήνη
1046 2102 1154 2179 πᾶσιν,
1175 2095 1231 2160 καί
1248 2096 1367 2178 μεεαξῠ
1387 2098 1448 2162 nei-

354 2186 414 2244 λιν·
430 2177 528 2266 χάρις
541 2181 619 2261 ὑμῖν
639 2179 694 2245 καί
709 2178 829 2266 εἰρήνη.
868 2164 999 2247 Fiebant
1017 2185 1076 2245 hae
1097 2185 1291 2246 salutationes
1312 2195 1344 2245 et
1364 2207 1448 2246 oscun

356 2266 386 2327 la
406 2268 531 2349 singulis
553 2267 659 2329 diebus
678 2268 850 2345 dominicis,
871 2281 902 2329 et
922 2269 1016 2344 festis,
1036 2271 1166 2350 quaein
1186 2267 1251 2329 dies
1278 2267 1448 2330 dominicas

356 2349 535 2428 inciderent,
557 2355 656 2432 praeci
679 2373 718 2412 ue
738 2351 929 2430 maioribus,
948 2352 1099 2433 paschatis
1119 2362 1150 2412 et
1168 2353 1335 2412 nativitatis
1357 2353 1448 2412 Chri-

356 2433 405 2494 sti.
451 2433 478 2495 E
500 2436 647 2516 Luitpran
669 2445 829 2507 coonstat‚
852 2446 921 2518 post
934 2434 1449 2500 adorationemseuinclinaiimrem

356 2520 491 2598 corporis
512 2517 695 2599 prosundam
716 2540 856 2600 proceres
875 2519 915 2578 ad
935 2517 1071 2578 osculum
1092 2521 1286 2600 imperatoris
1298 2517 1449 2581 admissos

357 2600 456 2660 luisse.
502 2603 600 2662 Locus
621 2601 682 2676 ille,
707 2603 761 2661 ubi
782 2604 837 2680 ait,
858 2601 1073 2682 Nicephorum,
1081 2601 1239 2683 falsidicis
1257 2603 1374 2661 naeuus
1395 2603 1449 2681 (ita

356 2683 462 2764 populi
480 2684 613 2765 appellat
632 2686 871 2762 acclamationes)
891 2685 1026 2772 inflatum
1042 2687 1161 2766 ingredi
1172 2684 1207 2743 S.
1220 2685 1379 2769 Sophiam,
1392 2687 1449 2746 do·

357 2769 446 2824 musis
461 2770 520 2826 sies
541 2767 773 2852 imperatoribus
808 2769 958 2851 (intelligit
975 2768 1120 2829 Basiliam
1147 2780 1178 2830 et
1199 2769 1449 2848 Constantinum,

357 2847 488 2908 Romani
511 2849 599 2928 filios,
622 2871 753 2931 quonam
773 2855 899 2912 vitricus
920 2861 1043 2912 ettutor
1062 2851 1338 2936 eratNicepirotus)
1359 2853 1449 2934 longe

356 2949 388 2988 se
407 2951 428 2988 a
445 2930 531 3010 louge
549 2935 728 3016 sequentibus
748 2948 778 2993 et
800 2937 832 2994 in
848 2938 935 3019 paces
948 2936 1046 2996 omdo
1066 2936 1111 2995 acl
1128 2949 1239 2996 terram
1258 2955 1349 3019 usqioe
1370 2937 1449 2995 ado-

356 3011 499 3072 miuus.
551 3015 599 3088 Dc
631 3015 734 3075 osculo
763 3019 845 3098 pacis
873 3029 904 3079 et
927 3018 967 3078 de
987 3013 1062 3102 οἴκῳ
1083 3016 1267 3102 οἰσπαστικηῖ
1288 3038 1321 3078 ν.
1339 3017 1449 3081 vatos.

357 3095 396 3156 ad
417 3095 570 3156 Amminn.
589 3098 725 3158 Marcell.
750 3121 784 3182 p.
805 3121 857 3183 97.
901 3097 1089 3184 *[Altescrra
1109 3103 1148 3161 ad
1170 3101 1309 3161 Anastas.
1331 3121 1366 3181 p.
1391 3102 1449 3183 87.

356 3179 405 3238 De
419 3179 522 3240 osculo
535 3183 616 3262 pacis
637 3181 879 3243 iestoPaschatis
899 3183 1010 3244 additis
1030 3184 1144 3245 verbis:
1165 3186 1327 3245 resurrexit
1347 3183 1449 3245 domi-

354 3285 408 3322 nus
429 3263 550 3324 Moieon
571 3287 602 3346 p.
627 3285 677 3347 27·
721 3266 805 3326 idem
827 3287 859 3347 p.
872 3269 945 3343 420.
967 3279 1064 3340 notat,
1079 3268 1204 3350 Agapen
1218 3267 1359 3352 nupturis
1372 3265 1449 3328 olim

355 3346 456 3406 datam
479 3347 583 3408 i'oisse.
626 3348 674 3408 De
694 3351 756 3409 ritu
777 3355 987 3432 episcoporum
1008 3372 1058 3411 eos
1079 3351 1255 3427 osculandi,
1283 3353 1335 3432 qui
1361 3351 1449 3412 volo·

355 3427 429 3488 bant
449 3434 685 3506 communicare,
707 3454 738 3492 v.
763 3456 795 3516 p.
820 3435 901 3493 LVI.
919 3437 1137 3494 Commentis
1152 3433 1265 3494 Ordin.
1277 3431 1449 3516 Romani*

411 3511 613 3654 Bilbilis),
634 3513 699 3597 ἰή]
741 3510 915 3594 ἱστάμενον.
960 3519 1006 3576 Μ.
1026 3511 1207 3594 ἱσταμένου.
1229 3515 1269 3577 V.
1293 3537 1389 3598 snpra
1409 3520 1449 3578 ad

354 3613 387 3674 p.
433 3637 441 3651 .
494 3639 501 3653 .
526 3619 556 3654 a.

353 3757 378 3818 C
436 3675 699 3764 A.6.[17‚15.]
741 3677 901 3762 σύγνελον.
945 3683 1155 3765 DeSynceilo
1184 3687 1230 3766 egi
1251 3682 1291 3741 ad
1310 3703 1345 3764 p.
1368 3683 1448 3744 506.

383 3803 389 3816 .
426 3779 473 3819 ιι.

435 3841 697 3928 A.7.[17,16.]
740 3851 963 3927 πρωτοπαπᾶν.
1007 3851 1144 3910 Primam
1169 3851 1301 3934 Papam,
1322 3869 1377 3908 seu
1401 3871 1449 3910 sa-

351 3925 503 3988 cerdotem
525 3929 691 4010 principem
714 3951 842 4011 maguae
861 3934 1020 4009 eeclesiae,
1049 3954 1101 3994 seu
1122 3933 1155 3991 S.
1179 3933 1319 4013 Sophiae.
1366 3933 1448 3992 Viri.

351 4011 445 4068 (roas.
469 4009 632 4072 athodin.
656 4035 686 4092 p.
715 4012 762 4091 tl.
785 4035 818 4072 n.
840 4014 891 4093 is.
915 4027 945 4076 et
966 4019 1102 4076 Gretser.
1129 4037 1161 4096 p.
1189 4037 1258 4097 ¹7²·
1305 4017 1368 4074 Nun
1392 4034 1449 4074 rc-

349 4101 398 4152 ote
419 4089 587 4153 intellectus
613 4095 722 4156 Codini
743 4095 829 4157 locus
847 4103 997 4178 persuasit
1017 4100 1189 4171 Fabrotto,
1211 4106 1247 4158 ut
1266 4102 1298 4158 in
1321 4099 1449 4158 Glossa-

348 4177 395 4236 rio
417 4175 544 4236 Cedreni
565 4177 719 4258 traderet,
742 4201 805 4240 esse
821 4185 954 4264 prinnini
976 4195 1046 4266 post
1067 4181 1274 4272 patriarchum
1297 4183 1447 4244 sacerdo·
