2975 4892
356 311 441 412 534
559 337 904 404 10.1Ac.ansxu
942 335 1223 404 nominamur

438 495 478 556 A.
508 493 538 574 4.
564 493 661 580 4469,
690 495 733 578 4.]
763 491 949 574 dispariliter.
993 495 1049 558 Est
1070 494 1255 572 stipatim,
1277 493 1354 576 quod
1371 513 1423 554 nos

355 579 470 641 Mustcr
480 579 609 640 solemus
628 579 790 662 appellare,
813 601 886 642 voce
908 591 1049 662 corrupta
1069 599 1087 639 e
1106 577 1201 660 proba
1211 579 1329 656 Ludna,
1345 599 1423 638 nun-

354 677 416 724 s'tra
438 681 493 744 pro
514 667 706 740 monstruni),
742 662 867 742 δεῖγμα,
887 662 999 724 scilicet
1033 662 1150 744 pictura
1171 663 1278 743 pannis
1297 664 1421 729 intexta,

354 749 417 808 sive
438 744 546 822 liores,
571 747 635 806 sive
654 748 731 806 rami
751 747 894 807 arborum
911 747 1075 817 vitiumve,
1106 747 1170 804 sive
1190 743 1346 804 bominum
1363 745 1423 800 aui-

355 828 518 892 matrumve
531 837 584 888 aut
597 827 724 889 aliarum
741 850 843 888 rerum
864 831 1008 912 imagines
1022 831 1093 890 sint.
1115 828 1163 888 De
1177 847 1253 888 voce
1273 825 1426 902 ἐξέρυιλιον

355 922 387 972 et
399 905 549 987 ἴξομπλον
579 930 611 970 v.
631 907 759 972 Salmas.
773 911 811 972 ad
831 911 940 992 Script.
958 912 1036 972 Hist.
1048 910 1130 992 Aug.
1146 909 1186 969 T.
1204 909 1244 972 11.
1265 931 1297 992 p.
1312 907 1377 969 853.
1397 919 1428 967 et

354 995 408 1056 Du
428 998 528 1074 (iunge
547 991 598 1054 Gt.
611 986 692 1070 utr'.,
714 995 768 1056 ubi
781 995 982 1055 marmoribus
999 1013 1120 1077 quoque
1140 993 1276 1073 exempla
1295 992 1428 1052 tribuun-

354 1087 416 1138 tur.
465 1079 542 1137 Sunt
571 1078 653 1137 enini
679 1079 721 1138 ibi
756 1077 835 1140 dicta
864 1099 1015 1138 maruwra
1044 1079 1077 1138 iu
1107 1077 1253 1159 exemplis
1284 1094 1429 1136 mortuom

624 1161 778 1304 ‘u

358 1265 425 1386 61115
439 1264 552 1403 ινιεηίειω,
577 1263 1151 1410 “getius’ssssmsgpbgsl’ssetnlsgizlspossm
1171 1263 1299 1408 sigbsala.
1340 1399 1345 1409 ¹

439 1407 479 1470 A.
493 1409 524 1469 5.
546 1407 630 1493 4469,
646 1407 691 1492 5.]
726 1407 891 1490 δικίτρινα.
944 1411 1048 1488 Quum
1076 1410 1188 1490 pariter
1209 1406 1386 1486 διακίτρινα
1403 1415 1431 1468 et
1467 1417 1468 1488 4

356 1487 516 1571 texitque
542 1493 687 1575 scriptum
717 1495 909 1576 reperiatur,
937 1493 1062 1574 perinde
1094 1493 1171 1569 erit,
1205 1511 1273 1551 meo
1303 1489 1429 1564 iudicio,

354 1575 419 1635 eive
439 1572 674 1636 dcdecurtatum
702 1596 737 1636 ex
758 1581 875 1659 integro
891 1573 968 1654 διὰ,
992 1579 1058 1638 sive
1079 1597 1114 1637 ex
1136 1573 1239 1634 italico
1267 1573 1305 1634 di
1325 1595 1380 1654 pro
1397 1574 1432 1634 de
1467 1577 1468 1634 3

355 1666 574 1719 naussumtum
608 1659 700 1719 dicas.
753 1659 828 1720 Nam
852 1653 956 1720 dadin
977 1659 1031 1718 tali
1050 1659 1266 1740 compositione
1286 1654 1372 1716 aliud
1390 1658 1432 1716 ni·
1467 1701 1468 1734 3

355 1737 401 1801 hil
421 1751 467 1802 est
486 1761 579 1822 quam
599 1737 675 1814 dni,
699 1735 872 1821 διρόδινος,
889 1741 927 1804 de
939 1756 1050 1839 rosato,
1072 1737 1250 1818 δικίτρινος,
1267 1739 1305 1798 de
1317 1741 1432 1816 cicino,
1467 1745 1468 1832 4

356 1823 825 1989 ἲῦἓρὲξᾷἶῖιῖἑέἴῖιῖοὲἱῗ
847 1835 1059 1970 66611ῗὶ
1075 1835 1302 1989 ellidii&
1322 1823 1435 1966 Atti
1467 1863 1468 1870 '

334 1989 545 2051 .diacedrinus
566 1991 659 2050 dixit:
681 1991 762 2068 cynii
805 2013 842 2050 ur
949 1991 1000 2051 uel
1013 1991 1187 2051 diacedrina
1212 1989 1303 2061 licre,
1323 1989 1385 2046 alii
1401 1989 1436 2048 de
1467 2021 1468 2042 4

356 2072 516 2146 lodicibus,
541 2073 664 2156 qtu'clam
690 2072 728 2132 de
759 2011 1106 2152 gllridllddircumcmicti
1139 2070 1348 2155 procedebant.
1391 2071 1433 2131 Cl.
1467 2051 1468 2088 1

355 2155 555 2232 Muratorius,
576 2155 626 2214 cui
647 2154 748 2214 locum
769 2155 851 2216 hunc
872 2155 978 2231 debeo,
1001 2167 1088 2238 putat
1106 2155 1146 2215 T.
1163 2154 1204 2216 ll.
1227 2153 1355 2233 Antiqu.
1371 2155 1434 2215 Ital.

342 2235 479 2401 'litam
512 2257 567 2318 pro
587 2238 659 2297 litra
680 2236 842 2320 legendum
871 2260 935 2300 esse
955 2241 1041 2312 licta,
1072 2239 1104 2298 id
1124 2247 1263 2315 estora,
1287 2235 1436 2318 ρει-16146.
1467 2245 1468 2280 1

405 2340 426 2378 o
443 2319 565 2400 qiiidem
587 2319 769 2402 praeferrem
790 2323 881 2386 littra.
925 2323 963 2382 in
984 2321 1114 2403 pellibus
1136 2319 1305 2397 lutrarum,
1327 2324 1436 2400 pretio·
1467 2311 1468 2356 1

357 2423 391 2462 so
409 2423 511 2484 panno
531 2402 664 2465 colorato
684 2403 810 2478 indutis,
837 2404 910 2466 olim
929 2406 1105 2486 processisse
1129 2401 1244 2463 nobiles
1263 2411 1294 2462 et
1317 2399 1439 2464 aliunde
1467 2397 1468 2464 1

358 2496 485 2556 constat,
503 2498 533 2545 ct
552 2508 570 2546 e
590 2488 641 2548 Du
657 2487 775 2569 Congio'
792 2510 823 2554 v.
844 2489 949 2549 Lmra.

440 2568 480 2628 A.
496 2570 529 2629 6.
553 2569 587 2652 [4
598 2570 608 2585 ’
633 2619 642 2648 ,
661 2567 706 2652 5.]
727 2567 865 2648 κολόβια.
904 2573 951 2632 De
973 2568 1092 2632 colobio
1114 2589 1143 2635 v.
1166 2567 1215 2629 Du
1237 2568 1340 2650 Gange
1357 2580 1438 2630 utro·

358 2669 417 2730 que
433 2651 545 2729 Gicss„
562 2655 608 2713 Va
621 2675 663 2714 ee.
686 2652 724 2712 ad
742 2653 893 2714 Ammian.
915 2653 1050 2714 Marcell.
1069 2675 1098 2735 p.
1113 2651 1160 2716 51.
1182 2653 1229 2724 B.‚
1271 2652 1383 2712 Pctav.
1404 2650 1439 2712 ad

357 2733 505 2796 Themist.
536 2757 567 2817 p.
585 2739 655 2820 377.
675 2747 706 2795 et
723 2733 819 2815 446,
839 2736 893 2798 ubi
913 2740 986 2798 citat
1006 2737 1102 2796 Servii
1120 2735 1250 2812 locum,
1272 2755 1373 2815 equo
1392 2757 1438 2816 ap·

358 2828 455 2898 paret,
477 2818 594 2880 colobia
615 2820 706 2880 fuisse
733 2818 806 2880 talia
831 2818 921 2902 pallia
943 2820 992 2880 vel
1011 2817 1132 2900 palliola
1152 2822 1270 2899 potius,
1294 2819 1440 2878 ceruicem

358 2901 517 2974 obeuntia,
542 2914 644 2984 pectm
664 2912 694 2961 et
714 2903 850 2983 scapulas
869 2913 899 2962 et
919 2901 1060 2963 humeros
1080 2903 1119 2963 ad
1143 2901 1261 2962 cubitos
1281 2921 1378 2982 usque
1398 2912 1440 2960 te-
1467 2913 1468 3002 4

359 2987 478 3063 gentio,
501 2984 602 3066 qualia
621 2995 738 3063 gestant
758 2989 791 3046 in
815 2985 989 3048 solennibus
1000 2985 1117 3046 actibus
1138 2983 1320 3045 Academiae
1345 2985 1440 3065 Lipsi-

358 3069 436 3127 ensis
457 3067 599 3128 Bcctorcs
619 3068 771 3148 Magnifioi
793 3079 823 3129 et
842 3070 958 3130 Decaui
987 3067 1163 3130 facultatum
1184 3087 1218 3128 ex
1239 3069 1301 3128 ritu
1319 3077 1440 3138 vetere,

358 3151 445 3209 euius
466 3151 539 3218 resti
562 3149 589 3208 ia
610 3151 742 3232 reperio.

442 3229 481 3292 A.
495 3232 526 3291 6.
542 3171 636 3314 llssus
654 3230 702 3314 5.]
723 3227 932 3315 μεγαλόζηλα.
980 3233 1021 3294 ln
1038 3233 1097 3294 hac
1117 3251 1191 3293 voce
1210 3241 1241 3292 et
1259 3230 1364 3294 multis
1379 3229 1442 3292 aliis

358 3311 452 3374 boias
470 3313 608 3375 militaris
626 3317 767 3397 Tactici,
789 3338 866 3399 quae
890 3321 1024 3378 animum
1051 3335 1152 3376 meum
1173 3314 1226 3374 diu
1248 3326 1398 3377 vexarunt
1416 3327 1443 3375 et

361 3417 538 3480 suspensum
576 3409 742 3460 tenuerunt
754 3446 764 3478 ,
797 3403 1000 3461 coniecturam
1025 3399 1116 3460 debui
1144 3399 1248 3479 sequi,
1270 3397 1468 3459 melioribus.

361 3479 551 3542 adminiculis
563 3481 731 3544 destitutus.
773 3483 816 3544 Et
835 3483 971 3545 dubitavi
999 3483 1133 3565 profecto
1155 3479 1328 3562 aliquando,
1348 3492 1443 3540 recte

359 3583 399 3624 ne
419 3565 496 3625 hanc
515 3585 619 3626 vocem
648 3577 680 3626 et
707 3565 818 3626 similes
833 3577 989 3648 sequentes
1014 3565 1216 3640 reddiderim,
1239 3563 1444 3624 subnascenti-

359 3643 418 3706 bus
442 3650 638 3725 coniecturis,
666 3669 746 3731 quae
766 3649 822 3709 suit
841 3669 935 3732 quum
956 3671 1017 3710 uon
1038 3650 1137 3708 minus
1158 3648 1307 3728 speciosae
1322 3657 1354 3706 et
1376 3671 1444 3729 pro-

359 3725 476 3788 bnbiles
491 3731 676 3793 viderentur.
720 3732 806 3792 Nunc
831 3743 932 3792 tamen
951 3750 1012 3794 nou
1036 3731 1143 3791 dubito
1160 3751 1227 3790 eam
1246 3732 1445 3810 interpretau-
1467 3723 1468 3788 1

359 3807 392 3868 di
409 3812 581 3889 rationem,
603 3836 696 3895 quam
724 3816 833 3875 Latina
860 3817 959 3876 versio
995 3817 1143 3896 suggerit,
1170 3816 1293 3874 caeteris
1311 3791 1468 3894 praescr-l

360 3911 406 3987 re.
450 3895 606 3956 incidebat
628 3901 721 3980 igitur
742 3897 906 3979 aliquando
924 3899 955 3958 in
973 3899 1121 3972 animum,
1135 3907 1273 3956 essentne
1288 3895 1328 3957 τὰ
1350 3919 1444 3976 peyn-

361 3972 480 4053 λοζηλα
500 3997 598 4038 crasso
618 3981 669 4041 610
685 3991 785 4058 textu,
806 3975 964 4060 μεσόζηλα
984 3980 1035 4040 fito
1057 3979 1148 4040 mulii
1173 3981 1312 4060 generis,
1339 3975 1445 4040 λεπτό-
1467 4017 1468 4044 i

361 4052 440 4134 ζηλα
463 4058 515 4118 fito
544 4066 639 4122 tenui.
692 4065 773 4124 Sane
802 4065 941 4124 tenuiarli
961 4073 1033 4124 sunt
1066 4063 1200 4124 vestiarii
1223 4061 1377 4140 aa'tifices,
1401 4064 1445 4145 qui

359 4133 477 4217 λεπτά,
506 4145 665 4222 pannificia
689 4147 811 4220 tenuia,
841 4145 962 4208 subtilia
985 4145 1118 4222 faciunt3
1140 4165 1172 4206 v.
1188 4143 1317 4206 Salmas.
1333 4147 1374 4208 ad
1389 4148 1445 4206 Ser.

361 4219 441 4293 Uist.
468 4222 549 4307 Aug.
575 4227 613 4287 Τ.
637 4229 677 4288 11.
692 4251 726 4309 p.
755 4225 821 4308 144.
873 4231 994 4314 Opponi
1027 4229 1148 4310 quidem
1171 4227 1243 4290 huic
1263 4233 1447 4293 commune
