2975 4892
351 219 444 347 ord
537 235 611 360 m.
647 271 727 336 rac,
756 267 903 334 uursxu
932 265 1213 334 communion

350 429 466 505 iesaua3
487 438 539 488 aut
559 429 661 512 potine
682 429 824 505 Graecos,
846 436 954 488 natura
969 446 1033 486 non
1053 428 1153 488 minue
1188 425 1343 488 ambitloeos
1363 433 1395 496 et,

349 514 375 572 ai
396 511 533 572 libertate
556 533 616 574 non
638 511 823 588 caruissent,
857 510 960 570 eadem
982 531 1107 570 ausuros
1125 531 1195 570 cum
1216 511 1336 578 Latinis,
1358 529 1396 568 re-

349 596 458 676 pressit
485 598 652 676 praesentia
680 595 910 674 lmpcratorum.
948 589 1048 678 ¹Quae
1075 604 1242 674 sequuntur
1269 592 1395 651 obseuuns
1439 622 1440 660 3

350 676 462 737 tradita
492 697 554 737 non
585 697 693 758 parum
723 678 836 756 negotii
857 674 931 735 mihi
953 675 1087 734 fecerunt
1109 678 1255 746 vertenti.
1288 671 1396 750 Quodsi

350 771 433 820 recte
464 759 633 842 perfecero,
662 759 819 836 laetabor,
852 761 898 817 ein
922 769 1023 818 autem
1054 759 1191 832 sinistre,
1219 779 1277 818 non
1301 758 1395 814 mirum.

351 841 531 904 Coniectura
559 846 640 903 enirn
674 843 769 924 magis
809 863 900 924 quam
928 851 1009 901 certa
1041 844 1164 902 scientia
1201 841 1251 902 hic
1283 837 1398 898 utmdun

352 925 428 985 mihi
449 939 524 992 erat.

414 1009 483 1091 307.
498 1011 534 1070 B.
550 1007 677 1092 3.[532‚
714 1004 735 1088 .]
755 1001 996 1068 Κωνσταντίνου
1017 998 1137 1086 &donoc
1157 999 1276 1084 μνήμη.
1313 1003 1401 1062 Mono-

351 1092 429 1168 riae,
449 1091 585 1172 μνῆμαι,
607 1029 838 1172 appellabantur
859 1090 995 1152 solennes
1021 1109 1091 1148 oum
1116 1085 1402 1170 supplicationibuset

352 1177 453 1255 agapis
472 1195 526 1235 aen
548 1173 704 1235 silicerniis
725 1175 869 1254 appositis
892 1183 922 1233 et
946 1172 1114 1233 distributis
1134 1175 1214 1232 inter
1234 1175 1401 1252 paupereset

351 1256 432 1336 apud
451 1257 573 1339 tymboa
592 1270 760 1338 martyrum
790 1267 845 1341 alit
875 1258 907 1316 in
936 1254 1102 1337 porticibus
1132 1254 1320 1314 ecclesiarum
1349 1269 1401 1308 oon·

350 1341 455 1400 sumtis
479 1339 695 1401 celebrationes
715 1338 928 1401 emortualium
955 1350 1008 1400 aut
1029 1336 1174 1398 natalium
1196 1339 1298 1398 mortis
1315 1343 1403 1410 martr-

330 1424 418 1481 'rum
451 1434 504 1484 aut
531 1444 655 1484 auorum
686 1424 795 1504 cuique
822 1421 957 1482 affinium
983 1423 1140 1482 annuatim
1171 1422 1303 1480 iteratae.
1350 1414 1401 1474 lid·

350 1503 402 1562 Du
421 1504 523 1588 Gange
544 1517 674 1589 utroque
695 1504 795 1566 Gloss.
816 1505 847 1564 h.
868 1525 899 1564 v.
931 1515 961 1564 et
993 1507 1178 1565 Muratorius
1206 1505 1239 1562 in
1271 1497 1401 1564 Amcdotis

350 1587 475 1648 Graecis
495 1589 614 1651 dissert.
637 1589 675 1650 de
697 1588 809 1670 agapis
830 1599 980 1648 veterum.
1022 1587 1242 1668 Quumitaque
1262 1583 1402 1674 Conftanti·

262 1735 266 1746 ,
349 1691 408 1730 nus
431 1673 477 1730 Μ.
500 1672 549 1732 die
571 1693 622 1733 ao.
646 1675 720 1732 Maii
740 1673 869 1748 obierit,
901 1673 1074 1731 institutum
1096 1669 1152 1729 fuit
1173 1669 1213 1730 ab
1234 1667 1295 1726 eius
1312 1682 1401 1727 excesu

350 1751 404 1812 illo
425 1752 473 1814 die
494 1775 631 1816 annuum
651 1759 715 1816 eius
728 1755 891 1815 memoriae
904 1775 1021 1814 sacraun
1037 1753 1145 1813 festum
1161 1796 1170 1826 ‚
1191 1751 1325 1831 idemque
1336 1743 1400 1807 sinnl

351 1837 457 1895 matris
494 1837 627 1899 Helenae
655 1839 817 1898 memoriae
849 1837 1004 1913 dicatum3
1039 1834 1102 1895 vid.
1128 1833 1300 1910 lllenologia
1317 1833 1402 1891 Graeca

349 1919 388 1977 ad
411 1921 502 1979 istum
525 1921 616 1982 diem.
659 1921 731 2004 *[Ιιι
760 1920 862 1981 codice
884 1922 1000 1980 Graeco
1021 1916 1180 1978 Basileensi
1203 1917 1239 1976 N.
1254 1918 1301 1996 T„
1321 1917 1402 1991 ecnpto
1440 1945 1441 1998 p

348 2002 381 2061 in
402 2002 627 2066 usumalicuius
645 2002 797 2074 ecclesiae,
821 2003 943 2062 additur
961 2005 993 2062 in
1014 2003 1161 2082 margine:
1179 1993 1292 2078 εἰςτῆν
1308 1987 1401 2073 μνήμῃ
1440 2011 1441 2042 2

349 2083 409 2142 τοῦ
437 2082 680 2147 Kwroramiov
710 2087 764 2147 καί
787 2082 931 2166 Ἑλένης,
960 2105 1037 2166 quae
1064 2085 1125 2144 duo
1149 2093 1298 2164 postrema
1318 2079 1401 2138 senaa

349 2165 546 2226 Constantino
567 2179 598 2230 et
618 2167 733 2229 Helena
754 2170 889 2230 instituta
911 2169 1012 2245 fuisse,
1034 2187 1069 2227 ex
1084 2163 1282 2226 Ceremoniali
1295 2163 1402 2222 Consua

351 2249 405 2306 tini
426 2261 562 2329 apparet.
585 2253 734 2317 wetsten.
764 2251 938 2334 Prolegour.
964 2255 997 2311 in
1029 2249 1068 2310 N.
1093 2249 1132 2308 T.
1158 2271 1190 2330 p.
1215 2245 1288 2331 19]*
1325 2245 1402 2304 Sntn

348 2329 511 2393 Wetstenii
542 2354 582 2394 an
612 2335 728 2395 Leichii
757 2333 832 2394 haec
853 2333 966 2410 verba,
996 2353 1058 2394 non
1079 2333 1258 2412 expediam,
1280 2348 1360 2410 quun
1376 2321 1402 2380 ad

310 2464 312 2467 ,
348 2423 473 2473 manum
493 2437 554 2476 non
577 2419 638 2479 sint
653 2417 705 2479 illa
724 2417 951 2500 Prolegomena.
992 2413 1111 2477 Vellem
1132 2413 1246 2475 clarius
1264 2419 1293 2472 et'
1310 2407 1402 2470 uberius

351 2501 482 2578 exposita
527 2499 602 2561 mihi
623 2512 704 2562 certe
724 2521 787 2561 non
809 2501 931 2560 omn'no
953 2501 1067 2581 pervia.

428 2580 463 2638 B·
481 2545 511 2658 d
531 2581 620 2665 [532‚
637 2577 847 2667 7.]iyxalvtoe.·
865 2523 1034 2643 lledteatio.
1059 2582 1127 2642 Dixi
1141 2580 1182 2642 de
1196 2578 1288 2640 verbo
1300 2569 1402 2656 dyxatrl-

350 2662 416 2737 ζειν
431 2664 470 2724 ad
484 2685 517 2744 p.
534 2686 585 2748 27.
601 2667 635 2726 C.
654 2665 786 2744 Quando
799 2661 898 2726 autern
910 2666 1049 2726 encaenia
1067 2685 1128 2724 non
1143 2665 1272 2746 primam
1283 2673 1402 2742 quomque

348 2746 579 2821 dedicationem,
593 2751 646 2809 sed
661 2749 857 2810 dedicationis
866 2759 1039 2808 renovatam
1051 2751 1229 2808 memoriam
1241 2753 1328 2818 notat,
1345 2739 1402 2819 posi·

347 2839 414 2887 tum
428 2841 474 2890 est
493 2852 549 2910 pro
563 2827 740 2893 ἆνακαίνια.
762 2833 887 2913 Saepius
903 2829 1262 2900 celebrabantencaenia‚
1285 2845 1338 2886 non
1355 2833 1402 2880 tan·
1441 2897 1442 2914 Χ

347 2921 414 2970 tom
439 2912 562 2973 urbium
590 2927 644 2976 aut
670 2915 879 2991 ecclesiarum,
915 2913 968 2976 sed
990 2917 1081 2975 etiam
1101 2912 1250 2973 natalium
1270 2908 1402 2969 alienave
1441 2957 1442 2972 ,

347 2993 486 3072 dierum,
517 2998 628 3139 «tribus
652 3000 761 3081 cuique
781 2998 894 3059 laetum
924 2996 1039 3079 aliquid
1060 2997 1241 3080 contigisset.
1285 2991 1351 3052 Hinc
1366 3005 1402 3044 eu·
1441 2991 1442 3004 ³

345 3079 499 3154 naeniam,
550 3081 635 3141 ilaxia
658 3103 768 3162 agere,
798 3083 967 3160 encaenia,
996 3100 1142 3150 munera,
1177 3099 1255 3162 qnae
1280 3073 1403 3160 occasione

346 3159 415 3218 talis
436 3159 595 3224 hilaritatis
613 3165 653 3224 ad
674 3168 788 3226 amieos
809 3165 992 3238 mittuntnr3
1015 3166 1191 3223 encaeniare
1216 3161 1352 3244 ιιίίᾳιιεηι,
1369 3151 1403 3210 lu·

346 3241 451 3302 lariter
472 3243 603 3326 aliquem
626 3250 762 3330 excipere
793 3259 823 3308 et
854 3250 884 3307 in
912 3246 1001 3307 lautis
1022 3244 1156 3317 habere,
1180 3245 1220 3306 de
1240 3241 1339 3326 quibus
1356 3231 1401 3294 rid.

346 3326 397 3386 Du
418 3327 480 3386 Can
502 3347 518 3388 e
539 3328 571 3388 la.
587 3350 618 3390 v.

429 3347 506 3488 Bd·
523 3410 612 3494 [ore
628 3412 679 3492 8.]
689 3413 754 3474 eoin
774 3407 971 3492 ἱδρυθέντων
991 3407 1108 3488 τιμίων
1128 3405 1283 3490 σταυρῶν.
1303 3405 1402 3489 Crncen

345 3492 459 3574 ligere,
482 3495 651 3577 depangere
670 3500 702 3555 in
722 3495 825 3579 aliqua
847 3495 984 3574 ecclesia,
1009 3505 1055 3555 est
1079 3515 1146 3554 earn
1167 3493 1312 3562 dedicare,
1331 3481 1401 3578 cultu

345 3573 449 3635 divino
472 3590 573 3656 aptam
594 3577 765 3656 declarare,
797 3578 971 3641 celebrandi
1008 3578 1131 3638 veniam
1163 3577 1238 3638 dare
1265 3585 1293 3634 et
1311 3569 1401 3630 initum

343 3655 454 3718 facere.
474 3677 478 3684 ·
497 3661 606 3722 Flebat
627 3662 700 3722 haec
721 3665 819 3723 crucis
837 3658 911 3723 lirin
934 3659 1112 3742 plemmqne
1133 3659 1192 3721 sub
1206 3659 1285 3719 initia
1298 3659 1401 3715 structu·

344 3758 418 3813 rae,
441 3741 593 3804 interdum
615 3767 737 3828 qnoque
760 3748 833 3808 aede
848 3767 910 3805 ram
925 3743 1127 3805 exaedificata.
1171 3743 1243 3802 vid.
1264 3741 1310 3799 Du
1324 3734 1401 3805 satuti

344 3841 377 3880 v.
395 3823 619 3906 Cuccenxfigere
640 3839 670 3887 et
691 3821 939 3909 Σταυροπήγιον.
984 3824 1153 3886 Celebratio
1175 3828 1267 3906 igitur
1284 3815 1402 3880 natalium

327 3903 478 3986 fixarum
500 3912 628 3969 cremium
652 3913 686 3971 in
706 3913 812 3996 aliqua
832 3913 957 3972 ecelesia
979 3915 1059 3990 (nam
1080 3929 1143 3969 una
1166 3910 1298 3989 pluresve
1309 3917 1354 3984 ΡΝ
1368 3893 1402 3952 ll·

338 3985 412 4132 ἔξω.
428 3987 696 4086 depungebantur)
719 4005 765 4055 est
786 3996 867 4056 idem
890 4005 982 4076 atque
1004 3991 1167 4055 celebratio
1185 3989 1289 4052 natalis
1305 3980 1402 4046 dedica·

383 4091 430 4130 ms
448 4093 525 4133 erus.
1308 4095 1311 4100 ·

420 4153 457 4216 B.
472 4154 501 4216 5.
518 4154 602 4240 [532‚
615 4155 664 4242 8.]
686 4157 721 4220 ἐν
739 4159 785 4242 τῷ
798 4159 855 4246 reip
877 4159 1017 4245 nolanip
1038 4157 1096 4220 τοῦ
1116 4152 1227 4222 Bima·
1245 4155 1297 4216 ee
1314 4151 1341 4209 in
1357 4145 1399 4205 hot
