2975 4892
202 253 259 322 an
286 252 542 330 mamercus
576 256 650 322 un.
679 257 707 321 ι.
734 253 790 324 nn
819 251 1015 324 marnoa
1079 224 1163 316 535

91 415 181 500 possit
196 413 271 494 boo,
293 411 341 498 τῷ
359 413 461 474 tm·
498 413 656 479 commodo
682 433 746 476 non
820 415 893 495 poni
915 407 952 476 τὸ
986 411 1090 492 μέγα,
1111 415 1165 478 sed

91 491 249 576 τόπαχῦ,
271 495 407 577 adeoque
448 497 486 556 ici
506 497 645 559 debuisse
666 495 721 558 illo
739 499 793 580 qui
815 517 863 558 em
876 517 965 558 sensu
984 491 1164 578 παχὺζηλα.

90 569 146 642 ‘sed
163 580 268 640 eadem
285 576 446 640 difficultas
466 600 589 662 quoque
609 581 719 664 premit
729 579 861 679 positam
886 579 919 640 in
939 579 1047 640 Latina
1071 583 1165 643 versi-

90 683 143 724 one
159 665 447 745 interpretationem.
495 663 575 724 Nam
593 664 637 749 τῷ
657 664 782 746 μεγαλῳ
822 681 884 722 non
908 671 989 724 recte
1002 682 1042 760 oy
1083 665 1165 726 nitur

92 740 125 806 td
145 740 272 819 tantia,
292 744 345 806 sed
358 737 395 804 ω’
415 737 530 824 μικρὸν
558 743 607 808 vel
624 741 660 807 τό
678 739 798 827 βραχύ.
841 744 957 806 Votum
976 743 1024 806 fac
1046 765 1064 807 e
1085 744 1166 806 diffl-

93 825 183 890 cultas
206 828 281 890 baso
298 827 428 890 tollinu.
477 828 596 912 Vulgus
611 829 780 900 Graecum,
810 837 863 888 aut
886 829 987 910 potius
1003 829 1111 890 Graeci
1127 849 1166 890 n-

94 931 192 986 unes,
218 932 280 972 uon
302 913 446 993 exemptis
477 912 582 994 probis
604 910 695 973 huius
713 912 812 994 gentis
832 919 862 972 et
878 911 1009 992 antiquis
1032 909 1165 974 auctori-

92 992 164 1069 bus,
184 989 294 1066 λεπτὸς
312 1003 343 1055 et
356 987 462 1096 lapda
488 1006 520 1055 et
543 996 607 1074 βρα
639 989 668 1068 ’ς
687 1004 873 1076 permutant.
920 993 971 1054 Sic
993 993 1167 1078 Polyaenus

92 1096 122 1217 ξ.
135 1073 184 1155 45.
197 1076 429 1177 βραχυφωνιαν
437 1074 512 1138 dixit
530 1099 587 1160 pro
603 1016 795 1162 inponant
806 1099 815 1153 3
825 1076 1037 1138 Artemidorus
1042 1099 1082 1220 L
1099 1077 1167 1142 130.

114 1201 123 1218 .
153 1177 226 1230 roua
255 1152 386 1230 λεπτοὺς
416 1156 568 1242 dorium
596 1161 721 1242 opponit
742 1163 809 1231 τοῖς
827 1153 986 1240 μεγάλοις.
1026 1161 1040 1220 l
1079 1183 1110 1221 m
1132 1183 1164 1242 p.

91 1240 137 1302 62.
153 1261 177 1308 r.
200 1234 402 1318 λεπτοκάρυα
423 1240 517 1304 babet
536 1263 593 1326 pro
607 1245 727 1304 nnmm's
745 1243 875 1304 ›molbiu-
913 1242 1106 1324 Thucydides
1125 1244 1173 1312 ΙΙ.

95 1321 138 1384 83.
169 1323 230 1385 fine
248 1319 290 1384 td
308 1317 407 1385 λεπτὰ
426 1327 521 1386 πλοῖα
538 1329 604 1400 τοϊς
622 1319 771 1403 μεγάλοις
790 1327 925 1408 opponit.
938 1323 1067 1388 Gedren.
1085 1350 1118 1410 p.
1135 1348 1166 1394 a.

93 1407 185 1488 B.9.:
205 1403 227 1486 ἦ
249 1399 344 1485 λεπτὴ
363 1404 395 1467 Γ
392 1404 502 1480 ἔνοσις,
522 1431 626 1493 pamm
642 1407 775 1468 Genesis.
827 1405 921 1490 Apud
942 1408 993 1468 Du
1013 1407 1166 1492 Congium

94 1487 177 1550 babes
195 1491 230 1549 in
248 1486 300 1548 Gt.
324 1489 380 1548 Gr.
400 1510 434 1570 p.
454 1488 526 1569 804.
550 1486 783 1568 λεπτολάχανον
810 1511 865 1572 pro
884 1492 995 1552 urinuto
1018 1493 1165 1572 olmmlo,

94 1581 120 1631 et
137 1571 205 1632 abbi
229 1570 459 1650 λεπτογέτεσιν,
471 1594 604 1658 pomam
620 1573 772 1648 Gemrrh,
804 1571 916 1634 librum
932 1573 1054 1656 Apocry
1077 1576 1164 1636 burn.
1288 1617 1292 1628 ·

95 1653 163 1714 Sunt
184 1655 279 1738 igitur
299 1655 332 1714 iu
355 1652 415 1714 bon
431 1656 555 1736 quidem
577 1655 686 1716 ambae
699 1657 891 1716 coniecturae
910 1677 1009 1758 pares·
1096 1655 1167 1720 inde

95 1740 232 1820 ongitavi,
247 1746 385 1798 essentne
403 1733 443 1798 td
463 1732 663 1820 μεγαλόζηλα
678 1738 758 1800 idem
780 1747 870 1822 atque
885 1760 924 1798 ro
943 1733 1166 1820 μεγαλόγραμ-

95 1839 136 1902 μς
154 1819 303 1897 cedreni,
332 1820 419 1880 ouius
451 1820 602 1882 celebrem
628 1819 730 1881 locum
744 1843 776 1902 p.
789 1821 860 1903 793.
919 1819 972 1882 ulo
996 1832 1087 1902 post,
1109 1821 1167 1882 da·

95 1909 122 1960 ta
148 1903 329 1977 occasione,
351 1901 543 1965 tractandum
561 1903 719 1986 aliqrmnto
730 1901 822 1964 latius
839 1907 880 1964 mi
906 1904 914 1919 '
937 1923 1065 1964 sumam.
1088 1905 1168 1964 Sunt

95 1995 183 2048 autern
222 1979 266 2046 τὰ
288 1979 534 2067 μεγαλὸγραμμα
565 1986 644 2048 telae
673 2007 746 2048 cum
775 1986 941 2070 grandibus
966 1995 997 2047 et
1024 1985 1093 2048 latin
1112 1997 1167 2047 aut

96 2070 165 2165 striis
179 2078 241 2130 'aut
261 2066 400 2164 dortho,
430 2079 462 2130 et
485 2071 518 2130 iu
541 2072 718 2170 universum
738 2069 903 2170 exemplis:fl
924 2078 955 2130 et
976 2069 1019 2131 sio
1038 2067 1077 2130 de
1094 2068 1166 2129 reli-

95 2150 1167 2318 ttattffrtztlsstlttefflltldgluttit-²3:533&

95 2318 258 2397 qualitatem
283 2316 327 2377 rel
343 2317 474 2392 indicat,
523 2318 670 2378 colobium
704 2319 914 2400 megalozelum
937 2318 987 2380 vel
1006 2319 1168 2400 megalozt'-

96 2399 151 2459 lum
175 2420 250 2484 ergo
278 2399 359 2460 idem
386 2421 451 2462 esse
473 2411 564 2482 atque
584 2399 689 2480 alyn,
708 2411 740 2462 et
759 2401 803 2463 sio
825 2421 925 2484 porro.
965 2401 1054 2462 Patet
1076 2421 1111 2464 ex
1129 2398 1167 2460 d·

95 2474 233 2564 πὸζηλος,
260 2483 343 2564 quod
362 2483 443 2544 idem
462 2494 508 2544 est
524 2494 617 2564 atque
638 2476 809 2564 αὕόζηλος,
838 2495 870 2546 el
890 2484 949 2545 boc
969 2484 1048 2546 idem
1076 2495 1168 2566 atque

96 2562 226 2638 αὐαλέος.
251 2565 647 2648 Glossae'Graeoobar-barae
660 2566 742 2648 apud
758 2567 809 2626 Du
818 2566 987 2649 Congium:
1014 2561 1168 2644 adeling,

96 2643 276 2730 κατάξηρος,
312 2645 422 2729 ξηρὸς,
452 2645 674 2730 ξηραμμένος,
694 2641 861 2729 ἆπόζηλος.
910 2649 1018 2710 Graeci
1038 2651 1119 2710 enim
1146 2669 1167 2708 υ

95 2740 125 2789 ut
135 2731 155 2806 β
171 2743 201 2792 et
214 2731 368 2793 interdum
387 2742 423 2793 ut
440 2754 462 2791 n
474 2731 616 2792 efferunt.
639 2732 727 2793 Patet
745 2751 909 2814 quoqueex
928 2730 981 2791 illa
993 2741 1078 2809 nota,
1098 2751 1169 2814 pro-

96 2810 147 2889 ba,
167 2817 261 2876 veteri
294 2835 369 2874 voce
395 2811 615 2893 χαμαίζηλος,
648 2815 780 2893 bannilis,
814 2815 896 2878 idem
920 2814 1041 2875 valente
1078 2824 1169 2895 atque

96 2892 265 2974 χθαμαλός.
306 2896 417 2958 Similia
438 2908 483 2957 ent
499 2896 590 2957 etad
616 2897 803 2958 Graecorum
833 2901 928 2959 instar
947 2897 1169 2958 confictaLati·

97 2978 136 3038 nis
156 2981 246 3042 medii
266 2983 332 3040 aevi
352 3001 410 3042 vox
426 2978 559 3063 hybrida
588 2982 717 3041 imizilns
739 2977 785 3064 (v.
809 2981 859 3040 Du
889 2981 990 3062 Gange
1023 2979 1073 3039 Gl.
1098 2980 1168 3040 Lot.

96 3057 126 3119 lr.
147 3061 195 3142 a.)
215 3062 258 3124 ab
291 3065 367 3123 imin
387 3073 419 3124 et
434 3065 647 3124 terminatione
665 3065 776 3145 ζηλος,
809 3064 998 3124 brevissimae
1018 3083 1171 3122 ntensurae

97 3148 314 3207 autnibssrsimne
329 3148 443 3229 speciei.
486 3147 617 3206 Maxima
635 3146 738 3228 itaque
752 3155 986 3208 consentaneum
1003 3155 1057 3217 est,
1076 3165 1172 3227 quum

97 3223 220 3290 diversae
245 3229 306 3290 sint
331 3239 462 3290 daturae
486 3227 637 3305 homines,
666 3223 865 3309 μεγαλόζηλα
886 3250 950 3294 esse
963 3249 1080 3312 patmos
1104 3247 1171 3286 ma-

97 3328 179 3386 gnae,
212 3307 372 3391 μεσόζηλα
398 3311 532 3387 mediae,
554 3305 728 3391 λεπτόζηλα
748 3312 844 3372 breuis
863 3333 1026 3372 ntemurne.
1068 3309 1170 3370 Venio

98 3409 169 3453 nunc
190 3395 228 3454 ad
256 3394 344 3455 illum
374 3395 505 3456 Cedreni
525 3405 669 3456 vexatum
696 3416 716 3455 a
739 3392 886 3456 Salmasio
915 3394 1036 3466 losum,
1056 3393 1089 3450 in
1109 3412 1172 3474 quo

98 3470 227 3554 leguntur
253 3472 381 3538 ddnvloo
408 3469 677 3559 μεγαλόγραμμοι.
737 3477 837 3538 Locus
852 3478 904 3538 hie
934 3485 997 3537 est:
1028 3471 1173 3536 ἐκέλευσε

100 3552 233 3636 [Miebaiil
249 3558 452 3642 Stratiotious]
472 3555 530 3631 τὰς
551 3556 910 3642 τῶνπολιτῶνκεφαλὰς
927 3551 970 3638 μή
996 3549 1048 3618 drd
1060 3575 1174 3660 yonn-

100 3631 215 3720 μάτων,
237 3638 279 3714 ὥς
297 3641 366 3722 νῦν,
388 3635 470 3704 ἀλλὰ
490 3635 545 3702 dtd
566 3635 838 3721 μεγαλογράμμων
858 3639 893 3703 ἐκ
914 3637 1036 3718 deonoti
1055 3661 1075 3718 η
1097 3659 1173 3720 noo·

101 3719 196 3873 ζρας
225 3723 284 3808 [lta
306 3723 425 3808 legend.
444 3735 499 3786 aut
519 3736 601 3786 certe
630 3725 754 3803 βυσσοῦ
773 3723 943 3806 πορφυρᾶς
963 3723 995 3784 iu
1012 3719 1173 3806 adieetivo]

102 3819 115 3859 t
147 3805 314 3884 φασμένων
342 3807 526 3870 exinanitur.
579 3806 742 3868 Salmasius
778 3807 817 3867 ad
846 3805 910 3867 Sor.
938 3806 1017 3868 Hist.
1038 3807 1116 3888 Aug.
1132 3807 1173 3866 T.

103 3881 136 3942 ll·
155 3909 185 3968 p.
201 3889 273 3968 574.
291 3913 347 3972 pro
379 3886 574 3971 γραμμάτων
601 3889 659 3972 legi
697 3891 763 3950 vult
790 3881 982 3968 ῥαμμάτων,
1003 3899 1034 3951 et
1054 3910 1109 3973 pro
1119 3908 1174 3966 με·

104 3970 321 4052 γαλογράμμων
349 3967 674 4054 μαργελλορᾄμμων,
739 3973 799 4032 Sed
820 3972 929 4033 accidit
950 3971 993 4048 ei,
1014 3971 1096 4054 quod
1115 3971 1175 4032 illis

105 4049 190 4128 solet,
215 4057 269 4136 qui
286 4054 397 4117 differti
416 4055 582 4116 multarum
603 4077 706 4116 rerarm
730 4059 853 4117 seientia
875 4056 1075 4117 eruditionem
1090 4073 1176 4116 suam

106 4126 163 4194 luco
183 4158 246 4199 uon
262 4159 316 4201 suo
352 4135 530 4214 effundunt,
567 4149 599 4200 et
629 4139 754 4201 obiectis
786 4137 892 4214 eodem
917 4151 1052 4222 ternpore
1076 4137 1179 4200 multis
